<DATE>	<TIME>	<BID>	<ASK>	<LAST>	<VOLUME>	<FLAGS>
2024.12.23	00:00:05.886	0.93057	0.93057			6
2024.12.23	00:00:07.540	0.93061	0.93061			6
2024.12.23	00:00:44.799	0.93064	0.93064			6
2024.12.23	00:00:45.400	0.93075	0.93075			6
2024.12.23	00:04:00.934	0.93040	0.93040			6
2024.12.23	00:04:02.802	0.93041	0.93041			6
2024.12.23	00:04:09.771	0.93042	0.93042			6
2024.12.23	00:04:10.660	0.93041	0.93041			6
2024.12.23	00:04:10.963	0.93042	0.93042			6
2024.12.23	00:04:12.136	0.93043	0.93043			6
2024.12.23	00:04:14.317	0.93044	0.93044			6
2024.12.23	00:04:20.200	0.93046	0.93046			6
2024.12.23	00:04:25.671	0.93047	0.93047			6
2024.12.23	00:04:34.912	0.93046	0.93046			6
2024.12.23	00:04:37.670	0.93047	0.93047			6
2024.12.23	00:04:41.170	0.93048	0.93048			6
2024.12.23	00:04:45.935	0.93049	0.93049			6
2024.12.23	00:04:49.525	0.93050	0.93050			6
2024.12.23	00:04:58.464	0.93051	0.93051			6
2024.12.23	00:05:00.548	0.93053	0.93053			6
2024.12.23	00:05:01.061	0.93041	0.93041			6
2024.12.23	00:05:01.362	0.93050	0.93050			6
2024.12.23	00:05:01.617	0.93039	0.93039			6
2024.12.23	00:05:11.800	0.93068	0.93068			6
2024.12.23	00:05:13.025	0.93066	0.93066			6
2024.12.23	00:05:13.330	0.93067	0.93067			6
2024.12.23	00:05:13.854	0.93065	0.93065			6
2024.12.23	00:05:19.730	0.93066	0.93066			6
2024.12.23	00:05:30.047	0.93067	0.93067			6
2024.12.23	00:05:37.201	0.93045	0.93045			6
2024.12.23	00:05:38.317	0.93048	0.93048			6
2024.12.23	00:05:40.161	0.93047	0.93047			6
2024.12.23	00:05:42.627	0.93050	0.93050			6
2024.12.23	00:05:45.100	0.93056	0.93056			6
2024.12.23	00:05:46.798	0.93059	0.93059			6
2024.12.23	00:05:48.740	0.93062	0.93062			6
2024.12.23	00:05:50.030	0.93064	0.93064			6
2024.12.23	00:05:51.399	0.93067	0.93067			6
2024.12.23	00:05:54.473	0.93069	0.93069			6
2024.12.23	00:05:55.200	0.93072	0.93072			6
2024.12.23	00:05:58.387	0.93073	0.93073			6
2024.12.23	00:06:05.801	0.93062	0.93062			6
2024.12.23	00:06:07.483	0.93064	0.93064			6
2024.12.23	00:06:08.899	0.93067	0.93067			6
2024.12.23	00:06:14.336	0.93066	0.93066			6
2024.12.23	00:06:17.593	0.93067	0.93067			6
2024.12.23	00:06:19.669	0.93068	0.93068			6
2024.12.23	00:06:40.129	0.93069	0.93069			6
2024.12.23	00:07:00.184	0.93070	0.93070			6
2024.12.23	00:07:03.072	0.93072	0.93072			6
2024.12.23	00:07:07.171	0.93073	0.93073			6
2024.12.23	00:07:07.800	0.93071	0.93071			6
2024.12.23	00:07:15.624	0.93072	0.93072			6
2024.12.23	00:07:15.654	0.93071	0.93071			6
2024.12.23	00:07:21.482	0.93070	0.93070			6
2024.12.23	00:07:28.346	0.93068	0.93068			6
2024.12.23	00:07:38.831	0.93094	0.93094			6
2024.12.23	00:07:43.552	0.93095	0.93095			6
2024.12.23	00:07:46.872	0.93090	0.93090			6
2024.12.23	00:07:47.498	0.93103	0.93103			6
2024.12.23	00:07:48.899	0.93105	0.93105			6
2024.12.23	00:07:49.723	0.93100	0.93100			6
2024.12.23	00:07:51.334	0.93099	0.93099			6
2024.12.23	00:07:51.590	0.93098	0.93098			6
2024.12.23	00:07:51.829	0.93099	0.93099			6
2024.12.23	00:07:52.336	0.93091	0.93091			6
2024.12.23	00:07:52.590	0.93090	0.93090			6
2024.12.23	00:07:53.336	0.93089	0.93089			6
2024.12.23	00:07:53.830	0.93090	0.93090			6
2024.12.23	00:08:02.500	0.93089	0.93089			6
2024.12.23	00:08:05.194	0.93088	0.93088			6
2024.12.23	00:08:09.969	0.93089	0.93089			6
2024.12.23	00:08:11.799	0.93088	0.93088			6
2024.12.23	00:08:14.193	0.93089	0.93089			6
2024.12.23	00:08:17.051	0.93088	0.93088			6
2024.12.23	00:08:21.635	0.93089	0.93089			6
2024.12.23	00:08:24.693	0.93088	0.93088			6
2024.12.23	00:08:30.400	0.93089	0.93089			6
2024.12.23	00:08:33.369	0.93088	0.93088			6
2024.12.23	00:08:34.835	0.93089	0.93089			6
2024.12.23	00:08:36.962	0.93088	0.93088			6
2024.12.23	00:08:47.303	0.93096	0.93096			6
2024.12.23	00:08:55.000	0.93095	0.93095			6
2024.12.23	00:08:58.899	0.93096	0.93096			6
2024.12.23	00:08:59.814	0.93095	0.93095			6
2024.12.23	00:09:03.084	0.93096	0.93096			6
2024.12.23	00:09:04.598	0.93095	0.93095			6
2024.12.23	00:09:08.599	0.93101	0.93101			6
2024.12.23	00:09:12.207	0.93099	0.93099			6
2024.12.23	00:09:16.410	0.93100	0.93100			6
2024.12.23	00:09:20.554	0.93099	0.93099			6
2024.12.23	00:09:24.934	0.93100	0.93100			6
2024.12.23	00:09:24.994	0.93099	0.93099			6
2024.12.23	00:09:31.992	0.93097	0.93097			6
2024.12.23	00:09:32.796	0.93098	0.93098			6
2024.12.23	00:09:38.814	0.93097	0.93097			6
2024.12.23	00:09:39.068	0.93098	0.93098			6
2024.12.23	00:09:43.129	0.93097	0.93097			6
2024.12.23	00:09:46.499	0.93098	0.93098			6
2024.12.23	00:09:51.881	0.93099	0.93099			6
2024.12.23	00:09:58.769	0.93098	0.93098			6
2024.12.23	00:10:03.535	0.93097	0.93097			6
2024.12.23	00:10:09.969	0.93098	0.93098			6
2024.12.23	00:10:10.588	0.93097	0.93097			6
2024.12.23	00:10:22.470	0.93098	0.93098			6
2024.12.23	00:10:41.552	0.93097	0.93097			6
2024.12.23	00:10:46.245	0.93098	0.93098			6
2024.12.23	00:10:47.148	0.93099	0.93099			6
2024.12.23	00:10:52.998	0.93100	0.93100			6
2024.12.23	00:11:02.614	0.93104	0.93104			6
2024.12.23	00:11:05.844	0.93103	0.93103			6
2024.12.23	00:11:09.589	0.93104	0.93104			6
2024.12.23	00:11:12.632	0.93103	0.93103			6
2024.12.23	00:11:13.168	0.93098	0.93098			6
2024.12.23	00:11:21.611	0.93099	0.93099			6
2024.12.23	00:11:21.870	0.93098	0.93098			6
2024.12.23	00:11:23.182	0.93102	0.93102			6
2024.12.23	00:11:29.303	0.93103	0.93103			6
2024.12.23	00:11:32.733	0.93102	0.93102			6
2024.12.23	00:11:33.233	0.93098	0.93098			6
2024.12.23	00:11:39.680	0.93099	0.93099			6
2024.12.23	00:11:51.850	0.93103	0.93103			6
2024.12.23	00:11:57.533	0.93110	0.93110			6
2024.12.23	00:12:03.315	0.93099	0.93099			6
2024.12.23	00:12:03.375	0.93100	0.93100			6
2024.12.23	00:12:06.520	0.93103	0.93103			6
2024.12.23	00:12:09.398	0.93104	0.93104			6
2024.12.23	00:12:12.965	0.93105	0.93105			6
2024.12.23	00:12:13.451	0.93104	0.93104			6
2024.12.23	00:12:24.181	0.93100	0.93100			6
2024.12.23	00:12:25.180	0.93099	0.93099			6
2024.12.23	00:12:30.991	0.93100	0.93100			6
2024.12.23	00:12:33.023	0.93104	0.93104			6
2024.12.23	00:12:44.268	0.93099	0.93099			6
2024.12.23	00:12:47.464	0.93105	0.93105			6
2024.12.23	00:12:48.168	0.93104	0.93104			6
2024.12.23	00:12:48.528	0.93099	0.93099			6
2024.12.23	00:12:53.083	0.93102	0.93102			6
2024.12.23	00:12:54.065	0.93101	0.93101			6
2024.12.23	00:12:59.752	0.93099	0.93099			6
2024.12.23	00:12:59.811	0.93098	0.93098			6
2024.12.23	00:13:20.199	0.93100	0.93100			6
2024.12.23	00:13:44.299	0.93099	0.93099			6
2024.12.23	00:13:53.335	0.93100	0.93100			6
2024.12.23	00:14:33.463	0.93091	0.93091			6
2024.12.23	00:14:34.158	0.93100	0.93100			6
2024.12.23	00:14:34.187	0.93101	0.93101			6
2024.12.23	00:15:00.153	0.93102	0.93102			6
2024.12.23	00:15:00.327	0.93103	0.93103			6
2024.12.23	00:15:00.358	0.93104	0.93104			6
2024.12.23	00:15:00.594	0.93103	0.93103			6
2024.12.23	00:15:03.030	0.93102	0.93102			6
2024.12.23	00:15:03.330	0.93101	0.93101			6
2024.12.23	00:15:03.589	0.93097	0.93097			6
2024.12.23	00:15:03.868	0.93098	0.93098			6
2024.12.23	00:15:04.206	0.93086	0.93086			6
2024.12.23	00:15:04.233	0.93087	0.93087			6
2024.12.23	00:15:04.550	0.93092	0.93092			6
2024.12.23	00:15:04.855	0.93091	0.93091			6
2024.12.23	00:15:05.722	0.93090	0.93090			6
2024.12.23	00:15:10.089	0.93091	0.93091			6
2024.12.23	00:15:13.928	0.93089	0.93089			6
2024.12.23	00:15:16.551	0.93090	0.93090			6
2024.12.23	00:15:17.111	0.93091	0.93091			6
2024.12.23	00:15:20.998	0.93090	0.93090			6
2024.12.23	00:15:22.222	0.93089	0.93089			6
2024.12.23	00:15:24.177	0.93091	0.93091			6
2024.12.23	00:15:25.341	0.93090	0.93090			6
2024.12.23	00:15:25.968	0.93091	0.93091			6
2024.12.23	00:15:26.407	0.93090	0.93090			6
2024.12.23	00:15:28.459	0.93088	0.93088			6
2024.12.23	00:15:33.130	0.93087	0.93087			6
2024.12.23	00:15:33.997	0.93088	0.93088			6
2024.12.23	00:15:34.428	0.93087	0.93087			6
2024.12.23	00:15:34.807	0.93088	0.93088			6
2024.12.23	00:15:36.368	0.93087	0.93087			6
2024.12.23	00:15:38.520	0.93086	0.93086			6
2024.12.23	00:15:39.222	0.93085	0.93085			6
2024.12.23	00:15:40.662	0.93084	0.93084			6
2024.12.23	00:15:40.967	0.93086	0.93086			6
2024.12.23	00:15:51.399	0.93087	0.93087			6
2024.12.23	00:15:51.928	0.93088	0.93088			6
2024.12.23	00:15:56.164	0.93087	0.93087			6
2024.12.23	00:15:58.566	0.93086	0.93086			6
2024.12.23	00:16:00.193	0.93087	0.93087			6
2024.12.23	00:16:01.228	0.93086	0.93086			6
2024.12.23	00:16:01.849	0.93085	0.93085			6
2024.12.23	00:16:04.728	0.93095	0.93095			6
2024.12.23	00:16:05.698	0.93097	0.93097			6
2024.12.23	00:16:08.415	0.93092	0.93092			6
2024.12.23	00:16:08.698	0.93096	0.93096			6
2024.12.23	00:16:09.075	0.93097	0.93097			6
2024.12.23	00:16:12.634	0.93092	0.93092			6
2024.12.23	00:16:12.911	0.93090	0.93090			6
2024.12.23	00:16:15.061	0.93093	0.93093			6
2024.12.23	00:16:18.991	0.93096	0.93096			6
2024.12.23	00:16:20.427	0.93095	0.93095			6
2024.12.23	00:16:26.432	0.93094	0.93094			6
2024.12.23	00:16:29.158	0.93103	0.93103			6
2024.12.23	00:16:54.727	0.93104	0.93104			6
2024.12.23	00:16:58.597	0.93103	0.93103			6
2024.12.23	00:16:59.729	0.93100	0.93100			6
2024.12.23	00:17:02.829	0.93099	0.93099			6
2024.12.23	00:17:03.585	0.93098	0.93098			6
2024.12.23	00:17:03.963	0.93089	0.93089			6
2024.12.23	00:17:04.522	0.93088	0.93088			6
2024.12.23	00:17:04.766	0.93089	0.93089			6
2024.12.23	00:17:04.854	0.93090	0.93090			6
2024.12.23	00:17:06.145	0.93091	0.93091			6
2024.12.23	00:17:09.964	0.93090	0.93090			6
2024.12.23	00:17:11.112	0.93092	0.93092			6
2024.12.23	00:17:11.734	0.93091	0.93091			6
2024.12.23	00:17:13.227	0.93092	0.93092			6
2024.12.23	00:17:14.669	0.93090	0.93090			6
2024.12.23	00:17:18.188	0.93089	0.93089			6
2024.12.23	00:17:22.527	0.93090	0.93090			6
2024.12.23	00:17:24.014	0.93096	0.93096			6
2024.12.23	00:17:37.853	0.93102	0.93102			6
2024.12.23	00:17:55.897	0.93118	0.93118			6
2024.12.23	00:17:56.740	0.93116	0.93116			6
2024.12.23	00:18:11.080	0.93114	0.93114			6
2024.12.23	00:18:14.758	0.93111	0.93111			6
2024.12.23	00:18:19.011	0.93112	0.93112			6
2024.12.23	00:18:19.769	0.93111	0.93111			6
2024.12.23	00:18:22.057	0.93112	0.93112			6
2024.12.23	00:18:23.768	0.93111	0.93111			6
2024.12.23	00:18:33.045	0.93112	0.93112			6
2024.12.23	00:18:36.115	0.93110	0.93110			6
2024.12.23	00:18:49.428	0.93111	0.93111			6
2024.12.23	00:18:58.298	0.93113	0.93113			6
2024.12.23	00:19:00.027	0.93111	0.93111			6
2024.12.23	00:19:00.997	0.93112	0.93112			6
2024.12.23	00:19:01.656	0.93114	0.93114			6
2024.12.23	00:19:02.079	0.93116	0.93116			6
2024.12.23	00:19:03.324	0.93115	0.93115			6
2024.12.23	00:19:04.328	0.93092	0.93092			6
2024.12.23	00:19:04.807	0.93094	0.93094			6
2024.12.23	00:19:05.429	0.93092	0.93092			6
2024.12.23	00:19:05.488	0.93090	0.93090			6
2024.12.23	00:19:05.767	0.93086	0.93086			6
2024.12.23	00:19:07.268	0.93089	0.93089			6
2024.12.23	00:20:29.743	0.93104	0.93104			6
2024.12.23	00:20:36.033	0.93102	0.93102			6
2024.12.23	00:20:42.440	0.93088	0.93088			6
2024.12.23	00:21:19.162	0.93088				2
2024.12.23	00:22:35.285	0.93088	0.93088			6
2024.12.23	00:23:19.584	0.93087	0.93087			6
2024.12.23	00:23:24.551	0.93097	0.93097			6
2024.12.23	00:23:35.727	0.93094	0.93094			6
2024.12.23	00:23:35.925	0.93095	0.93095			6
2024.12.23	00:23:36.077	0.93105	0.93105			6
2024.12.23	00:23:36.226	0.93112	0.93112			6
2024.12.23	00:23:36.923	0.93110	0.93110			6
2024.12.23	00:23:36.983	0.93112	0.93112			6
2024.12.23	00:23:37.306	0.93118	0.93118			6
2024.12.23	00:23:37.336	0.93123	0.93123			6
2024.12.23	00:23:37.456	0.93131	0.93131			6
2024.12.23	00:23:38.062	0.93127	0.93127			6
2024.12.23	00:23:38.093	0.93120	0.93120			6
2024.12.23	00:23:38.406	0.93123	0.93123			6
2024.12.23	00:23:43.814	0.93124	0.93124			6
2024.12.23	00:23:44.664	0.93123	0.93123			6
2024.12.23	00:23:46.507	0.93124	0.93124			6
2024.12.23	00:23:50.128	0.93123	0.93123			6
2024.12.23	00:23:59.462	0.93122	0.93122			6
2024.12.23	00:24:01.266	0.93118	0.93118			6
2024.12.23	00:24:05.296	0.93119	0.93119			6
2024.12.23	00:24:07.826	0.93130	0.93130			6
2024.12.23	00:24:08.408	0.93131	0.93131			6
2024.12.23	00:24:11.523	0.93129	0.93129			6
2024.12.23	00:24:14.296	0.93143	0.93143			6
2024.12.23	00:24:18.502	0.93144	0.93144			6
2024.12.23	00:24:21.034	0.93143	0.93143			6
2024.12.23	00:24:25.054	0.93142	0.93142			6
2024.12.23	00:24:25.768	0.93143	0.93143			6
2024.12.23	00:24:26.012	0.93139	0.93139			6
2024.12.23	00:24:26.410	0.93130	0.93130			6
2024.12.23	00:24:27.080	0.93131	0.93131			6
2024.12.23	00:24:27.147	0.93134	0.93134			6
2024.12.23	00:24:34.825	0.93139	0.93139			6
2024.12.23	00:24:35.305	0.93135	0.93135			6
2024.12.23	00:24:53.046	0.93139	0.93139			6
2024.12.23	00:24:53.704	0.93133	0.93133			6
2024.12.23	00:25:01.815	0.93140	0.93140			6
2024.12.23	00:25:04.282	0.93135	0.93135			6
2024.12.23	00:25:07.399	0.93132	0.93132			6
2024.12.23	00:25:14.744	0.93133	0.93133			6
2024.12.23	00:25:15.496	0.93120	0.93120			6
2024.12.23	00:25:15.525	0.93119	0.93119			6
2024.12.23	00:25:15.585	0.93130	0.93130			6
2024.12.23	00:25:15.913	0.93134	0.93134			6
2024.12.23	00:25:16.499	0.93135	0.93135			6
2024.12.23	00:25:16.531	0.93136	0.93136			6
2024.12.23	00:25:16.902	0.93137	0.93137			6
2024.12.23	00:25:26.161	0.93138	0.93138			6
2024.12.23	00:25:32.504	0.93135	0.93135			6
2024.12.23	00:25:40.264	0.93136	0.93136			6
2024.12.23	00:25:46.526	0.93139	0.93139			6
2024.12.23	00:25:53.683	0.93136	0.93136			6
2024.12.23	00:25:55.973	0.93139	0.93139			6
2024.12.23	00:25:56.757	0.93137	0.93137			6
2024.12.23	00:26:08.484	0.93138	0.93138			6
2024.12.23	00:26:29.807	0.93140	0.93140			6
2024.12.23	00:26:53.738	0.93138	0.93138			6
2024.12.23	00:27:16.643	0.93139	0.93139			6
2024.12.23	00:27:20.613	0.93138	0.93138			6
2024.12.23	00:27:39.565	0.93140	0.93140			6
2024.12.23	00:27:50.461	0.93139	0.93139			6
2024.12.23	00:28:11.600	0.93139				2
2024.12.23	00:28:18.118	0.93138	0.93138			6
2024.12.23	00:28:24.954	0.93137	0.93137			6
2024.12.23	00:28:26.566	0.93139	0.93139			6
2024.12.23	00:28:39.174	0.93131	0.93131			6
2024.12.23	00:28:39.233	0.93134	0.93134			6
2024.12.23	00:28:39.443	0.93143	0.93143			6
2024.12.23	00:28:40.624	0.93140	0.93140			6
2024.12.23	00:28:40.701	0.93129	0.93129			6
2024.12.23	00:28:40.731	0.93139	0.93139			6
2024.12.23	00:28:40.792	0.93143	0.93143			6
2024.12.23	00:28:41.492	0.93144	0.93144			6
2024.12.23	00:28:41.794	0.93146	0.93146			6
2024.12.23	00:28:56.764	0.93145	0.93145			6
2024.12.23	00:28:59.480	0.93147	0.93147			6
2024.12.23	00:29:12.836	0.93148	0.93148			6
2024.12.23	00:29:12.865	0.93144	0.93144			6
2024.12.23	00:29:13.874	0.93143	0.93143			6
2024.12.23	00:29:26.635	0.93147	0.93147			6
2024.12.23	00:29:33.101	0.93148	0.93148			6
2024.12.23	00:29:33.496	0.93143	0.93143			6
2024.12.23	00:30:00.103	0.93142	0.93142			6
2024.12.23	00:30:00.132	0.93144	0.93144			6
2024.12.23	00:30:03.795	0.93145	0.93145			6
2024.12.23	00:30:04.103	0.93148	0.93148			6
2024.12.23	00:30:04.283	0.93153	0.93153			6
2024.12.23	00:30:04.516	0.93155	0.93155			6
2024.12.23	00:30:04.580	0.93156	0.93156			6
2024.12.23	00:30:04.896	0.93157	0.93157			6
2024.12.23	00:30:05.676	0.93154	0.93154			6
2024.12.23	00:30:06.665	0.93157	0.93157			6
2024.12.23	00:30:11.481	0.93158	0.93158			6
2024.12.23	00:30:12.765	0.93159	0.93159			6
2024.12.23	00:30:13.255	0.93155	0.93155			6
2024.12.23	00:30:13.285	0.93154	0.93154			6
2024.12.23	00:30:13.829	0.93155	0.93155			6
2024.12.23	00:30:17.148	0.93157	0.93157			6
2024.12.23	00:30:18.347	0.93155	0.93155			6
2024.12.23	00:30:19.592	0.93153	0.93153			6
2024.12.23	00:30:19.622	0.93151	0.93151			6
2024.12.23	00:30:20.296	0.93152	0.93152			6
2024.12.23	00:30:20.415	0.93153	0.93153			6
2024.12.23	00:30:21.642	0.93154	0.93154			6
2024.12.23	00:30:27.087	0.93152	0.93152			6
2024.12.23	00:30:28.264	0.93150	0.93150			6
2024.12.23	00:30:39.265	0.93129	0.93129			6
2024.12.23	00:30:40.177	0.93128	0.93128			6
2024.12.23	00:30:41.694	0.93129	0.93129			6
2024.12.23	00:30:46.266	0.93130	0.93130			6
2024.12.23	00:30:47.149	0.93135	0.93135			6
2024.12.23	00:30:55.019	0.93136	0.93136			6
2024.12.23	00:30:56.196	0.93145	0.93145			6
2024.12.23	00:31:47.402	0.93163	0.93163			6
2024.12.23	00:31:48.434	0.93168	0.93168			6
2024.12.23	00:31:51.295	0.93173	0.93173			6
2024.12.23	00:31:51.385	0.93182	0.93182			6
2024.12.23	00:31:51.415	0.93193	0.93193			6
2024.12.23	00:31:51.447	0.93182	0.93182			6
2024.12.23	00:31:52.528	0.93187	0.93187			6
2024.12.23	00:31:52.863	0.93193	0.93193			6
2024.12.23	00:32:03.311	0.93190	0.93190			6
2024.12.23	00:32:15.377	0.93189	0.93189			6
2024.12.23	00:32:18.129	0.93190	0.93190			6
2024.12.23	00:32:19.846	0.93189	0.93189			6
2024.12.23	00:32:20.011	0.93183	0.93183			6
2024.12.23	00:32:20.705	0.93189	0.93189			6
2024.12.23	00:32:22.518	0.93188	0.93188			6
2024.12.23	00:32:23.184	0.93183	0.93183			6
2024.12.23	00:32:23.450	0.93184	0.93184			6
2024.12.23	00:32:23.846	0.93182	0.93182			6
2024.12.23	00:32:26.263	0.93184	0.93184			6
2024.12.23	00:32:26.833	0.93221	0.93221			6
2024.12.23	00:32:27.074	0.93218	0.93218			6
2024.12.23	00:32:27.104	0.93219	0.93219			6
2024.12.23	00:32:27.194	0.93217	0.93217			6
2024.12.23	00:32:27.225	0.93209	0.93209			6
2024.12.23	00:32:27.366	0.93208	0.93208			6
2024.12.23	00:32:27.547	0.93219	0.93219			6
2024.12.23	00:32:29.405	0.93223	0.93223			6
2024.12.23	00:32:29.787	0.93221	0.93221			6
2024.12.23	00:32:38.102	0.93215	0.93215			6
2024.12.23	00:32:41.146	0.93216	0.93216			6
2024.12.23	00:32:41.907	0.93215	0.93215			6
2024.12.23	00:32:44.213	0.93209	0.93209			6
2024.12.23	00:32:45.012	0.93208	0.93208			6
2024.12.23	00:32:47.129	0.93209	0.93209			6
2024.12.23	00:32:49.075	0.93208	0.93208			6
2024.12.23	00:32:52.203	0.93209	0.93209			6
2024.12.23	00:32:52.972	0.93208	0.93208			6
2024.12.23	00:32:55.248	0.93215	0.93215			6
2024.12.23	00:32:55.547	0.93214	0.93214			6
2024.12.23	00:32:56.009	0.93217	0.93217			6
2024.12.23	00:32:59.159	0.93215	0.93215			6
2024.12.23	00:33:00.156	0.93213	0.93213			6
2024.12.23	00:33:00.661	0.93214	0.93214			6
2024.12.23	00:33:02.319	0.93149	0.93149			6
2024.12.23	00:33:02.382	0.93140	0.93140			6
2024.12.23	00:33:04.763	0.93142	0.93142			6
2024.12.23	00:33:06.099	0.93143	0.93143			6
2024.12.23	00:33:08.046	0.93144	0.93144			6
2024.12.23	00:33:09.264	0.93139	0.93139			6
2024.12.23	00:33:11.770	0.93138	0.93138			6
2024.12.23	00:33:12.118	0.93139	0.93139			6
2024.12.23	00:33:12.725	0.93143	0.93143			6
2024.12.23	00:33:13.268	0.93144	0.93144			6
2024.12.23	00:33:17.164	0.93143	0.93143			6
2024.12.23	00:33:17.836	0.93144	0.93144			6
2024.12.23	00:33:17.866	0.93145	0.93145			6
2024.12.23	00:33:21.205	0.93146	0.93146			6
2024.12.23	00:33:21.654	0.93147	0.93147			6
2024.12.23	00:33:24.564	0.93148	0.93148			6
2024.12.23	00:33:25.583	0.93147	0.93147			6
2024.12.23	00:33:27.207	0.93148	0.93148			6
2024.12.23	00:33:28.564	0.93147	0.93147			6
2024.12.23	00:33:35.650	0.93144	0.93144			6
2024.12.23	00:33:46.232	0.93143	0.93143			6
2024.12.23	00:33:48.363	0.93144	0.93144			6
2024.12.23	00:33:53.365	0.93146	0.93146			6
2024.12.23	00:33:54.054	0.93145	0.93145			6
2024.12.23	00:33:57.289	0.93144	0.93144			6
2024.12.23	00:33:58.810	0.93153	0.93153			6
2024.12.23	00:34:01.264	0.93152	0.93152			6
2024.12.23	00:34:09.364	0.93144	0.93144			6
2024.12.23	00:34:10.608	0.93145	0.93145			6
2024.12.23	00:34:11.834	0.93144	0.93144			6
2024.12.23	00:34:12.798	0.93145	0.93145			6
2024.12.23	00:34:14.143	0.93143	0.93143			6
2024.12.23	00:34:14.263	0.93142	0.93142			6
2024.12.23	00:34:14.807	0.93141	0.93141			6
2024.12.23	00:34:15.122	0.93142	0.93142			6
2024.12.23	00:34:19.702	0.93145	0.93145			6
2024.12.23	00:34:19.940	0.93146	0.93146			6
2024.12.23	00:34:23.951	0.93144	0.93144			6
2024.12.23	00:34:25.878	0.93148	0.93148			6
2024.12.23	00:34:36.093	0.93171	0.93171			6
2024.12.23	00:34:37.106	0.93172	0.93172			6
2024.12.23	00:34:42.035	0.93173	0.93173			6
2024.12.23	00:34:50.651	0.93171	0.93171			6
2024.12.23	00:34:51.060	0.93170	0.93170			6
2024.12.23	00:34:58.407	0.93179	0.93179			6
2024.12.23	00:35:11.591	0.93180	0.93180			6
2024.12.23	00:35:12.467	0.93181	0.93181			6
2024.12.23	00:35:12.555	0.93182	0.93182			6
2024.12.23	00:35:12.765	0.93183	0.93183			6
2024.12.23	00:35:13.189	0.93181	0.93181			6
2024.12.23	00:35:14.711	0.93180	0.93180			6
2024.12.23	00:35:26.675	0.93183	0.93183			6
2024.12.23	00:35:27.988	0.93184	0.93184			6
2024.12.23	00:35:35.414	0.93183	0.93183			6
2024.12.23	00:35:38.493	0.93182	0.93182			6
2024.12.23	00:35:45.887	0.93180	0.93180			6
2024.12.23	00:35:47.297	0.93179	0.93179			6
2024.12.23	00:35:47.357	0.93183	0.93183			6
2024.12.23	00:35:58.175	0.93186	0.93186			6
2024.12.23	00:35:58.264	0.93184	0.93184			6
2024.12.23	00:36:02.145	0.93183	0.93183			6
2024.12.23	00:36:06.834	0.93185	0.93185			6
2024.12.23	00:36:07.276	0.93186	0.93186			6
2024.12.23	00:36:09.746	0.93187	0.93187			6
2024.12.23	00:36:13.139	0.93185	0.93185			6
2024.12.23	00:36:13.889	0.93188	0.93188			6
2024.12.23	00:36:15.833	0.93185	0.93185			6
2024.12.23	00:36:16.523	0.93187	0.93187			6
2024.12.23	00:36:18.083	0.93184	0.93184			6
2024.12.23	00:36:19.764	0.93183	0.93183			6
2024.12.23	00:36:41.189	0.93182	0.93182			6
2024.12.23	00:36:41.463	0.93183	0.93183			6
2024.12.23	00:36:41.741	0.93184	0.93184			6
2024.12.23	00:36:47.762	0.93185	0.93185			6
2024.12.23	00:36:54.611	0.93183	0.93183			6
2024.12.23	00:37:05.463	0.93182	0.93182			6
2024.12.23	00:37:28.259	0.93181	0.93181			6
2024.12.23	00:37:31.393	0.93185	0.93185			6
2024.12.23	00:37:31.455	0.93186	0.93186			6
2024.12.23	00:37:35.954	0.93184	0.93184			6
2024.12.23	00:37:41.862	0.93185	0.93185			6
2024.12.23	00:37:42.516	0.93186	0.93186			6
2024.12.23	00:37:42.963	0.93184	0.93184			6
2024.12.23	00:37:49.368	0.93175	0.93175			6
2024.12.23	00:37:49.489	0.93180	0.93180			6
2024.12.23	00:37:49.991	0.93175	0.93175			6
2024.12.23	00:37:50.022	0.93182	0.93182			6
2024.12.23	00:37:50.527	0.93183	0.93183			6
2024.12.23	00:37:50.586	0.93175	0.93175			6
2024.12.23	00:37:50.718	0.93182	0.93182			6
2024.12.23	00:37:51.275	0.93174	0.93174			6
2024.12.23	00:37:51.323	0.93177	0.93177			6
2024.12.23	00:37:51.695	0.93179	0.93179			6
2024.12.23	00:37:53.138	0.93178	0.93178			6
2024.12.23	00:37:53.199	0.93181	0.93181			6
2024.12.23	00:37:53.555	0.93184	0.93184			6
2024.12.23	00:37:53.617	0.93181	0.93181			6
2024.12.23	00:37:53.795	0.93180	0.93180			6
2024.12.23	00:38:01.798	0.93181	0.93181			6
2024.12.23	00:38:02.244	0.93176	0.93176			6
2024.12.23	00:38:02.275	0.93175	0.93175			6
2024.12.23	00:38:02.336	0.93176	0.93176			6
2024.12.23	00:38:02.906	0.93178	0.93178			6
2024.12.23	00:38:03.989	0.93179	0.93179			6
2024.12.23	00:38:05.415	0.93187	0.93187			6
2024.12.23	00:38:05.565	0.93188	0.93188			6
2024.12.23	00:38:07.375	0.93190	0.93190			6
2024.12.23	00:38:07.747	0.93181	0.93181			6
2024.12.23	00:38:07.835	0.93188	0.93188			6
2024.12.23	00:38:10.252	0.93189	0.93189			6
2024.12.23	00:38:12.827	0.93187	0.93187			6
2024.12.23	00:38:12.887	0.93190	0.93190			6
2024.12.23	00:38:13.807	0.93188	0.93188			6
2024.12.23	00:38:14.248	0.93179	0.93179			6
2024.12.23	00:38:14.278	0.93188	0.93188			6
2024.12.23	00:38:14.337	0.93187	0.93187			6
2024.12.23	00:38:14.397	0.93181	0.93181			6
2024.12.23	00:38:14.744	0.93183	0.93183			6
2024.12.23	00:38:14.895	0.93172	0.93172			6
2024.12.23	00:38:15.016	0.93180	0.93180			6
2024.12.23	00:38:15.197	0.93177	0.93177			6
2024.12.23	00:38:15.461	0.93169	0.93169			6
2024.12.23	00:38:15.491	0.93170	0.93170			6
2024.12.23	00:38:16.115	0.93180	0.93180			6
2024.12.23	00:38:16.145	0.93179	0.93179			6
2024.12.23	00:38:16.876	0.93169	0.93169			6
2024.12.23	00:38:16.905	0.93162	0.93162			6
2024.12.23	00:38:16.965	0.93172	0.93172			6
2024.12.23	00:38:18.723	0.93169	0.93169			6
2024.12.23	00:38:18.784	0.93167	0.93167			6
2024.12.23	00:38:18.844	0.93170	0.93170			6
2024.12.23	00:38:18.873	0.93164	0.93164			6
2024.12.23	00:38:19.344	0.93167	0.93167			6
2024.12.23	00:38:19.374	0.93169	0.93169			6
2024.12.23	00:38:19.435	0.93170	0.93170			6
2024.12.23	00:38:19.594	0.93173	0.93173			6
2024.12.23	00:38:19.806	0.93179	0.93179			6
2024.12.23	00:38:20.091	0.93178	0.93178			6
2024.12.23	00:38:20.152	0.93179	0.93179			6
2024.12.23	00:38:20.244	0.93170	0.93170			6
2024.12.23	00:38:20.522	0.93181	0.93181			6
2024.12.23	00:38:20.552	0.93182	0.93182			6
2024.12.23	00:38:22.223	0.93169	0.93169			6
2024.12.23	00:38:22.283	0.93177	0.93177			6
2024.12.23	00:38:22.346	0.93178	0.93178			6
2024.12.23	00:38:22.407	0.93177	0.93177			6
2024.12.23	00:38:22.814	0.93176	0.93176			6
2024.12.23	00:38:23.070	0.93174	0.93174			6
2024.12.23	00:38:23.130	0.93177	0.93177			6
2024.12.23	00:38:23.160	0.93181	0.93181			6
2024.12.23	00:38:23.370	0.93183	0.93183			6
2024.12.23	00:38:23.671	0.93174	0.93174			6
2024.12.23	00:38:23.760	0.93181	0.93181			6
2024.12.23	00:38:23.820	0.93183	0.93183			6
2024.12.23	00:38:24.162	0.93194	0.93194			6
2024.12.23	00:38:24.192	0.93193	0.93193			6
2024.12.23	00:38:24.284	0.93182	0.93182			6
2024.12.23	00:38:24.579	0.93181	0.93181			6
2024.12.23	00:38:24.700	0.93180	0.93180			6
2024.12.23	00:38:24.926	0.93179	0.93179			6
2024.12.23	00:38:25.047	0.93176	0.93176			6
2024.12.23	00:38:25.196	0.93177	0.93177			6
2024.12.23	00:38:25.898	0.93178	0.93178			6
2024.12.23	00:38:26.095	0.93175	0.93175			6
2024.12.23	00:38:26.155	0.93176	0.93176			6
2024.12.23	00:38:26.184	0.93169	0.93169			6
2024.12.23	00:38:26.397	0.93170	0.93170			6
2024.12.23	00:38:26.490	0.93159	0.93159			6
2024.12.23	00:38:26.547	0.93166	0.93166			6
2024.12.23	00:38:27.101	0.93165	0.93165			6
2024.12.23	00:38:28.965	0.93176	0.93176			6
2024.12.23	00:38:29.085	0.93164	0.93164			6
2024.12.23	00:38:29.362	0.93165	0.93165			6
2024.12.23	00:38:29.422	0.93167	0.93167			6
2024.12.23	00:38:30.426	0.93165	0.93165			6
2024.12.23	00:38:31.443	0.93166	0.93166			6
2024.12.23	00:38:33.455	0.93165	0.93165			6
2024.12.23	00:38:33.961	0.93151	0.93151			6
2024.12.23	00:38:34.052	0.93163	0.93163			6
2024.12.23	00:38:35.314	0.93170	0.93170			6
2024.12.23	00:38:35.588	0.93163	0.93163			6
2024.12.23	00:38:35.676	0.93164	0.93164			6
2024.12.23	00:38:35.797	0.93159	0.93159			6
2024.12.23	00:38:35.828	0.93168	0.93168			6
2024.12.23	00:38:35.887	0.93171	0.93171			6
2024.12.23	00:38:35.981	0.93177	0.93177			6
2024.12.23	00:38:36.324	0.93184	0.93184			6
2024.12.23	00:38:36.384	0.93185	0.93185			6
2024.12.23	00:38:36.444	0.93182	0.93182			6
2024.12.23	00:38:36.733	0.93170	0.93170			6
2024.12.23	00:38:36.795	0.93156	0.93156			6
2024.12.23	00:38:36.854	0.93164	0.93164			6
2024.12.23	00:38:37.200	0.93168	0.93168			6
2024.12.23	00:38:38.356	0.93167	0.93167			6
2024.12.23	00:38:38.609	0.93166	0.93166			6
2024.12.23	00:38:38.668	0.93170	0.93170			6
2024.12.23	00:38:40.113	0.93179	0.93179			6
2024.12.23	00:38:40.494	0.93171	0.93171			6
2024.12.23	00:38:40.522	0.93165	0.93165			6
2024.12.23	00:38:40.582	0.93174	0.93174			6
2024.12.23	00:38:41.073	0.93177	0.93177			6
2024.12.23	00:38:41.135	0.93178	0.93178			6
2024.12.23	00:38:48.977	0.93177	0.93177			6
2024.12.23	00:38:49.007	0.93186	0.93186			6
2024.12.23	00:38:49.068	0.93188	0.93188			6
2024.12.23	00:38:49.129	0.93183	0.93183			6
2024.12.23	00:38:49.158	0.93180	0.93180			6
2024.12.23	00:38:49.188	0.93183	0.93183			6
2024.12.23	00:38:49.279	0.93174	0.93174			6
2024.12.23	00:38:49.338	0.93181	0.93181			6
2024.12.23	00:38:49.977	0.93172	0.93172			6
2024.12.23	00:38:53.307	0.93167	0.93167			6
2024.12.23	00:38:53.368	0.93163	0.93163			6
2024.12.23	00:38:53.397	0.93172	0.93172			6
2024.12.23	00:38:53.653	0.93173	0.93173			6
2024.12.23	00:38:54.376	0.93172	0.93172			6
2024.12.23	00:38:54.406	0.93173	0.93173			6
2024.12.23	00:38:54.465	0.93170	0.93170			6
2024.12.23	00:38:54.526	0.93169	0.93169			6
2024.12.23	00:38:54.587	0.93167	0.93167			6
2024.12.23	00:38:54.677	0.93172	0.93172			6
2024.12.23	00:38:55.139	0.93170	0.93170			6
2024.12.23	00:38:55.200	0.93168	0.93168			6
2024.12.23	00:38:55.230	0.93170	0.93170			6
2024.12.23	00:38:55.290	0.93176	0.93176			6
2024.12.23	00:38:55.319	0.93179	0.93179			6
2024.12.23	00:38:55.379	0.93180	0.93180			6
2024.12.23	00:38:55.782	0.93172	0.93172			6
2024.12.23	00:38:56.323	0.93169	0.93169			6
2024.12.23	00:38:58.723	0.93168	0.93168			6
2024.12.23	00:38:58.752	0.93171	0.93171			6
2024.12.23	00:38:58.875	0.93170	0.93170			6
2024.12.23	00:38:58.906	0.93172	0.93172			6
2024.12.23	00:38:58.965	0.93167	0.93167			6
2024.12.23	00:38:59.026	0.93165	0.93165			6
2024.12.23	00:39:00.293	0.93171	0.93171			6
2024.12.23	00:39:00.742	0.93170	0.93170			6
2024.12.23	00:39:00.834	0.93168	0.93168			6
2024.12.23	00:39:00.922	0.93167	0.93167			6
2024.12.23	00:39:01.043	0.93173	0.93173			6
2024.12.23	00:39:01.073	0.93177	0.93177			6
2024.12.23	00:39:01.345	0.93174	0.93174			6
2024.12.23	00:39:01.375	0.93176	0.93176			6
2024.12.23	00:39:01.466	0.93177	0.93177			6
2024.12.23	00:39:01.495	0.93176	0.93176			6
2024.12.23	00:39:01.555	0.93175	0.93175			6
2024.12.23	00:39:01.585	0.93168	0.93168			6
2024.12.23	00:39:01.735	0.93169	0.93169			6
2024.12.23	00:39:01.797	0.93167	0.93167			6
2024.12.23	00:39:01.887	0.93171	0.93171			6
2024.12.23	00:39:01.948	0.93172	0.93172			6
2024.12.23	00:39:02.010	0.93171	0.93171			6
2024.12.23	00:39:02.460	0.93169	0.93169			6
2024.12.23	00:39:06.228	0.93170	0.93170			6
2024.12.23	00:39:06.633	0.93180	0.93180			6
2024.12.23	00:39:09.309	0.93147	0.93147			6
2024.12.23	00:39:09.429	0.93145	0.93145			6
2024.12.23	00:39:09.670	0.93151	0.93151			6
2024.12.23	00:39:09.733	0.93161	0.93161			6
2024.12.23	00:39:09.943	0.93158	0.93158			6
2024.12.23	00:39:10.092	0.93162	0.93162			6
2024.12.23	00:39:10.242	0.93168	0.93168			6
2024.12.23	00:39:10.583	0.93178	0.93178			6
2024.12.23	00:39:10.974	0.93173	0.93173			6
2024.12.23	00:39:11.425	0.93174	0.93174			6
2024.12.23	00:39:11.484	0.93173	0.93173			6
2024.12.23	00:39:11.845	0.93166	0.93166			6
2024.12.23	00:39:12.352	0.93169	0.93169			6
2024.12.23	00:39:12.411	0.93181	0.93181			6
2024.12.23	00:39:12.600	0.93182	0.93182			6
2024.12.23	00:39:12.821	0.93180	0.93180			6
2024.12.23	00:39:12.850	0.93172	0.93172			6
2024.12.23	00:39:12.911	0.93180	0.93180			6
2024.12.23	00:39:12.972	0.93173	0.93173			6
2024.12.23	00:39:13.061	0.93180	0.93180			6
2024.12.23	00:39:15.142	0.93183	0.93183			6
2024.12.23	00:39:15.232	0.93178	0.93178			6
2024.12.23	00:39:15.292	0.93183	0.93183			6
2024.12.23	00:39:15.444	0.93184	0.93184			6
2024.12.23	00:39:15.653	0.93183	0.93183			6
2024.12.23	00:39:16.399	0.93156	0.93156			6
2024.12.23	00:39:16.458	0.93158	0.93158			6
2024.12.23	00:39:16.762	0.93157	0.93157			6
2024.12.23	00:39:17.422	0.93143	0.93143			6
2024.12.23	00:39:17.512	0.93145	0.93145			6
2024.12.23	00:39:17.756	0.93146	0.93146			6
2024.12.23	00:39:18.728	0.93145	0.93145			6
2024.12.23	00:39:19.694	0.93158	0.93158			6
2024.12.23	00:39:19.844	0.93152	0.93152			6
2024.12.23	00:39:20.947	0.93154	0.93154			6
2024.12.23	00:39:21.008	0.93145	0.93145			6
2024.12.23	00:39:21.068	0.93157	0.93157			6
2024.12.23	00:39:21.158	0.93158	0.93158			6
2024.12.23	00:39:21.308	0.93154	0.93154			6
2024.12.23	00:39:21.399	0.93149	0.93149			6
2024.12.23	00:39:21.460	0.93148	0.93148			6
2024.12.23	00:39:21.489	0.93152	0.93152			6
2024.12.23	00:39:22.063	0.93164	0.93164			6
2024.12.23	00:39:22.160	0.93163	0.93163			6
2024.12.23	00:39:22.315	0.93149	0.93149			6
2024.12.23	00:39:23.629	0.93144	0.93144			6
2024.12.23	00:39:25.353	0.93147	0.93147			6
2024.12.23	00:39:25.382	0.93159	0.93159			6
2024.12.23	00:39:25.584	0.93160	0.93160			6
2024.12.23	00:39:26.246	0.93155	0.93155			6
2024.12.23	00:39:27.454	0.93153	0.93153			6
2024.12.23	00:39:28.684	0.93150	0.93150			6
2024.12.23	00:39:29.418	0.93151	0.93151			6
2024.12.23	00:39:30.893	0.93152	0.93152			6
2024.12.23	00:39:30.953	0.93150	0.93150			6
2024.12.23	00:39:31.363	0.93152	0.93152			6
2024.12.23	00:39:32.609	0.93150	0.93150			6
2024.12.23	00:39:32.820	0.93138	0.93138			6
2024.12.23	00:39:32.881	0.93139	0.93139			6
2024.12.23	00:39:32.910	0.93148	0.93148			6
2024.12.23	00:39:33.061	0.93149	0.93149			6
2024.12.23	00:39:33.380	0.93150	0.93150			6
2024.12.23	00:39:33.617	0.93136	0.93136			6
2024.12.23	00:39:33.737	0.93129	0.93129			6
2024.12.23	00:39:36.832	0.93128	0.93128			6
2024.12.23	00:39:36.862	0.93129	0.93129			6
2024.12.23	00:39:37.963	0.93126	0.93126			6
2024.12.23	00:39:38.779	0.93130	0.93130			6
2024.12.23	00:39:38.899	0.93143	0.93143			6
2024.12.23	00:39:39.294	0.93144	0.93144			6
2024.12.23	00:39:39.507	0.93142	0.93142			6
2024.12.23	00:39:39.947	0.93141	0.93141			6
2024.12.23	00:39:40.971	0.93139	0.93139			6
2024.12.23	00:39:42.109	0.93136	0.93136			6
2024.12.23	00:39:42.923	0.93135	0.93135			6
2024.12.23	00:39:43.687	0.93136	0.93136			6
2024.12.23	00:39:43.936	0.93133	0.93133			6
2024.12.23	00:39:44.493	0.93132	0.93132			6
2024.12.23	00:39:44.940	0.93131	0.93131			6
2024.12.23	00:39:45.000	0.93133	0.93133			6
2024.12.23	00:39:45.060	0.93138	0.93138			6
2024.12.23	00:39:45.313	0.93137	0.93137			6
2024.12.23	00:39:45.402	0.93135	0.93135			6
2024.12.23	00:39:45.970	0.93136	0.93136			6
2024.12.23	00:39:46.032	0.93139	0.93139			6
2024.12.23	00:39:46.422	0.93136	0.93136			6
2024.12.23	00:39:47.587	0.93138	0.93138			6
2024.12.23	00:39:47.648	0.93132	0.93132			6
2024.12.23	00:39:49.007	0.93124	0.93124			6
2024.12.23	00:39:49.037	0.93126	0.93126			6
2024.12.23	00:39:49.096	0.93128	0.93128			6
2024.12.23	00:39:49.623	0.93132	0.93132			6
2024.12.23	00:39:49.652	0.93125	0.93125			6
2024.12.23	00:39:49.712	0.93136	0.93136			6
2024.12.23	00:39:49.951	0.93133	0.93133			6
2024.12.23	00:39:50.011	0.93132	0.93132			6
2024.12.23	00:39:51.592	0.93131	0.93131			6
2024.12.23	00:39:52.594	0.93130	0.93130			6
2024.12.23	00:39:56.326	0.93128	0.93128			6
2024.12.23	00:39:58.443	0.93129	0.93129			6
2024.12.23	00:39:59.202	0.93132	0.93132			6
2024.12.23	00:39:59.562	0.93131	0.93131			6
2024.12.23	00:40:00.433	0.93130	0.93130			6
2024.12.23	00:40:02.996	0.93129	0.93129			6
2024.12.23	00:40:04.304	0.93128	0.93128			6
2024.12.23	00:40:04.947	0.93127	0.93127			6
2024.12.23	00:40:08.914	0.93126	0.93126			6
2024.12.23	00:40:09.004	0.93123	0.93123			6
2024.12.23	00:40:09.164	0.93124	0.93124			6
2024.12.23	00:40:09.620	0.93122	0.93122			6
2024.12.23	00:40:10.234	0.93126	0.93126			6
2024.12.23	00:40:10.325	0.93131	0.93131			6
2024.12.23	00:40:10.354	0.93136	0.93136			6
2024.12.23	00:40:10.415	0.93144	0.93144			6
2024.12.23	00:40:10.473	0.93148	0.93148			6
2024.12.23	00:40:10.533	0.93149	0.93149			6
2024.12.23	00:40:10.565	0.93144	0.93144			6
2024.12.23	00:40:10.655	0.93145	0.93145			6
2024.12.23	00:40:10.925	0.93143	0.93143			6
2024.12.23	00:40:10.985	0.93142	0.93142			6
2024.12.23	00:40:11.015	0.93143	0.93143			6
2024.12.23	00:40:11.232	0.93142	0.93142			6
2024.12.23	00:40:11.845	0.93141	0.93141			6
2024.12.23	00:40:12.025	0.93142	0.93142			6
2024.12.23	00:40:13.594	0.93140	0.93140			6
2024.12.23	00:40:13.656	0.93138	0.93138			6
2024.12.23	00:40:15.222	0.93139	0.93139			6
2024.12.23	00:40:16.681	0.93136	0.93136			6
2024.12.23	00:40:16.933	0.93140	0.93140			6
2024.12.23	00:40:18.640	0.93138	0.93138			6
2024.12.23	00:40:19.271	0.93136	0.93136			6
2024.12.23	00:40:19.300	0.93137	0.93137			6
2024.12.23	00:40:19.361	0.93139	0.93139			6
2024.12.23	00:40:19.421	0.93140	0.93140			6
2024.12.23	00:40:19.860	0.93142	0.93142			6
2024.12.23	00:40:25.313	0.93141	0.93141			6
2024.12.23	00:40:25.372	0.93145	0.93145			6
2024.12.23	00:40:25.556	0.93139	0.93139			6
2024.12.23	00:40:25.616	0.93140	0.93140			6
2024.12.23	00:40:25.978	0.93144	0.93144			6
2024.12.23	00:40:26.971	0.93145	0.93145			6
2024.12.23	00:40:27.181	0.93144	0.93144			6
2024.12.23	00:40:28.384	0.93138	0.93138			6
2024.12.23	00:40:28.444	0.93145	0.93145			6
2024.12.23	00:40:28.895	0.93146	0.93146			6
2024.12.23	00:40:28.955	0.93148	0.93148			6
2024.12.23	00:40:29.015	0.93151	0.93151			6
2024.12.23	00:40:29.369	0.93152	0.93152			6
2024.12.23	00:40:30.181	0.93150	0.93150			6
2024.12.23	00:40:31.391	0.93153	0.93153			6
2024.12.23	00:40:31.754	0.93155	0.93155			6
2024.12.23	00:40:31.783	0.93149	0.93149			6
2024.12.23	00:40:31.842	0.93157	0.93157			6
2024.12.23	00:40:31.932	0.93156	0.93156			6
2024.12.23	00:40:32.604	0.93150	0.93150			6
2024.12.23	00:40:33.083	0.93149	0.93149			6
2024.12.23	00:40:33.204	0.93148	0.93148			6
2024.12.23	00:40:33.356	0.93141	0.93141			6
2024.12.23	00:40:33.444	0.93148	0.93148			6
2024.12.23	00:40:33.639	0.93144	0.93144			6
2024.12.23	00:40:34.308	0.93142	0.93142			6
2024.12.23	00:40:34.368	0.93138	0.93138			6
2024.12.23	00:40:34.398	0.93140	0.93140			6
2024.12.23	00:40:34.460	0.93126	0.93126			6
2024.12.23	00:40:35.883	0.93125	0.93125			6
2024.12.23	00:40:35.973	0.93132	0.93132			6
2024.12.23	00:40:36.033	0.93135	0.93135			6
2024.12.23	00:40:36.392	0.93134	0.93134			6
2024.12.23	00:40:36.422	0.93131	0.93131			6
2024.12.23	00:40:36.482	0.93134	0.93134			6
2024.12.23	00:40:39.364	0.93139	0.93139			6
2024.12.23	00:40:41.600	0.93136	0.93136			6
2024.12.23	00:40:44.209	0.93135	0.93135			6
2024.12.23	00:40:45.170	0.93133	0.93133			6
2024.12.23	00:40:45.739	0.93134	0.93134			6
2024.12.23	00:40:45.769	0.93133	0.93133			6
2024.12.23	00:40:46.199	0.93134	0.93134			6
2024.12.23	00:40:46.740	0.93132	0.93132			6
2024.12.23	00:40:46.854	0.93134	0.93134			6
2024.12.23	00:40:49.382	0.93138	0.93138			6
2024.12.23	00:40:50.019	0.93139	0.93139			6
2024.12.23	00:40:50.112	0.93146	0.93146			6
2024.12.23	00:40:50.173	0.93143	0.93143			6
2024.12.23	00:40:50.892	0.93141	0.93141			6
2024.12.23	00:40:52.705	0.93143	0.93143			6
2024.12.23	00:40:53.614	0.93140	0.93140			6
2024.12.23	00:40:54.763	0.93137	0.93137			6
2024.12.23	00:40:55.966	0.93135	0.93135			6
2024.12.23	00:40:56.497	0.93134	0.93134			6
2024.12.23	00:40:56.732	0.93135	0.93135			6
2024.12.23	00:40:57.191	0.93133	0.93133			6
2024.12.23	00:40:59.426	0.93123	0.93123			6
2024.12.23	00:40:59.515	0.93133	0.93133			6
2024.12.23	00:41:00.034	0.93159	0.93159			6
2024.12.23	00:41:00.720	0.93157	0.93157			6
2024.12.23	00:41:00.780	0.93149	0.93149			6
2024.12.23	00:41:01.975	0.93158	0.93158			6
2024.12.23	00:41:02.094	0.93159	0.93159			6
2024.12.23	00:41:04.156	0.93152	0.93152			6
2024.12.23	00:41:04.216	0.93151	0.93151			6
2024.12.23	00:41:04.245	0.93160	0.93160			6
2024.12.23	00:41:07.296	0.93152	0.93152			6
2024.12.23	00:41:07.326	0.93160	0.93160			6
2024.12.23	00:41:09.503	0.93153	0.93153			6
2024.12.23	00:41:09.563	0.93162	0.93162			6
2024.12.23	00:41:09.933	0.93157	0.93157			6
2024.12.23	00:41:10.385	0.93161	0.93161			6
2024.12.23	00:41:11.980	0.93159	0.93159			6
2024.12.23	00:41:12.040	0.93157	0.93157			6
2024.12.23	00:41:12.100	0.93156	0.93156			6
2024.12.23	00:41:13.909	0.93153	0.93153			6
2024.12.23	00:41:14.300	0.93160	0.93160			6
2024.12.23	00:41:18.699	0.93161	0.93161			6
2024.12.23	00:41:19.882	0.93162	0.93162			6
2024.12.23	00:41:20.594	0.93158	0.93158			6
2024.12.23	00:41:20.624	0.93161	0.93161			6
2024.12.23	00:41:21.796	0.93162	0.93162			6
2024.12.23	00:41:22.246	0.93160	0.93160			6
2024.12.23	00:41:22.808	0.93166	0.93166			6
2024.12.23	00:41:22.838	0.93156	0.93156			6
2024.12.23	00:41:23.245	0.93148	0.93148			6
2024.12.23	00:41:27.290	0.93154	0.93154			6
2024.12.23	00:41:27.351	0.93155	0.93155			6
2024.12.23	00:41:27.410	0.93156	0.93156			6
2024.12.23	00:41:28.496	0.93157	0.93157			6
2024.12.23	00:41:28.556	0.93166	0.93166			6
2024.12.23	00:41:29.521	0.93168	0.93168			6
2024.12.23	00:41:29.658	0.93160	0.93160			6
2024.12.23	00:41:29.779	0.93154	0.93154			6
2024.12.23	00:41:29.861	0.93160	0.93160			6
2024.12.23	00:41:29.922	0.93166	0.93166			6
2024.12.23	00:41:33.040	0.93163	0.93163			6
2024.12.23	00:41:33.099	0.93162	0.93162			6
2024.12.23	00:41:33.308	0.93149	0.93149			6
2024.12.23	00:41:33.370	0.93147	0.93147			6
2024.12.23	00:41:33.835	0.93144	0.93144			6
2024.12.23	00:41:34.016	0.93143	0.93143			6
2024.12.23	00:41:34.075	0.93145	0.93145			6
2024.12.23	00:41:34.311	0.93148	0.93148			6
2024.12.23	00:41:34.431	0.93146	0.93146			6
2024.12.23	00:41:35.571	0.93141	0.93141			6
2024.12.23	00:41:38.712	0.93145	0.93145			6
2024.12.23	00:41:38.892	0.93143	0.93143			6
2024.12.23	00:41:38.922	0.93142	0.93142			6
2024.12.23	00:41:39.013	0.93147	0.93147			6
2024.12.23	00:41:39.538	0.93144	0.93144			6
2024.12.23	00:41:39.568	0.93143	0.93143			6
2024.12.23	00:41:39.628	0.93137	0.93137			6
2024.12.23	00:41:39.718	0.93147	0.93147			6
2024.12.23	00:41:39.928	0.93143	0.93143			6
2024.12.23	00:41:39.990	0.93149	0.93149			6
2024.12.23	00:41:40.139	0.93147	0.93147			6
2024.12.23	00:41:40.199	0.93149	0.93149			6
2024.12.23	00:41:40.379	0.93150	0.93150			6
2024.12.23	00:41:41.941	0.93151	0.93151			6
2024.12.23	00:41:43.164	0.93140	0.93140			6
2024.12.23	00:41:43.585	0.93143	0.93143			6
2024.12.23	00:41:44.883	0.93144	0.93144			6
2024.12.23	00:41:46.616	0.93146	0.93146			6
2024.12.23	00:41:46.646	0.93140	0.93140			6
2024.12.23	00:41:46.922	0.93138	0.93138			6
2024.12.23	00:41:46.983	0.93146	0.93146			6
2024.12.23	00:41:47.012	0.93144	0.93144			6
2024.12.23	00:41:48.785	0.93142	0.93142			6
2024.12.23	00:41:49.339	0.93140	0.93140			6
2024.12.23	00:41:49.428	0.93142	0.93142			6
2024.12.23	00:41:49.489	0.93143	0.93143			6
2024.12.23	00:41:49.745	0.93141	0.93141			6
2024.12.23	00:41:50.937	0.93144	0.93144			6
2024.12.23	00:41:51.212	0.93136	0.93136			6
2024.12.23	00:41:51.271	0.93131	0.93131			6
2024.12.23	00:41:51.301	0.93133	0.93133			6
2024.12.23	00:41:51.422	0.93134	0.93134			6
2024.12.23	00:41:51.452	0.93136	0.93136			6
2024.12.23	00:41:51.512	0.93143	0.93143			6
2024.12.23	00:41:52.318	0.93138	0.93138			6
2024.12.23	00:41:52.352	0.93132	0.93132			6
2024.12.23	00:41:55.616	0.93135	0.93135			6
2024.12.23	00:41:55.675	0.93144	0.93144			6
2024.12.23	00:41:55.705	0.93140	0.93140			6
2024.12.23	00:41:55.766	0.93146	0.93146			6
2024.12.23	00:41:56.065	0.93145	0.93145			6
2024.12.23	00:41:56.094	0.93141	0.93141			6
2024.12.23	00:41:56.156	0.93134	0.93134			6
2024.12.23	00:41:56.412	0.93135	0.93135			6
2024.12.23	00:41:59.658	0.93151	0.93151			6
2024.12.23	00:41:59.936	0.93142	0.93142			6
2024.12.23	00:42:00.064	0.93140	0.93140			6
2024.12.23	00:42:00.713	0.93145	0.93145			6
2024.12.23	00:42:01.483	0.93147	0.93147			6
2024.12.23	00:42:01.633	0.93145	0.93145			6
2024.12.23	00:42:01.663	0.93135	0.93135			6
2024.12.23	00:42:01.935	0.93133	0.93133			6
2024.12.23	00:42:01.964	0.93139	0.93139			6
2024.12.23	00:42:02.024	0.93149	0.93149			6
2024.12.23	00:42:02.115	0.93146	0.93146			6
2024.12.23	00:42:02.445	0.93148	0.93148			6
2024.12.23	00:42:02.536	0.93153	0.93153			6
2024.12.23	00:42:02.920	0.93148	0.93148			6
2024.12.23	00:42:03.373	0.93149	0.93149			6
2024.12.23	00:42:08.354	0.93148	0.93148			6
2024.12.23	00:42:08.384	0.93153	0.93153			6
2024.12.23	00:42:09.113	0.93144	0.93144			6
2024.12.23	00:42:09.143	0.93147	0.93147			6
2024.12.23	00:42:09.203	0.93149	0.93149			6
2024.12.23	00:42:09.367	0.93152	0.93152			6
2024.12.23	00:42:10.620	0.93153	0.93153			6
2024.12.23	00:42:14.461	0.93148	0.93148			6
2024.12.23	00:42:14.521	0.93150	0.93150			6
2024.12.23	00:42:14.615	0.93153	0.93153			6
2024.12.23	00:42:18.037	0.93146	0.93146			6
2024.12.23	00:42:18.548	0.93153	0.93153			6
2024.12.23	00:42:18.609	0.93142	0.93142			6
2024.12.23	00:42:18.849	0.93141	0.93141			6
2024.12.23	00:42:18.969	0.93150	0.93150			6
2024.12.23	00:42:19.680	0.93151	0.93151			6
2024.12.23	00:42:19.710	0.93153	0.93153			6
2024.12.23	00:42:21.340	0.93152	0.93152			6
2024.12.23	00:42:21.429	0.93151	0.93151			6
2024.12.23	00:42:27.286	0.93150	0.93150			6
2024.12.23	00:42:27.709	0.93151	0.93151			6
2024.12.23	00:42:28.872	0.93153	0.93153			6
2024.12.23	00:42:33.712	0.93147	0.93147			6
2024.12.23	00:42:34.230	0.93151	0.93151			6
2024.12.23	00:42:34.320	0.93149	0.93149			6
2024.12.23	00:42:34.381	0.93135	0.93135			6
2024.12.23	00:42:34.470	0.93134	0.93134			6
2024.12.23	00:42:34.775	0.93148	0.93148			6
2024.12.23	00:42:34.841	0.93144	0.93144			6
2024.12.23	00:42:35.233	0.93149	0.93149			6
2024.12.23	00:42:35.489	0.93154	0.93154			6
2024.12.23	00:42:39.939	0.93150	0.93150			6
2024.12.23	00:42:39.972	0.93154	0.93154			6
2024.12.23	00:42:40.679	0.93149	0.93149			6
2024.12.23	00:42:40.799	0.93154	0.93154			6
2024.12.23	00:42:41.969	0.93159	0.93159			6
2024.12.23	00:42:45.680	0.93160	0.93160			6
2024.12.23	00:42:48.417	0.93159	0.93159			6
2024.12.23	00:42:49.572	0.93145	0.93145			6
2024.12.23	00:42:49.632	0.93159	0.93159			6
2024.12.23	00:42:49.943	0.93156	0.93156			6
2024.12.23	00:42:50.095	0.93152	0.93152			6
2024.12.23	00:42:50.253	0.93156	0.93156			6
2024.12.23	00:42:50.283	0.93157	0.93157			6
2024.12.23	00:42:52.784	0.93153	0.93153			6
2024.12.23	00:42:52.881	0.93150	0.93150			6
2024.12.23	00:42:52.911	0.93157	0.93157			6
2024.12.23	00:42:53.940	0.93152	0.93152			6
2024.12.23	00:42:54.029	0.93153	0.93153			6
2024.12.23	00:42:59.296	0.93152	0.93152			6
2024.12.23	00:42:59.849	0.93145	0.93145			6
2024.12.23	00:42:59.885	0.93144	0.93144			6
2024.12.23	00:42:59.946	0.93134	0.93134			6
2024.12.23	00:43:00.795	0.93128	0.93128			6
2024.12.23	00:43:00.854	0.93140	0.93140			6
2024.12.23	00:43:03.191	0.93142	0.93142			6
2024.12.23	00:43:03.252	0.93133	0.93133			6
2024.12.23	00:43:03.679	0.93134	0.93134			6
2024.12.23	00:43:03.739	0.93129	0.93129			6
2024.12.23	00:43:03.889	0.93131	0.93131			6
2024.12.23	00:43:03.982	0.93132	0.93132			6
2024.12.23	00:43:04.191	0.93129	0.93129			6
2024.12.23	00:43:06.232	0.93148	0.93148			6
2024.12.23	00:43:06.262	0.93145	0.93145			6
2024.12.23	00:43:06.412	0.93148	0.93148			6
2024.12.23	00:43:06.472	0.93140	0.93140			6
2024.12.23	00:43:06.532	0.93141	0.93141			6
2024.12.23	00:43:07.079	0.93140	0.93140			6
2024.12.23	00:43:07.139	0.93144	0.93144			6
2024.12.23	00:43:07.168	0.93146	0.93146			6
2024.12.23	00:43:08.885	0.93138	0.93138			6
2024.12.23	00:43:08.945	0.93148	0.93148			6
2024.12.23	00:43:09.095	0.93149	0.93149			6
2024.12.23	00:43:10.904	0.93137	0.93137			6
2024.12.23	00:43:11.024	0.93142	0.93142			6
2024.12.23	00:43:11.345	0.93133	0.93133			6
2024.12.23	00:43:11.374	0.93146	0.93146			6
2024.12.23	00:43:11.962	0.93139	0.93139			6
2024.12.23	00:43:12.022	0.93146	0.93146			6
2024.12.23	00:43:12.121	0.93136	0.93136			6
2024.12.23	00:43:12.181	0.93146	0.93146			6
2024.12.23	00:43:12.243	0.93149	0.93149			6
2024.12.23	00:43:12.528	0.93140	0.93140			6
2024.12.23	00:43:12.587	0.93141	0.93141			6
2024.12.23	00:43:12.650	0.93142	0.93142			6
2024.12.23	00:43:12.780	0.93139	0.93139			6
2024.12.23	00:43:12.841	0.93140	0.93140			6
2024.12.23	00:43:12.880	0.93141	0.93141			6
2024.12.23	00:43:12.940	0.93140	0.93140			6
2024.12.23	00:43:14.753	0.93139	0.93139			6
2024.12.23	00:43:17.718	0.93141	0.93141			6
2024.12.23	00:43:17.843	0.93139	0.93139			6
2024.12.23	00:43:18.283	0.93141	0.93141			6
2024.12.23	00:43:18.686	0.93139	0.93139			6
2024.12.23	00:43:18.747	0.93141	0.93141			6
2024.12.23	00:43:20.012	0.93136	0.93136			6
2024.12.23	00:43:20.071	0.93141	0.93141			6
2024.12.23	00:43:20.101	0.93137	0.93137			6
2024.12.23	00:43:20.409	0.93138	0.93138			6
2024.12.23	00:43:22.292	0.93137	0.93137			6
2024.12.23	00:43:23.154	0.93142	0.93142			6
2024.12.23	00:43:24.338	0.93130	0.93130			6
2024.12.23	00:43:25.361	0.93129	0.93129			6
2024.12.23	00:43:25.421	0.93137	0.93137			6
2024.12.23	00:43:26.843	0.93144	0.93144			6
2024.12.23	00:43:28.535	0.93132	0.93132			6
2024.12.23	00:43:28.596	0.93138	0.93138			6
2024.12.23	00:43:28.913	0.93139	0.93139			6
2024.12.23	00:43:29.621	0.93136	0.93136			6
2024.12.23	00:43:29.710	0.93140	0.93140			6
2024.12.23	00:43:29.860	0.93137	0.93137			6
2024.12.23	00:43:30.920	0.93139	0.93139			6
2024.12.23	00:43:32.096	0.93140	0.93140			6
2024.12.23	00:43:33.666	0.93139	0.93139			6
2024.12.23	00:43:33.695	0.93140	0.93140			6
2024.12.23	00:43:35.289	0.93139	0.93139			6
2024.12.23	00:43:35.510	0.93138	0.93138			6
2024.12.23	00:43:35.688	0.93139	0.93139			6
2024.12.23	00:43:35.870	0.93138	0.93138			6
2024.12.23	00:43:35.991	0.93136	0.93136			6
2024.12.23	00:43:41.048	0.93138	0.93138			6
2024.12.23	00:43:41.335	0.93137	0.93137			6
2024.12.23	00:43:41.372	0.93135	0.93135			6
2024.12.23	00:43:41.944	0.93134	0.93134			6
2024.12.23	00:43:42.944	0.93135	0.93135			6
2024.12.23	00:43:43.005	0.93136	0.93136			6
2024.12.23	00:43:45.111	0.93134	0.93134			6
2024.12.23	00:43:45.944	0.93136	0.93136			6
2024.12.23	00:43:46.711	0.93135	0.93135			6
2024.12.23	00:43:46.805	0.93133	0.93133			6
2024.12.23	00:43:48.064	0.93134	0.93134			6
2024.12.23	00:43:48.160	0.93135	0.93135			6
2024.12.23	00:43:48.468	0.93139	0.93139			6
2024.12.23	00:43:48.819	0.93126	0.93126			6
2024.12.23	00:43:49.119	0.93117	0.93117			6
2024.12.23	00:43:49.180	0.93124	0.93124			6
2024.12.23	00:43:49.240	0.93132	0.93132			6
2024.12.23	00:43:49.525	0.93131	0.93131			6
2024.12.23	00:43:49.689	0.93125	0.93125			6
2024.12.23	00:43:49.720	0.93123	0.93123			6
2024.12.23	00:43:49.933	0.93134	0.93134			6
2024.12.23	00:43:50.113	0.93133	0.93133			6
2024.12.23	00:43:50.143	0.93135	0.93135			6
2024.12.23	00:43:50.233	0.93134	0.93134			6
2024.12.23	00:43:50.386	0.93125	0.93125			6
2024.12.23	00:43:50.446	0.93132	0.93132			6
2024.12.23	00:43:50.476	0.93135	0.93135			6
2024.12.23	00:43:50.640	0.93141	0.93141			6
2024.12.23	00:43:52.444	0.93143	0.93143			6
2024.12.23	00:43:53.554	0.93139	0.93139			6
2024.12.23	00:43:53.615	0.93142	0.93142			6
2024.12.23	00:43:55.036	0.93139	0.93139			6
2024.12.23	00:43:55.137	0.93132	0.93132			6
2024.12.23	00:43:55.333	0.93130	0.93130			6
2024.12.23	00:43:55.606	0.93139	0.93139			6
2024.12.23	00:43:56.738	0.93140	0.93140			6
2024.12.23	00:43:57.516	0.93139	0.93139			6
2024.12.23	00:43:57.970	0.93140	0.93140			6
2024.12.23	00:43:58.605	0.93139	0.93139			6
2024.12.23	00:43:59.968	0.93143	0.93143			6
2024.12.23	00:44:00.099	0.93137	0.93137			6
2024.12.23	00:44:00.248	0.93135	0.93135			6
2024.12.23	00:44:00.338	0.93137	0.93137			6
2024.12.23	00:44:00.556	0.93129	0.93129			6
2024.12.23	00:44:00.586	0.93136	0.93136			6
2024.12.23	00:44:00.737	0.93135	0.93135			6
2024.12.23	00:44:00.798	0.93136	0.93136			6
2024.12.23	00:44:01.846	0.93137	0.93137			6
2024.12.23	00:44:02.766	0.93136	0.93136			6
2024.12.23	00:44:04.280	0.93137	0.93137			6
2024.12.23	00:44:05.487	0.93134	0.93134			6
2024.12.23	00:44:05.888	0.93130	0.93130			6
2024.12.23	00:44:05.949	0.93132	0.93132			6
2024.12.23	00:44:06.009	0.93137	0.93137			6
2024.12.23	00:44:08.215	0.93135	0.93135			6
2024.12.23	00:44:09.628	0.93136	0.93136			6
2024.12.23	00:44:10.047	0.93138	0.93138			6
2024.12.23	00:44:11.970	0.93126	0.93126			6
2024.12.23	00:44:12.029	0.93128	0.93128			6
2024.12.23	00:44:12.523	0.93130	0.93130			6
2024.12.23	00:44:15.297	0.93128	0.93128			6
2024.12.23	00:44:15.357	0.93129	0.93129			6
2024.12.23	00:44:16.063	0.93133	0.93133			6
2024.12.23	00:44:16.322	0.93127	0.93127			6
2024.12.23	00:44:16.381	0.93131	0.93131			6
2024.12.23	00:44:16.911	0.93126	0.93126			6
2024.12.23	00:44:17.290	0.93124	0.93124			6
2024.12.23	00:44:17.320	0.93122	0.93122			6
2024.12.23	00:44:17.381	0.93112	0.93112			6
2024.12.23	00:44:17.441	0.93111	0.93111			6
2024.12.23	00:44:17.799	0.93120	0.93120			6
2024.12.23	00:44:17.902	0.93122	0.93122			6
2024.12.23	00:44:20.069	0.93130	0.93130			6
2024.12.23	00:44:20.401	0.93127	0.93127			6
2024.12.23	00:44:20.934	0.93122	0.93122			6
2024.12.23	00:44:20.964	0.93124	0.93124			6
2024.12.23	00:44:22.328	0.93125	0.93125			6
2024.12.23	00:44:22.880	0.93127	0.93127			6
2024.12.23	00:44:24.006	0.93130	0.93130			6
2024.12.23	00:44:24.320	0.93126	0.93126			6
2024.12.23	00:44:24.350	0.93130	0.93130			6
2024.12.23	00:44:24.397	0.93128	0.93128			6
2024.12.23	00:44:25.482	0.93127	0.93127			6
2024.12.23	00:44:25.762	0.93122	0.93122			6
2024.12.23	00:44:26.790	0.93121	0.93121			6
2024.12.23	00:44:26.940	0.93110	0.93110			6
2024.12.23	00:44:27.000	0.93105	0.93105			6
2024.12.23	00:44:27.030	0.93101	0.93101			6
2024.12.23	00:44:27.156	0.93100	0.93100			6
2024.12.23	00:44:27.655	0.93098	0.93098			6
2024.12.23	00:44:27.734	0.93100	0.93100			6
2024.12.23	00:44:28.902	0.93093	0.93093			6
2024.12.23	00:44:30.082	0.93098	0.93098			6
2024.12.23	00:44:30.141	0.93097	0.93097			6
2024.12.23	00:44:30.170	0.93103	0.93103			6
2024.12.23	00:44:30.231	0.93104	0.93104			6
2024.12.23	00:44:30.320	0.93105	0.93105			6
2024.12.23	00:44:30.381	0.93114	0.93114			6
2024.12.23	00:44:30.441	0.93102	0.93102			6
2024.12.23	00:44:30.621	0.93107	0.93107			6
2024.12.23	00:44:30.993	0.93108	0.93108			6
2024.12.23	00:44:31.083	0.93111	0.93111			6
2024.12.23	00:44:31.174	0.93102	0.93102			6
2024.12.23	00:44:31.553	0.93104	0.93104			6
2024.12.23	00:44:31.584	0.93111	0.93111			6
2024.12.23	00:44:32.303	0.93109	0.93109			6
2024.12.23	00:44:32.389	0.93111	0.93111			6
2024.12.23	00:44:32.449	0.93112	0.93112			6
2024.12.23	00:44:32.799	0.93110	0.93110			6
2024.12.23	00:44:32.846	0.93112	0.93112			6
2024.12.23	00:44:33.127	0.93113	0.93113			6
2024.12.23	00:44:35.193	0.93112	0.93112			6
2024.12.23	00:44:35.223	0.93102	0.93102			6
2024.12.23	00:44:35.326	0.93101	0.93101			6
2024.12.23	00:44:35.502	0.93100	0.93100			6
2024.12.23	00:44:35.624	0.93101	0.93101			6
2024.12.23	00:44:35.684	0.93103	0.93103			6
2024.12.23	00:44:35.744	0.93112	0.93112			6
2024.12.23	00:44:36.254	0.93113	0.93113			6
2024.12.23	00:44:38.985	0.93112	0.93112			6
2024.12.23	00:44:39.014	0.93110	0.93110			6
2024.12.23	00:44:39.113	0.93115	0.93115			6
2024.12.23	00:44:39.440	0.93114	0.93114			6
2024.12.23	00:44:39.470	0.93109	0.93109			6
2024.12.23	00:44:39.592	0.93116	0.93116			6
2024.12.23	00:44:39.738	0.93118	0.93118			6
2024.12.23	00:44:39.922	0.93115	0.93115			6
2024.12.23	00:44:39.982	0.93111	0.93111			6
2024.12.23	00:44:40.042	0.93118	0.93118			6
2024.12.23	00:44:40.103	0.93119	0.93119			6
2024.12.23	00:44:41.412	0.93105	0.93105			6
2024.12.23	00:44:42.101	0.93108	0.93108			6
2024.12.23	00:44:45.727	0.93109	0.93109			6
2024.12.23	00:44:46.129	0.93108	0.93108			6
2024.12.23	00:44:46.189	0.93104	0.93104			6
2024.12.23	00:44:46.249	0.93107	0.93107			6
2024.12.23	00:44:46.548	0.93108	0.93108			6
2024.12.23	00:44:48.380	0.93109	0.93109			6
2024.12.23	00:44:49.015	0.93119	0.93119			6
2024.12.23	00:44:49.075	0.93121	0.93121			6
2024.12.23	00:44:49.134	0.93112	0.93112			6
2024.12.23	00:44:49.585	0.93110	0.93110			6
2024.12.23	00:44:49.645	0.93107	0.93107			6
2024.12.23	00:44:50.178	0.93110	0.93110			6
2024.12.23	00:44:56.955	0.93112	0.93112			6
2024.12.23	00:44:57.992	0.93100	0.93100			6
2024.12.23	00:45:00.178	0.93101	0.93101			6
2024.12.23	00:45:00.239	0.93113	0.93113			6
2024.12.23	00:45:00.269	0.93104	0.93104			6
2024.12.23	00:45:00.330	0.93099	0.93099			6
2024.12.23	00:45:00.420	0.93092	0.93092			6
2024.12.23	00:45:00.689	0.93094	0.93094			6
2024.12.23	00:45:00.792	0.93104	0.93104			6
2024.12.23	00:45:03.623	0.93106	0.93106			6
2024.12.23	00:45:03.832	0.93107	0.93107			6
2024.12.23	00:45:04.911	0.93108	0.93108			6
2024.12.23	00:45:07.850	0.93107	0.93107			6
2024.12.23	00:45:08.308	0.93108	0.93108			6
2024.12.23	00:45:08.398	0.93109	0.93109			6
2024.12.23	00:45:08.459	0.93110	0.93110			6
2024.12.23	00:45:08.775	0.93111	0.93111			6
2024.12.23	00:45:10.235	0.93103	0.93103			6
2024.12.23	00:45:10.265	0.93102	0.93102			6
2024.12.23	00:45:10.325	0.93107	0.93107			6
2024.12.23	00:45:10.625	0.93106	0.93106			6
2024.12.23	00:45:11.373	0.93109	0.93109			6
2024.12.23	00:45:13.050	0.93110	0.93110			6
2024.12.23	00:45:14.508	0.93103	0.93103			6
2024.12.23	00:45:14.928	0.93109	0.93109			6
2024.12.23	00:45:15.420	0.93110	0.93110			6
2024.12.23	00:45:15.928	0.93109	0.93109			6
2024.12.23	00:45:17.256	0.93108	0.93108			6
2024.12.23	00:45:19.262	0.93109	0.93109			6
2024.12.23	00:45:19.719	0.93122	0.93122			6
2024.12.23	00:45:20.296	0.93115	0.93115			6
2024.12.23	00:45:21.755	0.93114	0.93114			6
2024.12.23	00:45:22.898	0.93115	0.93115			6
2024.12.23	00:45:22.998	0.93117	0.93117			6
2024.12.23	00:45:23.458	0.93118	0.93118			6
2024.12.23	00:45:24.570	0.93113	0.93113			6
2024.12.23	00:45:24.631	0.93121	0.93121			6
2024.12.23	00:45:27.769	0.93120	0.93120			6
2024.12.23	00:45:29.994	0.93121	0.93121			6
2024.12.23	00:45:30.146	0.93120	0.93120			6
2024.12.23	00:45:30.450	0.93122	0.93122			6
2024.12.23	00:45:31.565	0.93123	0.93123			6
2024.12.23	00:45:32.264	0.93119	0.93119			6
2024.12.23	00:45:32.294	0.93124	0.93124			6
2024.12.23	00:45:32.353	0.93125	0.93125			6
2024.12.23	00:45:32.815	0.93124	0.93124			6
2024.12.23	00:45:33.419	0.93125	0.93125			6
2024.12.23	00:45:33.727	0.93121	0.93121			6
2024.12.23	00:45:34.835	0.93122	0.93122			6
2024.12.23	00:45:35.777	0.93123	0.93123			6
2024.12.23	00:45:37.240	0.93122	0.93122			6
2024.12.23	00:45:39.071	0.93123	0.93123			6
2024.12.23	00:45:40.384	0.93115	0.93115			6
2024.12.23	00:45:40.536	0.93129	0.93129			6
2024.12.23	00:45:40.597	0.93131	0.93131			6
2024.12.23	00:45:42.041	0.93127	0.93127			6
2024.12.23	00:45:42.197	0.93128	0.93128			6
2024.12.23	00:45:44.510	0.93124	0.93124			6
2024.12.23	00:45:45.980	0.93125	0.93125			6
2024.12.23	00:45:50.366	0.93128	0.93128			6
2024.12.23	00:45:50.858	0.93124	0.93124			6
2024.12.23	00:45:50.917	0.93127	0.93127			6
2024.12.23	00:45:52.295	0.93128	0.93128			6
2024.12.23	00:45:52.943	0.93130	0.93130			6
2024.12.23	00:45:53.005	0.93125	0.93125			6
2024.12.23	00:45:53.035	0.93126	0.93126			6
2024.12.23	00:45:56.819	0.93124	0.93124			6
2024.12.23	00:45:57.236	0.93123	0.93123			6
2024.12.23	00:45:59.164	0.93124	0.93124			6
2024.12.23	00:46:00.405	0.93127	0.93127			6
2024.12.23	00:46:01.679	0.93124	0.93124			6
2024.12.23	00:46:03.386	0.93125	0.93125			6
2024.12.23	00:46:04.608	0.93123	0.93123			6
2024.12.23	00:46:04.699	0.93124	0.93124			6
2024.12.23	00:46:05.801	0.93123	0.93123			6
2024.12.23	00:46:08.136	0.93122	0.93122			6
2024.12.23	00:46:09.438	0.93123	0.93123			6
2024.12.23	00:46:09.696	0.93124	0.93124			6
2024.12.23	00:46:09.808	0.93119	0.93119			6
2024.12.23	00:46:09.837	0.93122	0.93122			6
2024.12.23	00:46:10.235	0.93123	0.93123			6
2024.12.23	00:46:10.415	0.93125	0.93125			6
2024.12.23	00:46:10.504	0.93116	0.93116			6
2024.12.23	00:46:11.672	0.93120	0.93120			6
2024.12.23	00:46:11.732	0.93122	0.93122			6
2024.12.23	00:46:11.762	0.93116	0.93116			6
2024.12.23	00:46:13.143	0.93119	0.93119			6
2024.12.23	00:46:13.232	0.93123	0.93123			6
2024.12.23	00:46:13.752	0.93126	0.93126			6
2024.12.23	00:46:15.213	0.93125	0.93125			6
2024.12.23	00:46:15.574	0.93121	0.93121			6
2024.12.23	00:46:18.643	0.93114	0.93114			6
2024.12.23	00:46:18.704	0.93124	0.93124			6
2024.12.23	00:46:19.203	0.93125	0.93125			6
2024.12.23	00:46:19.310	0.93112	0.93112			6
2024.12.23	00:46:19.459	0.93116	0.93116			6
2024.12.23	00:46:19.551	0.93113	0.93113			6
2024.12.23	00:46:19.660	0.93116	0.93116			6
2024.12.23	00:46:20.172	0.93117	0.93117			6
2024.12.23	00:46:20.521	0.93115	0.93115			6
2024.12.23	00:46:20.611	0.93117	0.93117			6
2024.12.23	00:46:34.277	0.93127	0.93127			6
2024.12.23	00:46:34.367	0.93116	0.93116			6
2024.12.23	00:46:35.790	0.93115	0.93115			6
2024.12.23	00:46:36.299	0.93116	0.93116			6
2024.12.23	00:46:36.360	0.93122	0.93122			6
2024.12.23	00:46:36.692	0.93123	0.93123			6
2024.12.23	00:46:41.705	0.93122	0.93122			6
2024.12.23	00:46:41.766	0.93123	0.93123			6
2024.12.23	00:46:45.389	0.93122	0.93122			6
2024.12.23	00:46:45.888	0.93121	0.93121			6
2024.12.23	00:46:46.008	0.93122	0.93122			6
2024.12.23	00:46:51.370	0.93114	0.93114			6
2024.12.23	00:46:53.143	0.93124	0.93124			6
2024.12.23	00:46:53.173	0.93129	0.93129			6
2024.12.23	00:46:54.133	0.93124	0.93124			6
2024.12.23	00:46:54.254	0.93129	0.93129			6
2024.12.23	00:46:55.162	0.93130	0.93130			6
2024.12.23	00:46:55.192	0.93131	0.93131			6
2024.12.23	00:46:57.171	0.93122	0.93122			6
2024.12.23	00:46:57.739	0.93126	0.93126			6
2024.12.23	00:46:57.770	0.93131	0.93131			6
2024.12.23	00:46:57.830	0.93120	0.93120			6
2024.12.23	00:46:57.988	0.93119	0.93119			6
2024.12.23	00:46:58.175	0.93125	0.93125			6
2024.12.23	00:46:58.269	0.93119	0.93119			6
2024.12.23	00:46:58.479	0.93122	0.93122			6
2024.12.23	00:46:58.599	0.93123	0.93123			6
2024.12.23	00:46:58.630	0.93119	0.93119			6
2024.12.23	00:47:01.606	0.93115	0.93115			6
2024.12.23	00:47:01.667	0.93118	0.93118			6
2024.12.23	00:47:03.153	0.93119	0.93119			6
2024.12.23	00:47:04.304	0.93118	0.93118			6
2024.12.23	00:47:06.099	0.93117	0.93117			6
2024.12.23	00:47:06.189	0.93118	0.93118			6
2024.12.23	00:47:06.854	0.93117	0.93117			6
2024.12.23	00:47:06.943	0.93114	0.93114			6
2024.12.23	00:47:07.245	0.93115	0.93115			6
2024.12.23	00:47:07.841	0.93114	0.93114			6
2024.12.23	00:47:08.111	0.93126	0.93126			6
2024.12.23	00:47:08.440	0.93125	0.93125			6
2024.12.23	00:47:09.424	0.93124	0.93124			6
2024.12.23	00:47:21.863	0.93129	0.93129			6
2024.12.23	00:47:22.116	0.93128	0.93128			6
2024.12.23	00:47:23.134	0.93121	0.93121			6
2024.12.23	00:47:23.194	0.93120	0.93120			6
2024.12.23	00:47:27.534	0.93117	0.93117			6
2024.12.23	00:47:27.818	0.93118	0.93118			6
2024.12.23	00:47:29.241	0.93121	0.93121			6
2024.12.23	00:47:29.277	0.93120	0.93120			6
2024.12.23	00:47:30.102	0.93119	0.93119			6
2024.12.23	00:47:30.191	0.93131	0.93131			6
2024.12.23	00:47:31.174	0.93130	0.93130			6
2024.12.23	00:47:31.204	0.93128	0.93128			6
2024.12.23	00:47:31.264	0.93124	0.93124			6
2024.12.23	00:47:31.425	0.93122	0.93122			6
2024.12.23	00:47:31.455	0.93124	0.93124			6
2024.12.23	00:47:31.500	0.93121	0.93121			6
2024.12.23	00:47:31.600	0.93119	0.93119			6
2024.12.23	00:47:40.832	0.93121	0.93121			6
2024.12.23	00:47:40.862	0.93122	0.93122			6
2024.12.23	00:47:40.983	0.93129	0.93129			6
2024.12.23	00:47:41.368	0.93131	0.93131			6
2024.12.23	00:47:46.925	0.93129	0.93129			6
2024.12.23	00:47:46.986	0.93126	0.93126			6
2024.12.23	00:47:47.081	0.93129	0.93129			6
2024.12.23	00:47:48.542	0.93124	0.93124			6
2024.12.23	00:47:48.663	0.93129	0.93129			6
2024.12.23	00:47:49.090	0.93122	0.93122			6
2024.12.23	00:47:50.874	0.93131	0.93131			6
2024.12.23	00:47:50.934	0.93123	0.93123			6
2024.12.23	00:47:51.973	0.93122	0.93122			6
2024.12.23	00:47:52.880	0.93124	0.93124			6
2024.12.23	00:47:53.862	0.93122	0.93122			6
2024.12.23	00:47:54.364	0.93123	0.93123			6
2024.12.23	00:48:00.919	0.93129	0.93129			6
2024.12.23	00:48:00.980	0.93121	0.93121			6
2024.12.23	00:48:01.070	0.93125	0.93125			6
2024.12.23	00:48:01.133	0.93129	0.93129			6
2024.12.23	00:48:01.161	0.93131	0.93131			6
2024.12.23	00:48:10.917	0.93134	0.93134			6
2024.12.23	00:48:12.359	0.93125	0.93125			6
2024.12.23	00:48:12.481	0.93129	0.93129			6
2024.12.23	00:48:12.671	0.93127	0.93127			6
2024.12.23	00:48:12.713	0.93126	0.93126			6
2024.12.23	00:48:12.773	0.93132	0.93132			6
2024.12.23	00:48:12.996	0.93133	0.93133			6
2024.12.23	00:48:13.895	0.93132	0.93132			6
2024.12.23	00:48:14.285	0.93123	0.93123			6
2024.12.23	00:48:14.404	0.93129	0.93129			6
2024.12.23	00:48:14.844	0.93132	0.93132			6
2024.12.23	00:48:15.496	0.93133	0.93133			6
2024.12.23	00:48:16.077	0.93126	0.93126			6
2024.12.23	00:48:16.106	0.93133	0.93133			6
2024.12.23	00:48:18.449	0.93134	0.93134			6
2024.12.23	00:48:19.344	0.93128	0.93128			6
2024.12.23	00:48:19.783	0.93130	0.93130			6
2024.12.23	00:48:19.842	0.93131	0.93131			6
2024.12.23	00:48:19.904	0.93133	0.93133			6
2024.12.23	00:48:20.921	0.93128	0.93128			6
2024.12.23	00:48:20.951	0.93133	0.93133			6
2024.12.23	00:48:21.354	0.93132	0.93132			6
2024.12.23	00:48:21.414	0.93131	0.93131			6
2024.12.23	00:48:21.659	0.93132	0.93132			6
2024.12.23	00:48:21.871	0.93125	0.93125			6
2024.12.23	00:48:21.930	0.93132	0.93132			6
2024.12.23	00:48:24.962	0.93128	0.93128			6
2024.12.23	00:48:25.341	0.93129	0.93129			6
2024.12.23	00:48:25.556	0.93127	0.93127			6
2024.12.23	00:48:25.665	0.93129	0.93129			6
2024.12.23	00:48:26.116	0.93134	0.93134			6
2024.12.23	00:48:26.175	0.93129	0.93129			6
2024.12.23	00:48:26.266	0.93122	0.93122			6
2024.12.23	00:48:26.325	0.93127	0.93127			6
2024.12.23	00:48:26.817	0.93129	0.93129			6
2024.12.23	00:48:28.619	0.93128	0.93128			6
2024.12.23	00:48:30.197	0.93129	0.93129			6
2024.12.23	00:48:30.598	0.93133	0.93133			6
2024.12.23	00:48:30.656	0.93139	0.93139			6
2024.12.23	00:48:30.717	0.93135	0.93135			6
2024.12.23	00:48:30.951	0.93133	0.93133			6
2024.12.23	00:48:31.173	0.93134	0.93134			6
2024.12.23	00:48:34.392	0.93132	0.93132			6
2024.12.23	00:48:34.452	0.93143	0.93143			6
2024.12.23	00:48:34.482	0.93144	0.93144			6
2024.12.23	00:48:35.691	0.93138	0.93138			6
2024.12.23	00:48:35.752	0.93140	0.93140			6
2024.12.23	00:48:36.156	0.93139	0.93139			6
2024.12.23	00:48:40.608	0.93138	0.93138			6
2024.12.23	00:48:40.670	0.93144	0.93144			6
2024.12.23	00:48:41.010	0.93139	0.93139			6
2024.12.23	00:48:41.910	0.93135	0.93135			6
2024.12.23	00:48:42.795	0.93134	0.93134			6
2024.12.23	00:48:42.824	0.93133	0.93133			6
2024.12.23	00:48:42.975	0.93134	0.93134			6
2024.12.23	00:48:43.374	0.93139	0.93139			6
2024.12.23	00:48:43.498	0.93140	0.93140			6
2024.12.23	00:48:44.851	0.93136	0.93136			6
2024.12.23	00:48:46.330	0.93135	0.93135			6
2024.12.23	00:48:47.067	0.93134	0.93134			6
2024.12.23	00:49:01.994	0.93138	0.93138			6
2024.12.23	00:49:02.085	0.93139	0.93139			6
2024.12.23	00:49:02.684	0.93135	0.93135			6
2024.12.23	00:49:03.294	0.93133	0.93133			6
2024.12.23	00:49:03.382	0.93134	0.93134			6
2024.12.23	00:49:04.655	0.93138	0.93138			6
2024.12.23	00:49:05.523	0.93139	0.93139			6
2024.12.23	00:49:05.612	0.93141	0.93141			6
2024.12.23	00:49:05.672	0.93147	0.93147			6
2024.12.23	00:49:05.733	0.93148	0.93148			6
2024.12.23	00:49:05.912	0.93151	0.93151			6
2024.12.23	00:49:05.973	0.93146	0.93146			6
2024.12.23	00:49:06.032	0.93150	0.93150			6
2024.12.23	00:49:08.393	0.93151	0.93151			6
2024.12.23	00:49:09.700	0.93153	0.93153			6
2024.12.23	00:49:11.075	0.93159	0.93159			6
2024.12.23	00:49:11.595	0.93151	0.93151			6
2024.12.23	00:49:11.654	0.93147	0.93147			6
2024.12.23	00:49:11.776	0.93148	0.93148			6
2024.12.23	00:49:12.084	0.93152	0.93152			6
2024.12.23	00:49:12.144	0.93149	0.93149			6
2024.12.23	00:49:12.203	0.93148	0.93148			6
2024.12.23	00:49:13.519	0.93147	0.93147			6
2024.12.23	00:49:14.016	0.93141	0.93141			6
2024.12.23	00:49:14.099	0.93143	0.93143			6
2024.12.23	00:49:15.393	0.93144	0.93144			6
2024.12.23	00:49:15.423	0.93148	0.93148			6
2024.12.23	00:49:17.947	0.93156	0.93156			6
2024.12.23	00:49:18.127	0.93154	0.93154			6
2024.12.23	00:49:18.367	0.93153	0.93153			6
2024.12.23	00:49:21.588	0.93149	0.93149			6
2024.12.23	00:49:21.709	0.93148	0.93148			6
2024.12.23	00:49:30.473	0.93153	0.93153			6
2024.12.23	00:49:32.250	0.93151	0.93151			6
2024.12.23	00:49:32.369	0.93155	0.93155			6
2024.12.23	00:49:33.154	0.93150	0.93150			6
2024.12.23	00:49:33.606	0.93149	0.93149			6
2024.12.23	00:49:36.406	0.93150	0.93150			6
2024.12.23	00:49:36.466	0.93148	0.93148			6
2024.12.23	00:49:36.993	0.93147	0.93147			6
2024.12.23	00:49:38.630	0.93152	0.93152			6
2024.12.23	00:49:38.660	0.93153	0.93153			6
2024.12.23	00:49:41.213	0.93151	0.93151			6
2024.12.23	00:49:44.178	0.93152	0.93152			6
2024.12.23	00:49:45.995	0.93150	0.93150			6
2024.12.23	00:49:51.197	0.93156	0.93156			6
2024.12.23	00:49:51.316	0.93146	0.93146			6
2024.12.23	00:49:51.470	0.93152	0.93152			6
2024.12.23	00:49:51.531	0.93148	0.93148			6
2024.12.23	00:49:51.559	0.93149	0.93149			6
2024.12.23	00:49:51.620	0.93163	0.93163			6
2024.12.23	00:49:52.011	0.93162	0.93162			6
2024.12.23	00:49:53.476	0.93161	0.93161			6
2024.12.23	00:49:54.421	0.93160	0.93160			6
2024.12.23	00:49:58.681	0.93148	0.93148			6
2024.12.23	00:49:58.741	0.93146	0.93146			6
2024.12.23	00:49:58.780	0.93147	0.93147			6
2024.12.23	00:49:58.991	0.93160	0.93160			6
2024.12.23	00:50:01.262	0.93156	0.93156			6
2024.12.23	00:50:01.332	0.93160	0.93160			6
2024.12.23	00:50:02.026	0.93159	0.93159			6
2024.12.23	00:50:02.780	0.93158	0.93158			6
2024.12.23	00:50:03.744	0.93157	0.93157			6
2024.12.23	00:50:05.659	0.93160	0.93160			6
2024.12.23	00:50:06.493	0.93159	0.93159			6
2024.12.23	00:50:06.579	0.93163	0.93163			6
2024.12.23	00:50:06.903	0.93165	0.93165			6
2024.12.23	00:50:07.733	0.93166	0.93166			6
2024.12.23	00:50:08.150	0.93164	0.93164			6
2024.12.23	00:50:08.402	0.93162	0.93162			6
2024.12.23	00:50:08.801	0.93159	0.93159			6
2024.12.23	00:50:09.373	0.93162	0.93162			6
2024.12.23	00:50:09.404	0.93163	0.93163			6
2024.12.23	00:50:09.524	0.93165	0.93165			6
2024.12.23	00:50:10.321	0.93168	0.93168			6
2024.12.23	00:50:11.287	0.93156	0.93156			6
2024.12.23	00:50:11.316	0.93163	0.93163			6
2024.12.23	00:50:11.796	0.93162	0.93162			6
2024.12.23	00:50:13.953	0.93161	0.93161			6
2024.12.23	00:50:16.336	0.93156	0.93156			6
2024.12.23	00:50:21.953	0.93162	0.93162			6
2024.12.23	00:50:24.070	0.93155	0.93155			6
2024.12.23	00:50:24.233	0.93158	0.93158			6
2024.12.23	00:50:25.791	0.93161	0.93161			6
2024.12.23	00:50:25.882	0.93162	0.93162			6
2024.12.23	00:50:26.795	0.93163	0.93163			6
2024.12.23	00:50:27.395	0.93165	0.93165			6
2024.12.23	00:50:27.456	0.93161	0.93161			6
2024.12.23	00:50:27.911	0.93162	0.93162			6
2024.12.23	00:50:30.831	0.93163	0.93163			6
2024.12.23	00:50:31.333	0.93151	0.93151			6
2024.12.23	00:50:31.393	0.93152	0.93152			6
2024.12.23	00:50:32.798	0.93153	0.93153			6
2024.12.23	00:50:37.398	0.93160	0.93160			6
2024.12.23	00:50:39.387	0.93163	0.93163			6
2024.12.23	00:50:40.593	0.93165	0.93165			6
2024.12.23	00:50:41.298	0.93163	0.93163			6
2024.12.23	00:50:41.359	0.93156	0.93156			6
2024.12.23	00:50:42.007	0.93165	0.93165			6
2024.12.23	00:50:45.302	0.93168	0.93168			6
2024.12.23	00:50:45.537	0.93155	0.93155			6
2024.12.23	00:50:45.596	0.93156	0.93156			6
2024.12.23	00:50:45.656	0.93158	0.93158			6
2024.12.23	00:50:46.298	0.93161	0.93161			6
2024.12.23	00:50:47.308	0.93151	0.93151			6
2024.12.23	00:50:47.369	0.93148	0.93148			6
2024.12.23	00:50:51.725	0.93151	0.93151			6
2024.12.23	00:50:52.780	0.93146	0.93146			6
2024.12.23	00:50:52.930	0.93152	0.93152			6
2024.12.23	00:50:53.278	0.93150	0.93150			6
2024.12.23	00:50:54.362	0.93148	0.93148			6
2024.12.23	00:50:54.453	0.93149	0.93149			6
2024.12.23	00:51:00.528	0.93145	0.93145			6
2024.12.23	00:51:00.678	0.93153	0.93153			6
2024.12.23	00:51:00.769	0.93141	0.93141			6
2024.12.23	00:51:00.918	0.93149	0.93149			6
2024.12.23	00:51:01.014	0.93147	0.93147			6
2024.12.23	00:51:01.074	0.93149	0.93149			6
2024.12.23	00:51:01.133	0.93150	0.93150			6
2024.12.23	00:51:01.520	0.93149	0.93149			6
2024.12.23	00:51:02.469	0.93148	0.93148			6
2024.12.23	00:51:02.777	0.93146	0.93146			6
2024.12.23	00:51:02.837	0.93147	0.93147			6
2024.12.23	00:51:03.517	0.93146	0.93146			6
2024.12.23	00:51:04.749	0.93136	0.93136			6
2024.12.23	00:51:04.809	0.93138	0.93138			6
2024.12.23	00:51:04.869	0.93146	0.93146			6
2024.12.23	00:51:05.276	0.93135	0.93135			6
2024.12.23	00:51:05.306	0.93143	0.93143			6
2024.12.23	00:51:05.366	0.93145	0.93145			6
2024.12.23	00:51:05.456	0.93146	0.93146			6
2024.12.23	00:51:05.783	0.93134	0.93134			6
2024.12.23	00:51:05.873	0.93148	0.93148			6
2024.12.23	00:51:06.276	0.93145	0.93145			6
2024.12.23	00:51:06.350	0.93146	0.93146			6
2024.12.23	00:51:08.463	0.93147	0.93147			6
2024.12.23	00:51:11.265	0.93145	0.93145			6
2024.12.23	00:51:11.324	0.93142	0.93142			6
2024.12.23	00:51:11.384	0.93148	0.93148			6
2024.12.23	00:51:11.801	0.93145	0.93145			6
2024.12.23	00:51:11.872	0.93146	0.93146			6
2024.12.23	00:51:14.252	0.93148	0.93148			6
2024.12.23	00:51:14.625	0.93147	0.93147			6
2024.12.23	00:51:14.654	0.93141	0.93141			6
2024.12.23	00:51:14.776	0.93152	0.93152			6
2024.12.23	00:51:15.271	0.93150	0.93150			6
2024.12.23	00:51:15.787	0.93151	0.93151			6
2024.12.23	00:51:16.241	0.93150	0.93150			6
2024.12.23	00:51:16.271	0.93145	0.93145			6
2024.12.23	00:51:16.333	0.93150	0.93150			6
2024.12.23	00:51:17.435	0.93151	0.93151			6
2024.12.23	00:51:18.516	0.93149	0.93149			6
2024.12.23	00:51:18.546	0.93153	0.93153			6
2024.12.23	00:51:21.933	0.93154	0.93154			6
2024.12.23	00:51:23.016	0.93152	0.93152			6
2024.12.23	00:51:23.046	0.93154	0.93154			6
2024.12.23	00:51:24.878	0.93147	0.93147			6
2024.12.23	00:51:24.973	0.93155	0.93155			6
2024.12.23	00:51:25.537	0.93154	0.93154			6
2024.12.23	00:51:25.567	0.93155	0.93155			6
2024.12.23	00:51:27.351	0.93146	0.93146			6
2024.12.23	00:51:27.411	0.93144	0.93144			6
2024.12.23	00:51:27.441	0.93155	0.93155			6
2024.12.23	00:51:27.752	0.93153	0.93153			6
2024.12.23	00:51:30.266	0.93151	0.93151			6
2024.12.23	00:51:30.325	0.93152	0.93152			6
2024.12.23	00:51:30.769	0.93151	0.93151			6
2024.12.23	00:51:30.933	0.93153	0.93153			6
2024.12.23	00:51:31.024	0.93151	0.93151			6
2024.12.23	00:51:31.408	0.93145	0.93145			6
2024.12.23	00:51:31.437	0.93147	0.93147			6
2024.12.23	00:51:31.499	0.93153	0.93153			6
2024.12.23	00:51:31.650	0.93152	0.93152			6
2024.12.23	00:51:33.516	0.93151	0.93151			6
2024.12.23	00:51:33.952	0.93152	0.93152			6
2024.12.23	00:51:34.915	0.93150	0.93150			6
2024.12.23	00:51:34.974	0.93152	0.93152			6
2024.12.23	00:51:38.629	0.93149	0.93149			6
2024.12.23	00:51:38.659	0.93147	0.93147			6
2024.12.23	00:51:38.719	0.93146	0.93146			6
2024.12.23	00:51:38.749	0.93153	0.93153			6
2024.12.23	00:51:39.016	0.93151	0.93151			6
2024.12.23	00:51:39.115	0.93152	0.93152			6
2024.12.23	00:51:39.385	0.93153	0.93153			6
2024.12.23	00:51:42.065	0.93150	0.93150			6
2024.12.23	00:51:42.095	0.93146	0.93146			6
2024.12.23	00:51:42.154	0.93152	0.93152			6
2024.12.23	00:51:43.530	0.93149	0.93149			6
2024.12.23	00:51:43.559	0.93143	0.93143			6
2024.12.23	00:51:43.619	0.93152	0.93152			6
2024.12.23	00:51:43.679	0.93153	0.93153			6
2024.12.23	00:51:45.302	0.93152	0.93152			6
2024.12.23	00:51:45.331	0.93153	0.93153			6
2024.12.23	00:51:45.433	0.93143	0.93143			6
2024.12.23	00:51:45.522	0.93154	0.93154			6
2024.12.23	00:51:45.831	0.93153	0.93153			6
2024.12.23	00:51:51.553	0.93148	0.93148			6
2024.12.23	00:51:51.614	0.93153	0.93153			6
2024.12.23	00:52:00.607	0.93152	0.93152			6
2024.12.23	00:52:01.164	0.93145	0.93145			6
2024.12.23	00:52:01.254	0.93154	0.93154			6
2024.12.23	00:52:01.284	0.93155	0.93155			6
2024.12.23	00:52:01.540	0.93151	0.93151			6
2024.12.23	00:52:01.601	0.93156	0.93156			6
2024.12.23	00:52:01.750	0.93151	0.93151			6
2024.12.23	00:52:03.523	0.93149	0.93149			6
2024.12.23	00:52:03.559	0.93150	0.93150			6
2024.12.23	00:52:03.619	0.93144	0.93144			6
2024.12.23	00:52:03.678	0.93141	0.93141			6
2024.12.23	00:52:03.739	0.93144	0.93144			6
2024.12.23	00:52:04.129	0.93138	0.93138			6
2024.12.23	00:52:04.889	0.93136	0.93136			6
2024.12.23	00:52:05.081	0.93141	0.93141			6
2024.12.23	00:52:05.200	0.93142	0.93142			6
2024.12.23	00:52:05.230	0.93143	0.93143			6
2024.12.23	00:52:05.351	0.93141	0.93141			6
2024.12.23	00:52:05.501	0.93138	0.93138			6
2024.12.23	00:52:05.591	0.93140	0.93140			6
2024.12.23	00:52:06.009	0.93137	0.93137			6
2024.12.23	00:52:06.040	0.93139	0.93139			6
2024.12.23	00:52:06.099	0.93140	0.93140			6
2024.12.23	00:52:06.186	0.93135	0.93135			6
2024.12.23	00:52:06.246	0.93139	0.93139			6
2024.12.23	00:52:06.518	0.93133	0.93133			6
2024.12.23	00:52:08.163	0.93134	0.93134			6
2024.12.23	00:52:11.611	0.93128	0.93128			6
2024.12.23	00:52:11.705	0.93135	0.93135			6
2024.12.23	00:52:12.119	0.93128	0.93128			6
2024.12.23	00:52:12.216	0.93134	0.93134			6
2024.12.23	00:52:12.321	0.93129	0.93129			6
2024.12.23	00:52:12.350	0.93135	0.93135			6
2024.12.23	00:52:12.626	0.93129	0.93129			6
2024.12.23	00:52:12.657	0.93135	0.93135			6
2024.12.23	00:52:14.134	0.93130	0.93130			6
2024.12.23	00:52:14.194	0.93135	0.93135			6
2024.12.23	00:52:14.641	0.93129	0.93129			6
2024.12.23	00:52:14.671	0.93135	0.93135			6
2024.12.23	00:52:14.933	0.93128	0.93128			6
2024.12.23	00:52:14.968	0.93130	0.93130			6
2024.12.23	00:52:15.030	0.93135	0.93135			6
2024.12.23	00:52:21.746	0.93129	0.93129			6
2024.12.23	00:52:21.807	0.93134	0.93134			6
2024.12.23	00:52:22.050	0.93129	0.93129			6
2024.12.23	00:52:23.055	0.93126	0.93126			6
2024.12.23	00:52:23.184	0.93127	0.93127			6
2024.12.23	00:52:23.215	0.93135	0.93135			6
2024.12.23	00:52:23.563	0.93129	0.93129			6
2024.12.23	00:52:23.623	0.93134	0.93134			6
2024.12.23	00:52:24.133	0.93131	0.93131			6
2024.12.23	00:52:26.145	0.93132	0.93132			6
2024.12.23	00:52:38.699	0.93129	0.93129			6
2024.12.23	00:52:38.729	0.93135	0.93135			6
2024.12.23	00:52:38.941	0.93132	0.93132			6
2024.12.23	00:52:39.232	0.93129	0.93129			6
2024.12.23	00:52:39.293	0.93135	0.93135			6
2024.12.23	00:52:39.694	0.93130	0.93130			6
2024.12.23	00:52:39.784	0.93135	0.93135			6
2024.12.23	00:52:40.194	0.93128	0.93128			6
2024.12.23	00:52:40.256	0.93134	0.93134			6
2024.12.23	00:52:40.708	0.93125	0.93125			6
2024.12.23	00:52:40.815	0.93134	0.93134			6
2024.12.23	00:52:41.712	0.93133	0.93133			6
2024.12.23	00:52:42.033	0.93134	0.93134			6
2024.12.23	00:52:42.732	0.93132	0.93132			6
2024.12.23	00:52:42.762	0.93136	0.93136			6
2024.12.23	00:52:43.235	0.93135	0.93135			6
2024.12.23	00:52:45.387	0.93134	0.93134			6
2024.12.23	00:52:45.898	0.93133	0.93133			6
2024.12.23	00:52:45.993	0.93134	0.93134			6
2024.12.23	00:52:46.265	0.93135	0.93135			6
2024.12.23	00:52:46.398	0.93134	0.93134			6
2024.12.23	00:52:46.518	0.93135	0.93135			6
2024.12.23	00:52:48.993	0.93136	0.93136			6
2024.12.23	00:52:50.668	0.93135	0.93135			6
2024.12.23	00:52:52.780	0.93129	0.93129			6
2024.12.23	00:52:52.840	0.93136	0.93136			6
2024.12.23	00:52:55.541	0.93135	0.93135			6
2024.12.23	00:52:59.717	0.93136	0.93136			6
2024.12.23	00:53:08.380	0.93134	0.93134			6
2024.12.23	00:53:08.561	0.93135	0.93135			6
2024.12.23	00:53:08.591	0.93134	0.93134			6
2024.12.23	00:53:09.408	0.93129	0.93129			6
2024.12.23	00:53:09.437	0.93135	0.93135			6
2024.12.23	00:53:09.909	0.93128	0.93128			6
2024.12.23	00:53:09.939	0.93133	0.93133			6
2024.12.23	00:53:10.805	0.93135	0.93135			6
2024.12.23	00:53:12.080	0.93134	0.93134			6
2024.12.23	00:53:14.815	0.93132	0.93132			6
2024.12.23	00:53:14.909	0.93139	0.93139			6
2024.12.23	00:53:15.060	0.93153	0.93153			6
2024.12.23	00:53:15.120	0.93157	0.93157			6
2024.12.23	00:53:15.182	0.93151	0.93151			6
2024.12.23	00:53:15.211	0.93147	0.93147			6
2024.12.23	00:53:15.271	0.93136	0.93136			6
2024.12.23	00:53:15.300	0.93142	0.93142			6
2024.12.23	00:53:15.360	0.93138	0.93138			6
2024.12.23	00:53:15.420	0.93152	0.93152			6
2024.12.23	00:53:15.563	0.93151	0.93151			6
2024.12.23	00:53:15.652	0.93144	0.93144			6
2024.12.23	00:53:15.773	0.93145	0.93145			6
2024.12.23	00:53:18.245	0.93144	0.93144			6
2024.12.23	00:53:18.354	0.93145	0.93145			6
2024.12.23	00:53:22.276	0.93134	0.93134			6
2024.12.23	00:53:22.397	0.93140	0.93140			6
2024.12.23	00:53:22.637	0.93131	0.93131			6
2024.12.23	00:53:22.669	0.93129	0.93129			6
2024.12.23	00:53:22.730	0.93134	0.93134			6
2024.12.23	00:53:22.790	0.93135	0.93135			6
2024.12.23	00:53:23.859	0.93139	0.93139			6
2024.12.23	00:53:24.098	0.93135	0.93135			6
2024.12.23	00:53:24.157	0.93136	0.93136			6
2024.12.23	00:53:24.340	0.93135	0.93135			6
2024.12.23	00:53:24.441	0.93140	0.93140			6
2024.12.23	00:53:24.553	0.93139	0.93139			6
2024.12.23	00:53:25.468	0.93131	0.93131			6
2024.12.23	00:53:25.528	0.93132	0.93132			6
2024.12.23	00:53:25.557	0.93138	0.93138			6
2024.12.23	00:53:25.678	0.93133	0.93133			6
2024.12.23	00:53:25.707	0.93139	0.93139			6
2024.12.23	00:53:25.857	0.93126	0.93126			6
2024.12.23	00:53:25.917	0.93136	0.93136			6
2024.12.23	00:53:26.165	0.93137	0.93137			6
2024.12.23	00:53:26.259	0.93136	0.93136			6
2024.12.23	00:53:28.127	0.93138	0.93138			6
2024.12.23	00:53:31.190	0.93139	0.93139			6
2024.12.23	00:53:31.643	0.93134	0.93134			6
2024.12.23	00:53:31.717	0.93139	0.93139			6
2024.12.23	00:53:31.974	0.93140	0.93140			6
2024.12.23	00:53:34.059	0.93139	0.93139			6
2024.12.23	00:53:34.273	0.93137	0.93137			6
2024.12.23	00:53:34.364	0.93139	0.93139			6
2024.12.23	00:53:34.670	0.93134	0.93134			6
2024.12.23	00:53:34.700	0.93136	0.93136			6
2024.12.23	00:53:34.761	0.93138	0.93138			6
2024.12.23	00:53:35.321	0.93132	0.93132			6
2024.12.23	00:53:35.381	0.93138	0.93138			6
2024.12.23	00:53:39.054	0.93139	0.93139			6
2024.12.23	00:53:40.567	0.93138	0.93138			6
2024.12.23	00:53:41.394	0.93139	0.93139			6
2024.12.23	00:53:45.624	0.93137	0.93137			6
2024.12.23	00:53:45.733	0.93139	0.93139			6
2024.12.23	00:53:45.881	0.93138	0.93138			6
2024.12.23	00:53:45.941	0.93133	0.93133			6
2024.12.23	00:53:46.032	0.93138	0.93138			6
2024.12.23	00:53:46.169	0.93135	0.93135			6
2024.12.23	00:53:46.529	0.93131	0.93131			6
2024.12.23	00:53:46.589	0.93135	0.93135			6
2024.12.23	00:53:46.648	0.93138	0.93138			6
2024.12.23	00:53:46.827	0.93135	0.93135			6
2024.12.23	00:53:46.947	0.93138	0.93138			6
2024.12.23	00:53:49.307	0.93126	0.93126			6
2024.12.23	00:53:49.367	0.93123	0.93123			6
2024.12.23	00:53:49.428	0.93132	0.93132			6
2024.12.23	00:53:49.518	0.93134	0.93134			6
2024.12.23	00:53:49.640	0.93132	0.93132			6
2024.12.23	00:53:49.873	0.93133	0.93133			6
2024.12.23	00:53:49.910	0.93129	0.93129			6
2024.12.23	00:53:50.037	0.93131	0.93131			6
2024.12.23	00:53:50.067	0.93134	0.93134			6
2024.12.23	00:53:50.321	0.93135	0.93135			6
2024.12.23	00:53:50.416	0.93136	0.93136			6
2024.12.23	00:53:50.828	0.93129	0.93129			6
2024.12.23	00:53:50.887	0.93128	0.93128			6
2024.12.23	00:53:50.923	0.93132	0.93132			6
2024.12.23	00:53:51.352	0.93129	0.93129			6
2024.12.23	00:53:51.382	0.93128	0.93128			6
2024.12.23	00:53:51.442	0.93129	0.93129			6
2024.12.23	00:53:51.501	0.93133	0.93133			6
2024.12.23	00:53:51.792	0.93135	0.93135			6
2024.12.23	00:53:51.832	0.93138	0.93138			6
2024.12.23	00:53:51.892	0.93136	0.93136			6
2024.12.23	00:53:52.135	0.93125	0.93125			6
2024.12.23	00:53:52.195	0.93131	0.93131			6
2024.12.23	00:53:52.345	0.93129	0.93129			6
2024.12.23	00:53:53.914	0.93132	0.93132			6
2024.12.23	00:53:54.067	0.93134	0.93134			6
2024.12.23	00:53:54.127	0.93135	0.93135			6
2024.12.23	00:53:54.376	0.93134	0.93134			6
2024.12.23	00:53:58.861	0.93135	0.93135			6
2024.12.23	00:54:01.448	0.93136	0.93136			6
2024.12.23	00:54:01.717	0.93133	0.93133			6
2024.12.23	00:54:04.091	0.93134	0.93134			6
2024.12.23	00:54:04.150	0.93135	0.93135			6
2024.12.23	00:54:04.598	0.93131	0.93131			6
2024.12.23	00:54:04.702	0.93134	0.93134			6
2024.12.23	00:54:08.226	0.93137	0.93137			6
2024.12.23	00:54:10.951	0.93136	0.93136			6
2024.12.23	00:54:11.210	0.93138	0.93138			6
2024.12.23	00:54:15.650	0.93137	0.93137			6
2024.12.23	00:54:18.363	0.93138	0.93138			6
2024.12.23	00:54:20.098	0.93133	0.93133			6
2024.12.23	00:54:20.133	0.93137	0.93137			6
2024.12.23	00:54:20.285	0.93132	0.93132			6
2024.12.23	00:54:20.345	0.93137	0.93137			6
2024.12.23	00:54:22.187	0.93135	0.93135			6
2024.12.23	00:54:22.277	0.93137	0.93137			6
2024.12.23	00:54:23.120	0.93134	0.93134			6
2024.12.23	00:54:23.224	0.93137	0.93137			6
2024.12.23	00:54:23.435	0.93136	0.93136			6
2024.12.23	00:54:23.495	0.93137	0.93137			6
2024.12.23	00:54:23.769	0.93136	0.93136			6
2024.12.23	00:54:28.325	0.93135	0.93135			6
2024.12.23	00:54:28.385	0.93136	0.93136			6
2024.12.23	00:54:31.860	0.93137	0.93137			6
2024.12.23	00:54:32.362	0.93134	0.93134			6
2024.12.23	00:54:32.423	0.93136	0.93136			6
2024.12.23	00:54:32.538	0.93134	0.93134			6
2024.12.23	00:54:32.567	0.93136	0.93136			6
2024.12.23	00:54:32.864	0.93133	0.93133			6
2024.12.23	00:54:32.923	0.93137	0.93137			6
2024.12.23	00:54:33.925	0.93136	0.93136			6
2024.12.23	00:54:35.867	0.93134	0.93134			6
2024.12.23	00:54:35.897	0.93136	0.93136			6
2024.12.23	00:54:37.119	0.93134	0.93134			6
2024.12.23	00:54:37.208	0.93136	0.93136			6
2024.12.23	00:54:39.456	0.93135	0.93135			6
2024.12.23	00:54:47.180	0.93134	0.93134			6
2024.12.23	00:54:50.171	0.93135	0.93135			6
2024.12.23	00:54:57.777	0.93136	0.93136			6
2024.12.23	00:54:59.345	0.93134	0.93134			6
2024.12.23	00:54:59.406	0.93137	0.93137			6
2024.12.23	00:54:59.468	0.93145	0.93145			6
2024.12.23	00:55:00.384	0.93144	0.93144			6
2024.12.23	00:55:01.888	0.93143	0.93143			6
2024.12.23	00:55:02.254	0.93146	0.93146			6
2024.12.23	00:55:02.284	0.93142	0.93142			6
2024.12.23	00:55:02.344	0.93145	0.93145			6
2024.12.23	00:55:02.757	0.93141	0.93141			6
2024.12.23	00:55:02.787	0.93146	0.93146			6
2024.12.23	00:55:03.962	0.93145	0.93145			6
2024.12.23	00:55:04.979	0.93140	0.93140			6
2024.12.23	00:55:05.011	0.93133	0.93133			6
2024.12.23	00:55:05.070	0.93138	0.93138			6
2024.12.23	00:55:05.137	0.93137	0.93137			6
2024.12.23	00:55:05.378	0.93136	0.93136			6
2024.12.23	00:55:05.438	0.93142	0.93142			6
2024.12.23	00:55:05.468	0.93140	0.93140			6
2024.12.23	00:55:05.889	0.93136	0.93136			6
2024.12.23	00:55:05.919	0.93138	0.93138			6
2024.12.23	00:55:06.382	0.93134	0.93134			6
2024.12.23	00:55:07.338	0.93135	0.93135			6
2024.12.23	00:55:08.646	0.93133	0.93133			6
2024.12.23	00:55:08.705	0.93134	0.93134			6
2024.12.23	00:55:08.915	0.93132	0.93132			6
2024.12.23	00:55:09.375	0.93133	0.93133			6
2024.12.23	00:55:09.403	0.93132	0.93132			6
2024.12.23	00:55:09.749	0.93130	0.93130			6
2024.12.23	00:55:09.869	0.93134	0.93134			6
2024.12.23	00:55:09.901	0.93135	0.93135			6
2024.12.23	00:55:10.228	0.93134	0.93134			6
2024.12.23	00:55:10.258	0.93139	0.93139			6
2024.12.23	00:55:10.840	0.93136	0.93136			6
2024.12.23	00:55:11.075	0.93135	0.93135			6
2024.12.23	00:55:11.381	0.93138	0.93138			6
2024.12.23	00:55:11.724	0.93139	0.93139			6
2024.12.23	00:55:11.756	0.93147	0.93147			6
2024.12.23	00:55:11.848	0.93137	0.93137			6
2024.12.23	00:55:11.938	0.93138	0.93138			6
2024.12.23	00:55:12.200	0.93136	0.93136			6
2024.12.23	00:55:12.257	0.93138	0.93138			6
2024.12.23	00:55:12.436	0.93135	0.93135			6
2024.12.23	00:55:12.496	0.93136	0.93136			6
2024.12.23	00:55:12.837	0.93126	0.93126			6
2024.12.23	00:55:12.952	0.93129	0.93129			6
2024.12.23	00:55:13.339	0.93130	0.93130			6
2024.12.23	00:55:13.460	0.93134	0.93134			6
2024.12.23	00:55:13.813	0.93135	0.93135			6
2024.12.23	00:55:13.872	0.93130	0.93130			6
2024.12.23	00:55:13.961	0.93132	0.93132			6
2024.12.23	00:55:13.994	0.93131	0.93131			6
2024.12.23	00:55:14.054	0.93132	0.93132			6
2024.12.23	00:55:14.368	0.93133	0.93133			6
2024.12.23	00:55:15.005	0.93135	0.93135			6
2024.12.23	00:55:15.887	0.93136	0.93136			6
2024.12.23	00:55:16.346	0.93132	0.93132			6
2024.12.23	00:55:16.375	0.93135	0.93135			6
2024.12.23	00:55:16.437	0.93133	0.93133			6
2024.12.23	00:55:16.496	0.93136	0.93136			6
2024.12.23	00:55:16.785	0.93137	0.93137			6
2024.12.23	00:55:16.848	0.93133	0.93133			6
2024.12.23	00:55:16.937	0.93134	0.93134			6
2024.12.23	00:55:16.996	0.93135	0.93135			6
2024.12.23	00:55:17.338	0.93136	0.93136			6
2024.12.23	00:55:17.430	0.93133	0.93133			6
2024.12.23	00:55:17.489	0.93137	0.93137			6
2024.12.23	00:55:17.549	0.93138	0.93138			6
2024.12.23	00:55:17.839	0.93140	0.93140			6
2024.12.23	00:55:17.959	0.93141	0.93141			6
2024.12.23	00:55:17.989	0.93134	0.93134			6
2024.12.23	00:55:18.358	0.93131	0.93131			6
2024.12.23	00:55:18.387	0.93134	0.93134			6
2024.12.23	00:55:18.840	0.93135	0.93135			6
2024.12.23	00:55:18.871	0.93136	0.93136			6
2024.12.23	00:55:18.930	0.93135	0.93135			6
2024.12.23	00:55:18.960	0.93134	0.93134			6
2024.12.23	00:55:19.355	0.93136	0.93136			6
2024.12.23	00:55:19.415	0.93137	0.93137			6
2024.12.23	00:55:19.476	0.93135	0.93135			6
2024.12.23	00:55:19.505	0.93138	0.93138			6
2024.12.23	00:55:19.716	0.93136	0.93136			6
2024.12.23	00:55:19.776	0.93134	0.93134			6
2024.12.23	00:55:19.882	0.93135	0.93135			6
2024.12.23	00:55:19.912	0.93139	0.93139			6
2024.12.23	00:55:20.183	0.93140	0.93140			6
2024.12.23	00:55:22.311	0.93132	0.93132			6
2024.12.23	00:55:22.340	0.93131	0.93131			6
2024.12.23	00:55:22.400	0.93132	0.93132			6
2024.12.23	00:55:22.460	0.93131	0.93131			6
2024.12.23	00:55:22.793	0.93135	0.93135			6
2024.12.23	00:55:22.891	0.93139	0.93139			6
2024.12.23	00:55:23.298	0.93136	0.93136			6
2024.12.23	00:55:23.387	0.93135	0.93135			6
2024.12.23	00:55:23.509	0.93133	0.93133			6
2024.12.23	00:55:23.568	0.93134	0.93134			6
2024.12.23	00:55:23.598	0.93135	0.93135			6
2024.12.23	00:55:23.658	0.93134	0.93134			6
2024.12.23	00:55:23.794	0.93136	0.93136			6
2024.12.23	00:55:23.854	0.93134	0.93134			6
2024.12.23	00:55:23.974	0.93131	0.93131			6
2024.12.23	00:55:24.004	0.93136	0.93136			6
2024.12.23	00:55:24.064	0.93146	0.93146			6
2024.12.23	00:55:24.214	0.93133	0.93133			6
2024.12.23	00:55:24.654	0.93130	0.93130			6
2024.12.23	00:55:24.680	0.93132	0.93132			6
2024.12.23	00:55:24.710	0.93128	0.93128			6
2024.12.23	00:55:25.140	0.93135	0.93135			6
2024.12.23	00:55:25.230	0.93131	0.93131			6
2024.12.23	00:55:25.261	0.93132	0.93132			6
2024.12.23	00:55:25.412	0.93128	0.93128			6
2024.12.23	00:55:25.786	0.93130	0.93130			6
2024.12.23	00:55:26.543	0.93132	0.93132			6
2024.12.23	00:55:26.937	0.93129	0.93129			6
2024.12.23	00:55:27.188	0.93128	0.93128			6
2024.12.23	00:55:27.249	0.93130	0.93130			6
2024.12.23	00:55:27.279	0.93129	0.93129			6
2024.12.23	00:55:28.540	0.93128	0.93128			6
2024.12.23	00:55:29.870	0.93126	0.93126			6
2024.12.23	00:55:30.325	0.93127	0.93127			6
2024.12.23	00:55:31.445	0.93128	0.93128			6
2024.12.23	00:55:31.474	0.93129	0.93129			6
2024.12.23	00:55:31.535	0.93126	0.93126			6
2024.12.23	00:55:32.381	0.93129	0.93129			6
2024.12.23	00:55:33.971	0.93120	0.93120			6
2024.12.23	00:55:34.001	0.93119	0.93119			6
2024.12.23	00:55:34.060	0.93125	0.93125			6
2024.12.23	00:55:34.373	0.93127	0.93127			6
2024.12.23	00:55:34.434	0.93128	0.93128			6
2024.12.23	00:55:34.463	0.93135	0.93135			6
2024.12.23	00:55:34.522	0.93134	0.93134			6
2024.12.23	00:55:34.733	0.93125	0.93125			6
2024.12.23	00:55:34.883	0.93128	0.93128			6
2024.12.23	00:55:34.986	0.93135	0.93135			6
2024.12.23	00:55:35.016	0.93131	0.93131			6
2024.12.23	00:55:35.078	0.93129	0.93129			6
2024.12.23	00:55:35.109	0.93128	0.93128			6
2024.12.23	00:55:35.320	0.93129	0.93129			6
2024.12.23	00:55:35.426	0.93127	0.93127			6
2024.12.23	00:55:35.486	0.93129	0.93129			6
2024.12.23	00:55:35.576	0.93127	0.93127			6
2024.12.23	00:55:35.926	0.93128	0.93128			6
2024.12.23	00:55:36.191	0.93127	0.93127			6
2024.12.23	00:55:36.319	0.93129	0.93129			6
2024.12.23	00:55:36.380	0.93132	0.93132			6
2024.12.23	00:55:36.441	0.93131	0.93131			6
2024.12.23	00:55:36.537	0.93128	0.93128			6
2024.12.23	00:55:36.627	0.93132	0.93132			6
2024.12.23	00:55:36.687	0.93131	0.93131			6
2024.12.23	00:55:36.790	0.93135	0.93135			6
2024.12.23	00:55:36.852	0.93130	0.93130			6
2024.12.23	00:55:36.955	0.93124	0.93124			6
2024.12.23	00:55:37.349	0.93127	0.93127			6
2024.12.23	00:55:37.448	0.93129	0.93129			6
2024.12.23	00:55:37.482	0.93130	0.93130			6
2024.12.23	00:55:39.105	0.93131	0.93131			6
2024.12.23	00:55:39.173	0.93124	0.93124			6
2024.12.23	00:55:39.202	0.93126	0.93126			6
2024.12.23	00:55:39.300	0.93128	0.93128			6
2024.12.23	00:55:39.401	0.93129	0.93129			6
2024.12.23	00:55:42.409	0.93130	0.93130			6
2024.12.23	00:55:42.498	0.93128	0.93128			6
2024.12.23	00:55:42.606	0.93124	0.93124			6
2024.12.23	00:55:42.641	0.93131	0.93131			6
2024.12.23	00:55:42.893	0.93128	0.93128			6
2024.12.23	00:55:42.953	0.93130	0.93130			6
2024.12.23	00:55:45.237	0.93132	0.93132			6
2024.12.23	00:55:45.387	0.93133	0.93133			6
2024.12.23	00:55:45.737	0.93129	0.93129			6
2024.12.23	00:55:45.887	0.93128	0.93128			6
2024.12.23	00:55:46.146	0.93129	0.93129			6
2024.12.23	00:55:49.315	0.93130	0.93130			6
2024.12.23	00:55:49.376	0.93131	0.93131			6
2024.12.23	00:55:49.630	0.93129	0.93129			6
2024.12.23	00:55:49.690	0.93130	0.93130			6
2024.12.23	00:55:49.749	0.93129	0.93129			6
2024.12.23	00:55:49.841	0.93126	0.93126			6
2024.12.23	00:55:49.871	0.93122	0.93122			6
2024.12.23	00:55:49.931	0.93128	0.93128			6
2024.12.23	00:55:50.350	0.93130	0.93130			6
2024.12.23	00:55:50.380	0.93131	0.93131			6
2024.12.23	00:55:50.439	0.93130	0.93130			6
2024.12.23	00:55:50.473	0.93126	0.93126			6
2024.12.23	00:55:50.534	0.93124	0.93124			6
2024.12.23	00:55:50.595	0.93127	0.93127			6
2024.12.23	00:55:50.685	0.93125	0.93125			6
2024.12.23	00:55:50.745	0.93132	0.93132			6
2024.12.23	00:55:50.806	0.93130	0.93130			6
2024.12.23	00:55:50.835	0.93131	0.93131			6
2024.12.23	00:55:50.955	0.93132	0.93132			6
2024.12.23	00:55:50.985	0.93129	0.93129			6
2024.12.23	00:55:51.045	0.93127	0.93127			6
2024.12.23	00:55:51.080	0.93126	0.93126			6
2024.12.23	00:55:52.567	0.93130	0.93130			6
2024.12.23	00:55:53.687	0.93134	0.93134			6
2024.12.23	00:55:53.716	0.93133	0.93133			6
2024.12.23	00:55:55.025	0.93134	0.93134			6
2024.12.23	00:55:55.085	0.93136	0.93136			6
2024.12.23	00:55:55.121	0.93146	0.93146			6
2024.12.23	00:55:55.182	0.93148	0.93148			6
2024.12.23	00:55:55.223	0.93152	0.93152			6
2024.12.23	00:55:55.925	0.93150	0.93150			6
2024.12.23	00:55:55.955	0.93143	0.93143			6
2024.12.23	00:55:55.985	0.93136	0.93136			6
2024.12.23	00:55:56.250	0.93134	0.93134			6
2024.12.23	00:55:56.542	0.93129	0.93129			6
2024.12.23	00:55:56.602	0.93131	0.93131			6
2024.12.23	00:55:57.055	0.93133	0.93133			6
2024.12.23	00:55:57.115	0.93141	0.93141			6
2024.12.23	00:55:57.204	0.93129	0.93129			6
2024.12.23	00:55:57.553	0.93132	0.93132			6
2024.12.23	00:55:57.613	0.93135	0.93135			6
2024.12.23	00:55:57.803	0.93130	0.93130			6
2024.12.23	00:55:58.525	0.93131	0.93131			6
2024.12.23	00:55:58.556	0.93127	0.93127			6
2024.12.23	00:55:58.615	0.93132	0.93132			6
2024.12.23	00:55:59.023	0.93135	0.93135			6
2024.12.23	00:55:59.137	0.93136	0.93136			6
2024.12.23	00:55:59.423	0.93131	0.93131			6
2024.12.23	00:56:00.094	0.93135	0.93135			6
2024.12.23	00:56:00.151	0.93136	0.93136			6
2024.12.23	00:56:00.241	0.93132	0.93132			6
2024.12.23	00:56:00.304	0.93133	0.93133			6
2024.12.23	00:56:00.375	0.93132	0.93132			6
2024.12.23	00:56:00.435	0.93133	0.93133			6
2024.12.23	00:56:00.495	0.93135	0.93135			6
2024.12.23	00:56:00.555	0.93136	0.93136			6
2024.12.23	00:56:02.385	0.93135	0.93135			6
2024.12.23	00:56:02.474	0.93136	0.93136			6
2024.12.23	00:56:02.564	0.93138	0.93138			6
2024.12.23	00:56:02.778	0.93135	0.93135			6
2024.12.23	00:56:02.809	0.93140	0.93140			6
2024.12.23	00:56:02.975	0.93139	0.93139			6
2024.12.23	00:56:03.485	0.93138	0.93138			6
2024.12.23	00:56:03.575	0.93137	0.93137			6
2024.12.23	00:56:03.978	0.93134	0.93134			6
2024.12.23	00:56:04.039	0.93137	0.93137			6
2024.12.23	00:56:04.485	0.93135	0.93135			6
2024.12.23	00:56:04.545	0.93137	0.93137			6
2024.12.23	00:56:04.605	0.93136	0.93136			6
2024.12.23	00:56:04.635	0.93134	0.93134			6
2024.12.23	00:56:04.695	0.93135	0.93135			6
2024.12.23	00:56:04.755	0.93137	0.93137			6
2024.12.23	00:56:04.784	0.93134	0.93134			6
2024.12.23	00:56:04.845	0.93133	0.93133			6
2024.12.23	00:56:04.880	0.93126	0.93126			6
2024.12.23	00:56:04.940	0.93124	0.93124			6
2024.12.23	00:56:04.999	0.93134	0.93134			6
2024.12.23	00:56:06.971	0.93129	0.93129			6
2024.12.23	00:56:07.077	0.93132	0.93132			6
2024.12.23	00:56:07.474	0.93130	0.93130			6
2024.12.23	00:56:07.563	0.93136	0.93136			6
2024.12.23	00:56:07.624	0.93128	0.93128			6
2024.12.23	00:56:07.936	0.93131	0.93131			6
2024.12.23	00:56:07.967	0.93138	0.93138			6
2024.12.23	00:56:08.026	0.93131	0.93131			6
2024.12.23	00:56:08.087	0.93132	0.93132			6
2024.12.23	00:56:08.117	0.93130	0.93130			6
2024.12.23	00:56:09.450	0.93131	0.93131			6
2024.12.23	00:56:09.479	0.93133	0.93133			6
2024.12.23	00:56:09.749	0.93131	0.93131			6
2024.12.23	00:56:09.779	0.93132	0.93132			6
2024.12.23	00:56:09.841	0.93136	0.93136			6
2024.12.23	00:56:09.902	0.93135	0.93135			6
2024.12.23	00:56:10.143	0.93127	0.93127			6
2024.12.23	00:56:10.203	0.93136	0.93136			6
2024.12.23	00:56:10.442	0.93138	0.93138			6
2024.12.23	00:56:10.504	0.93131	0.93131			6
2024.12.23	00:56:10.563	0.93135	0.93135			6
2024.12.23	00:56:10.593	0.93132	0.93132			6
2024.12.23	00:56:10.955	0.93138	0.93138			6
2024.12.23	00:56:10.993	0.93133	0.93133			6
2024.12.23	00:56:11.259	0.93129	0.93129			6
2024.12.23	00:56:11.326	0.93131	0.93131			6
2024.12.23	00:56:11.356	0.93129	0.93129			6
2024.12.23	00:56:11.448	0.93130	0.93130			6
2024.12.23	00:56:11.508	0.93131	0.93131			6
2024.12.23	00:56:11.548	0.93133	0.93133			6
2024.12.23	00:56:11.608	0.93134	0.93134			6
2024.12.23	00:56:11.728	0.93130	0.93130			6
2024.12.23	00:56:11.908	0.93135	0.93135			6
2024.12.23	00:56:12.030	0.93131	0.93131			6
2024.12.23	00:56:12.108	0.93132	0.93132			6
2024.12.23	00:56:12.228	0.93134	0.93134			6
2024.12.23	00:56:12.257	0.93135	0.93135			6
2024.12.23	00:56:12.317	0.93131	0.93131			6
2024.12.23	00:56:12.378	0.93130	0.93130			6
2024.12.23	00:56:12.410	0.93131	0.93131			6
2024.12.23	00:56:13.355	0.93129	0.93129			6
2024.12.23	00:56:13.415	0.93132	0.93132			6
2024.12.23	00:56:13.763	0.93134	0.93134			6
2024.12.23	00:56:13.822	0.93135	0.93135			6
2024.12.23	00:56:14.146	0.93137	0.93137			6
2024.12.23	00:56:14.758	0.93141	0.93141			6
2024.12.23	00:56:14.855	0.93142	0.93142			6
2024.12.23	00:56:14.884	0.93140	0.93140			6
2024.12.23	00:56:14.982	0.93135	0.93135			6
2024.12.23	00:56:15.042	0.93133	0.93133			6
2024.12.23	00:56:15.134	0.93132	0.93132			6
2024.12.23	00:56:15.194	0.93135	0.93135			6
2024.12.23	00:56:15.254	0.93136	0.93136			6
2024.12.23	00:56:15.286	0.93134	0.93134			6
2024.12.23	00:56:15.863	0.93131	0.93131			6
2024.12.23	00:56:16.345	0.93129	0.93129			6
2024.12.23	00:56:16.405	0.93134	0.93134			6
2024.12.23	00:56:16.650	0.93129	0.93129			6
2024.12.23	00:56:16.709	0.93128	0.93128			6
2024.12.23	00:56:16.771	0.93131	0.93131			6
2024.12.23	00:56:16.801	0.93132	0.93132			6
2024.12.23	00:56:16.832	0.93127	0.93127			6
2024.12.23	00:56:17.116	0.93133	0.93133			6
2024.12.23	00:56:17.412	0.93145	0.93145			6
2024.12.23	00:56:17.534	0.93132	0.93132			6
2024.12.23	00:56:17.654	0.93125	0.93125			6
2024.12.23	00:56:22.573	0.93134	0.93134			6
2024.12.23	00:56:22.604	0.93136	0.93136			6
2024.12.23	00:56:22.795	0.93131	0.93131			6
2024.12.23	00:56:22.996	0.93123	0.93123			6
2024.12.23	00:56:23.026	0.93127	0.93127			6
2024.12.23	00:56:23.478	0.93124	0.93124			6
2024.12.23	00:56:26.988	0.93122	0.93122			6
2024.12.23	00:56:27.535	0.93124	0.93124			6
2024.12.23	00:56:27.596	0.93128	0.93128			6
2024.12.23	00:56:27.881	0.93135	0.93135			6
2024.12.23	00:56:28.001	0.93131	0.93131			6
2024.12.23	00:56:28.090	0.93132	0.93132			6
2024.12.23	00:56:28.151	0.93136	0.93136			6
2024.12.23	00:56:28.241	0.93127	0.93127			6
2024.12.23	00:56:28.301	0.93130	0.93130			6
2024.12.23	00:56:28.360	0.93138	0.93138			6
2024.12.23	00:56:28.390	0.93137	0.93137			6
2024.12.23	00:56:28.451	0.93126	0.93126			6
2024.12.23	00:56:28.511	0.93124	0.93124			6
2024.12.23	00:56:28.609	0.93133	0.93133			6
2024.12.23	00:56:28.639	0.93130	0.93130			6
2024.12.23	00:56:29.862	0.93131	0.93131			6
2024.12.23	00:56:30.167	0.93125	0.93125			6
2024.12.23	00:56:30.201	0.93126	0.93126			6
2024.12.23	00:56:30.261	0.93125	0.93125			6
2024.12.23	00:56:30.321	0.93127	0.93127			6
2024.12.23	00:56:30.413	0.93129	0.93129			6
