<DATE>	<TIME>	<BID>	<ASK>	<LAST>	<VOLUME>	<FLAGS>
2024.02.27	00:00:02.464	0.95493	0.95493			6
2024.02.27	00:00:03.148	0.95492	0.95492			6
2024.02.27	00:00:03.224	0.95495	0.95495			6
2024.02.27	00:00:04.185	0.95494	0.95494			6
2024.02.27	00:00:04.243	0.95493	0.95493			6
2024.02.27	00:01:10.135	0.95503	0.95503			6
2024.02.27	00:01:26.154	0.95508	0.95508			6
2024.02.27	00:01:26.184	0.95509	0.95509			6
2024.02.27	00:01:40.834	0.95503	0.95503			6
2024.02.27	00:02:35.210	0.95509	0.95509			6
2024.02.27	00:02:42.523	0.95502	0.95502			6
2024.02.27	00:03:05.637	0.95502				2
2024.02.27	00:05:01.098	0.95504	0.95504			6
2024.02.27	00:05:01.523	0.95503	0.95503			6
2024.02.27	00:05:02.095	0.95502	0.95502			6
2024.02.27	00:05:02.356	0.95504	0.95504			6
2024.02.27	00:05:04.097	0.95509	0.95509			6
2024.02.27	00:05:04.716	0.95505	0.95505			6
2024.02.27	00:05:09.448	0.95507	0.95507			6
2024.02.27	00:05:10.460	0.95505	0.95505			6
2024.02.27	00:05:12.066	0.95517	0.95517			6
2024.02.27	00:05:12.638	0.95518	0.95518			6
2024.02.27	00:05:14.457	0.95514	0.95514			6
2024.02.27	00:05:19.787	0.95513	0.95513			6
2024.02.27	00:05:23.520	0.95515	0.95515			6
2024.02.27	00:05:25.269	0.95516	0.95516			6
2024.02.27	00:05:35.150	0.95515	0.95515			6
2024.02.27	00:05:35.640	0.95518	0.95518			6
2024.02.27	00:05:58.629	0.95514	0.95514			6
2024.02.27	00:06:17.128	0.95513	0.95513			6
2024.02.27	00:06:56.743	0.95512	0.95512			6
2024.02.27	00:07:25.006	0.95511	0.95511			6
2024.02.27	00:07:25.554	0.95515	0.95515			6
2024.02.27	00:07:25.613	0.95514	0.95514			6
2024.02.27	00:07:25.935	0.95513	0.95513			6
2024.02.27	00:07:46.397	0.95512	0.95512			6
2024.02.27	00:08:08.239	0.95516	0.95516			6
2024.02.27	00:08:10.310	0.95515	0.95515			6
2024.02.27	00:08:25.969	0.95511	0.95511			6
2024.02.27	00:08:30.016	0.95514	0.95514			6
2024.02.27	00:08:30.045	0.95520	0.95520			6
2024.02.27	00:08:35.974	0.95511	0.95511			6
2024.02.27	00:08:39.266	0.95516	0.95516			6
2024.02.27	00:08:39.296	0.95522	0.95522			6
2024.02.27	00:08:42.912	0.95516	0.95516			6
2024.02.27	00:08:42.943	0.95511	0.95511			6
2024.02.27	00:08:54.078	0.95501	0.95501			6
2024.02.27	00:08:54.108	0.95500	0.95500			6
2024.02.27	00:08:54.139	0.95495	0.95495			6
2024.02.27	00:08:54.198	0.95498	0.95498			6
2024.02.27	00:08:54.228	0.95495	0.95495			6
2024.02.27	00:09:09.364	0.95494	0.95494			6
2024.02.27	00:09:09.394	0.95497	0.95497			6
2024.02.27	00:09:10.360	0.95493	0.95493			6
2024.02.27	00:09:10.391	0.95495	0.95495			6
2024.02.27	00:09:32.003	0.95497	0.95497			6
2024.02.27	00:09:33.002	0.95494	0.95494			6
2024.02.27	00:09:33.032	0.95495	0.95495			6
2024.02.27	00:10:03.366	0.95472	0.95472			6
2024.02.27	00:10:23.337	0.95474	0.95474			6
2024.02.27	00:10:23.366	0.95472	0.95472			6
2024.02.27	00:10:33.382	0.95473	0.95473			6
2024.02.27	00:10:44.145	0.95472	0.95472			6
2024.02.27	00:10:44.175	0.95473	0.95473			6
2024.02.27	00:11:17.557	0.95477	0.95477			6
2024.02.27	00:11:17.586	0.95486	0.95486			6
2024.02.27	00:11:17.616	0.95485	0.95485			6
2024.02.27	00:11:44.188	0.95484	0.95484			6
2024.02.27	00:11:54.724	0.95485	0.95485			6
2024.02.27	00:12:48.564	0.95487	0.95487			6
2024.02.27	00:12:55.756	0.95486	0.95486			6
2024.02.27	00:12:58.010	0.95487	0.95487			6
2024.02.27	00:13:35.352	0.95486	0.95486			6
2024.02.27	00:13:38.522	0.95488	0.95488			6
2024.02.27	00:13:38.551	0.95489	0.95489			6
2024.02.27	00:16:07.311	0.95490	0.95490			6
2024.02.27	00:16:16.598	0.95485	0.95485			6
2024.02.27	00:16:16.628	0.95486	0.95486			6
2024.02.27	00:16:26.799	0.95487	0.95487			6
2024.02.27	00:16:50.805	0.95486	0.95486			6
2024.02.27	00:16:58.720	0.95489	0.95489			6
2024.02.27	00:16:58.752	0.95486	0.95486			6
2024.02.27	00:17:34.215	0.95492	0.95492			6
2024.02.27	00:17:34.534	0.95488	0.95488			6
2024.02.27	00:17:34.625	0.95485	0.95485			6
2024.02.27	00:17:34.654	0.95487	0.95487			6
2024.02.27	00:17:34.864	0.95486	0.95486			6
2024.02.27	00:17:35.007	0.95493	0.95493			6
2024.02.27	00:17:35.037	0.95488	0.95488			6
2024.02.27	00:17:36.067	0.95487	0.95487			6
2024.02.27	00:17:37.185	0.95490	0.95490			6
2024.02.27	00:17:39.816	0.95489	0.95489			6
2024.02.27	00:17:46.304	0.95488	0.95488			6
2024.02.27	00:17:58.897	0.95489	0.95489			6
2024.02.27	00:18:35.883	0.95486	0.95486			6
2024.02.27	00:18:35.941	0.95491	0.95491			6
2024.02.27	00:18:35.972	0.95486	0.95486			6
2024.02.27	00:18:39.742	0.95485	0.95485			6
2024.02.27	00:18:48.030	0.95490	0.95490			6
2024.02.27	00:18:48.059	0.95486	0.95486			6
2024.02.27	00:18:48.675	0.95485	0.95485			6
2024.02.27	00:18:49.478	0.95489	0.95489			6
2024.02.27	00:18:51.045	0.95488	0.95488			6
2024.02.27	00:18:51.807	0.95485	0.95485			6
2024.02.27	00:18:52.521	0.95487	0.95487			6
2024.02.27	00:18:52.735	0.95486	0.95486			6
2024.02.27	00:18:56.953	0.95480	0.95480			6
2024.02.27	00:18:56.983	0.95484	0.95484			6
2024.02.27	00:18:57.395	0.95486	0.95486			6
2024.02.27	00:19:00.105	0.95485	0.95485			6
2024.02.27	00:19:00.135	0.95486	0.95486			6
2024.02.27	00:19:00.434	0.95487	0.95487			6
2024.02.27	00:19:00.463	0.95485	0.95485			6
2024.02.27	00:19:02.367	0.95470	0.95470			6
2024.02.27	00:19:02.398	0.95466	0.95466			6
2024.02.27	00:19:02.902	0.95469	0.95469			6
2024.02.27	00:19:02.932	0.95466	0.95466			6
2024.02.27	00:19:03.249	0.95471	0.95471			6
2024.02.27	00:19:03.279	0.95466	0.95466			6
2024.02.27	00:19:03.928	0.95468	0.95468			6
2024.02.27	00:19:03.958	0.95466	0.95466			6
2024.02.27	00:19:05.033	0.95471	0.95471			6
2024.02.27	00:19:05.064	0.95466	0.95466			6
2024.02.27	00:19:06.284	0.95458	0.95458			6
2024.02.27	00:19:06.314	0.95461	0.95461			6
2024.02.27	00:19:07.364	0.95466	0.95466			6
2024.02.27	00:19:07.394	0.95461	0.95461			6
2024.02.27	00:19:07.485	0.95466	0.95466			6
2024.02.27	00:19:07.515	0.95461	0.95461			6
2024.02.27	00:19:08.638	0.95466	0.95466			6
2024.02.27	00:19:08.669	0.95461	0.95461			6
2024.02.27	00:19:08.728	0.95466	0.95466			6
2024.02.27	00:19:08.759	0.95461	0.95461			6
2024.02.27	00:19:09.414	0.95466	0.95466			6
2024.02.27	00:19:09.445	0.95461	0.95461			6
2024.02.27	00:19:10.132	0.95466	0.95466			6
2024.02.27	00:19:10.163	0.95461	0.95461			6
2024.02.27	00:19:11.909	0.95466	0.95466			6
2024.02.27	00:19:11.938	0.95461	0.95461			6
2024.02.27	00:19:12.289	0.95459	0.95459			6
2024.02.27	00:19:12.319	0.95461	0.95461			6
2024.02.27	00:19:12.437	0.95468	0.95468			6
2024.02.27	00:19:12.791	0.95474	0.95474			6
2024.02.27	00:19:12.821	0.95468	0.95468			6
2024.02.27	00:19:14.765	0.95478	0.95478			6
2024.02.27	00:19:15.442	0.95492	0.95492			6
2024.02.27	00:19:15.622	0.95487	0.95487			6
2024.02.27	00:19:15.772	0.95492	0.95492			6
2024.02.27	00:19:16.037	0.95494	0.95494			6
2024.02.27	00:19:16.342	0.95489	0.95489			6
2024.02.27	00:19:16.402	0.95486	0.95486			6
2024.02.27	00:19:20.343	0.95477	0.95477			6
2024.02.27	00:19:20.641	0.95475	0.95475			6
2024.02.27	00:19:22.727	0.95474	0.95474			6
2024.02.27	00:19:24.291	0.95470	0.95470			6
2024.02.27	00:19:30.290	0.95463	0.95463			6
2024.02.27	00:19:36.052	0.95462	0.95462			6
2024.02.27	00:19:36.319	0.95461	0.95461			6
2024.02.27	00:19:37.511	0.95462	0.95462			6
2024.02.27	00:19:39.383	0.95465	0.95465			6
2024.02.27	00:19:39.414	0.95462	0.95462			6
2024.02.27	00:19:47.298	0.95483	0.95483			6
2024.02.27	00:19:47.903	0.95482	0.95482			6
2024.02.27	00:19:48.468	0.95484	0.95484			6
2024.02.27	00:19:49.303	0.95482	0.95482			6
2024.02.27	00:19:50.206	0.95476	0.95476			6
2024.02.27	00:19:53.816	0.95477	0.95477			6
2024.02.27	00:19:55.040	0.95476	0.95476			6
2024.02.27	00:19:55.100	0.95477	0.95477			6
2024.02.27	00:20:01.481	0.95485	0.95485			6
2024.02.27	00:20:01.540	0.95484	0.95484			6
2024.02.27	00:20:01.630	0.95483	0.95483			6
2024.02.27	00:20:01.936	0.95482	0.95482			6
2024.02.27	00:20:02.176	0.95485	0.95485			6
2024.02.27	00:20:02.206	0.95483	0.95483			6
2024.02.27	00:20:02.954	0.95480	0.95480			6
2024.02.27	00:20:03.843	0.95490	0.95490			6
2024.02.27	00:20:03.873	0.95491	0.95491			6
2024.02.27	00:20:06.367	0.95497	0.95497			6
2024.02.27	00:20:09.508	0.95500	0.95500			6
2024.02.27	00:20:13.333	0.95499	0.95499			6
2024.02.27	00:20:23.165	0.95500	0.95500			6
2024.02.27	00:20:24.770	0.95505	0.95505			6
2024.02.27	00:20:24.799	0.95502	0.95502			6
2024.02.27	00:20:26.671	0.95500	0.95500			6
2024.02.27	00:20:31.364	0.95480	0.95480			6
2024.02.27	00:20:31.636	0.95472	0.95472			6
2024.02.27	00:20:35.464	0.95471	0.95471			6
2024.02.27	00:20:38.046	0.95473	0.95473			6
2024.02.27	00:20:38.363	0.95483	0.95483			6
2024.02.27	00:20:41.014	0.95485	0.95485			6
2024.02.27	00:20:41.296	0.95484	0.95484			6
2024.02.27	00:20:44.063	0.95489	0.95489			6
2024.02.27	00:20:44.368	0.95490	0.95490			6
2024.02.27	00:20:44.706	0.95491	0.95491			6
2024.02.27	00:20:46.013	0.95492	0.95492			6
2024.02.27	00:20:47.307	0.95495	0.95495			6
2024.02.27	00:20:47.656	0.95493	0.95493			6
2024.02.27	00:20:49.484	0.95495	0.95495			6
2024.02.27	00:20:49.550	0.95496	0.95496			6
2024.02.27	00:20:49.832	0.95498	0.95498			6
2024.02.27	00:20:49.870	0.95496	0.95496			6
2024.02.27	00:20:50.806	0.95487	0.95487			6
2024.02.27	00:20:50.836	0.95488	0.95488			6
2024.02.27	00:20:50.865	0.95484	0.95484			6
2024.02.27	00:20:51.232	0.95482	0.95482			6
2024.02.27	00:20:53.826	0.95483	0.95483			6
2024.02.27	00:20:54.810	0.95484	0.95484			6
2024.02.27	00:20:55.144	0.95485	0.95485			6
2024.02.27	00:20:55.731	0.95480	0.95480			6
2024.02.27	00:20:55.998	0.95481	0.95481			6
2024.02.27	00:21:09.074	0.95484	0.95484			6
2024.02.27	00:21:13.966	0.95486	0.95486			6
2024.02.27	00:21:13.996	0.95487	0.95487			6
2024.02.27	00:21:14.267	0.95485	0.95485			6
2024.02.27	00:21:14.882	0.95483	0.95483			6
2024.02.27	00:21:16.962	0.95481	0.95481			6
2024.02.27	00:21:21.409	0.95482	0.95482			6
2024.02.27	00:21:21.881	0.95479	0.95479			6
2024.02.27	00:21:21.941	0.95478	0.95478			6
2024.02.27	00:21:22.061	0.95477	0.95477			6
2024.02.27	00:21:22.213	0.95480	0.95480			6
2024.02.27	00:21:22.903	0.95482	0.95482			6
2024.02.27	00:21:23.939	0.95480	0.95480			6
2024.02.27	00:21:23.998	0.95479	0.95479			6
2024.02.27	00:21:24.058	0.95480	0.95480			6
2024.02.27	00:21:28.300	0.95481	0.95481			6
2024.02.27	00:21:28.331	0.95482	0.95482			6
2024.02.27	00:21:31.752	0.95483	0.95483			6
2024.02.27	00:21:32.703	0.95481	0.95481			6
2024.02.27	00:21:35.174	0.95482	0.95482			6
2024.02.27	00:21:38.260	0.95475	0.95475			6
2024.02.27	00:21:38.291	0.95470	0.95470			6
2024.02.27	00:21:38.388	0.95476	0.95476			6
2024.02.27	00:21:39.620	0.95478	0.95478			6
2024.02.27	00:21:43.058	0.95468	0.95468			6
2024.02.27	00:21:43.337	0.95466	0.95466			6
2024.02.27	00:21:43.643	0.95467	0.95467			6
2024.02.27	00:21:43.983	0.95465	0.95465			6
2024.02.27	00:21:45.033	0.95466	0.95466			6
2024.02.27	00:21:45.675	0.95468	0.95468			6
2024.02.27	00:21:48.498	0.95466	0.95466			6
2024.02.27	00:21:49.147	0.95465	0.95465			6
2024.02.27	00:21:52.327	0.95466	0.95466			6
2024.02.27	00:21:55.339	0.95467	0.95467			6
2024.02.27	00:22:00.016	0.95466	0.95466			6
2024.02.27	00:22:00.446	0.95467	0.95467			6
2024.02.27	00:22:01.398	0.95466	0.95466			6
2024.02.27	00:22:02.903	0.95465	0.95465			6
2024.02.27	00:22:02.933	0.95466	0.95466			6
2024.02.27	00:22:03.237	0.95468	0.95468			6
2024.02.27	00:22:04.935	0.95469	0.95469			6
2024.02.27	00:22:04.965	0.95473	0.95473			6
2024.02.27	00:22:05.026	0.95479	0.95479			6
2024.02.27	00:22:19.285	0.95490	0.95490			6
2024.02.27	00:22:19.364	0.95481	0.95481			6
2024.02.27	00:22:21.089	0.95479	0.95479			6
2024.02.27	00:22:21.618	0.95480	0.95480			6
2024.02.27	00:22:21.649	0.95483	0.95483			6
2024.02.27	00:22:21.679	0.95480	0.95480			6
2024.02.27	00:22:24.984	0.95494	0.95494			6
2024.02.27	00:22:28.101	0.95495	0.95495			6
2024.02.27	00:22:28.131	0.95498	0.95498			6
2024.02.27	00:22:29.364	0.95501	0.95501			6
2024.02.27	00:22:30.634	0.95492	0.95492			6
2024.02.27	00:22:30.665	0.95482	0.95482			6
2024.02.27	00:22:34.332	0.95473	0.95473			6
2024.02.27	00:22:34.362	0.95470	0.95470			6
2024.02.27	00:22:38.803	0.95469	0.95469			6
2024.02.27	00:22:39.701	0.95468	0.95468			6
2024.02.27	00:22:39.731	0.95469	0.95469			6
2024.02.27	00:22:50.835	0.95474	0.95474			6
2024.02.27	00:22:50.924	0.95480	0.95480			6
2024.02.27	00:22:50.954	0.95482	0.95482			6
2024.02.27	00:22:50.986	0.95477	0.95477			6
2024.02.27	00:22:51.235	0.95482	0.95482			6
2024.02.27	00:22:54.494	0.95495	0.95495			6
2024.02.27	00:22:54.796	0.95500	0.95500			6
2024.02.27	00:22:57.962	0.95503	0.95503			6
2024.02.27	00:22:58.993	0.95500	0.95500			6
2024.02.27	00:22:59.023	0.95488	0.95488			6
2024.02.27	00:22:59.053	0.95490	0.95490			6
2024.02.27	00:22:59.082	0.95502	0.95502			6
2024.02.27	00:23:02.824	0.95474	0.95474			6
2024.02.27	00:23:02.944	0.95475	0.95475			6
2024.02.27	00:23:03.005	0.95481	0.95481			6
2024.02.27	00:23:03.428	0.95484	0.95484			6
2024.02.27	00:23:07.302	0.95481	0.95481			6
2024.02.27	00:23:18.044	0.95484	0.95484			6
2024.02.27	00:23:22.228	0.95477	0.95477			6
2024.02.27	00:23:22.258	0.95472	0.95472			6
2024.02.27	00:23:29.793	0.95470	0.95470			6
2024.02.27	00:23:30.995	0.95471	0.95471			6
2024.02.27	00:23:32.004	0.95473	0.95473			6
2024.02.27	00:23:36.032	0.95471	0.95471			6
2024.02.27	00:23:41.121	0.95470	0.95470			6
2024.02.27	00:23:44.280	0.95471	0.95471			6
2024.02.27	00:23:58.500	0.95470	0.95470			6
2024.02.27	00:24:03.237	0.95474	0.95474			6
2024.02.27	00:24:15.554	0.95484	0.95484			6
2024.02.27	00:24:16.603	0.95475	0.95475			6
2024.02.27	00:24:24.559	0.95471	0.95471			6
2024.02.27	00:24:25.061	0.95475	0.95475			6
2024.02.27	00:24:31.965	0.95473	0.95473			6
2024.02.27	00:24:46.414	0.95483	0.95483			6
2024.02.27	00:24:48.530	0.95482	0.95482			6
2024.02.27	00:24:48.942	0.95472	0.95472			6
2024.02.27	00:24:49.003	0.95475	0.95475			6
2024.02.27	00:24:49.035	0.95482	0.95482			6
2024.02.27	00:24:49.068	0.95480	0.95480			6
2024.02.27	00:24:49.128	0.95482	0.95482			6
2024.02.27	00:24:49.735	0.95486	0.95486			6
2024.02.27	00:24:58.285	0.95488	0.95488			6
2024.02.27	00:25:00.046	0.95481	0.95481			6
2024.02.27	00:25:00.318	0.95484	0.95484			6
2024.02.27	00:25:02.700	0.95487	0.95487			6
2024.02.27	00:25:07.073	0.95486	0.95486			6
2024.02.27	00:25:11.257	0.95475	0.95475			6
2024.02.27	00:25:19.543	0.95483	0.95483			6
2024.02.27	00:25:21.804	0.95481	0.95481			6
2024.02.27	00:25:21.833	0.95477	0.95477			6
2024.02.27	00:25:22.397	0.95482	0.95482			6
2024.02.27	00:25:26.082	0.95479	0.95479			6
2024.02.27	00:25:50.456	0.95480	0.95480			6
2024.02.27	00:26:05.212	0.95482	0.95482			6
2024.02.27	00:26:05.577	0.95478	0.95478			6
2024.02.27	00:26:07.302	0.95477	0.95477			6
2024.02.27	00:26:07.363	0.95476	0.95476			6
2024.02.27	00:26:12.295	0.95475	0.95475			6
2024.02.27	00:26:15.608	0.95474	0.95474			6
2024.02.27	00:26:21.053	0.95477	0.95477			6
2024.02.27	00:26:21.083	0.95478	0.95478			6
2024.02.27	00:26:21.725	0.95472	0.95472			6
2024.02.27	00:26:22.024	0.95469	0.95469			6
2024.02.27	00:26:26.884	0.95472	0.95472			6
2024.02.27	00:26:27.684	0.95470	0.95470			6
2024.02.27	00:26:33.384	0.95473	0.95473			6
2024.02.27	00:26:34.435	0.95479	0.95479			6
2024.02.27	00:26:34.465	0.95475	0.95475			6
2024.02.27	00:26:34.764	0.95472	0.95472			6
2024.02.27	00:26:38.104	0.95470	0.95470			6
2024.02.27	00:26:43.221	0.95471	0.95471			6
2024.02.27	00:26:45.854	0.95481	0.95481			6
2024.02.27	00:26:45.945	0.95475	0.95475			6
2024.02.27	00:26:46.713	0.95472	0.95472			6
2024.02.27	00:26:46.991	0.95471	0.95471			6
2024.02.27	00:26:47.020	0.95470	0.95470			6
2024.02.27	00:26:47.532	0.95468	0.95468			6
2024.02.27	00:26:52.622	0.95471	0.95471			6
2024.02.27	00:26:52.836	0.95473	0.95473			6
2024.02.27	00:27:03.603	0.95474	0.95474			6
2024.02.27	00:27:03.632	0.95471	0.95471			6
2024.02.27	00:27:03.691	0.95467	0.95467			6
2024.02.27	00:27:08.374	0.95465	0.95465			6
2024.02.27	00:27:08.502	0.95471	0.95471			6
2024.02.27	00:27:12.366	0.95468	0.95468			6
2024.02.27	00:27:18.686	0.95466	0.95466			6
2024.02.27	00:27:28.276	0.95468	0.95468			6
2024.02.27	00:27:28.366	0.95469	0.95469			6
2024.02.27	00:27:28.660	0.95466	0.95466			6
2024.02.27	00:27:35.704	0.95470	0.95470			6
2024.02.27	00:27:35.763	0.95466	0.95466			6
2024.02.27	00:27:36.705	0.95471	0.95471			6
2024.02.27	00:27:36.736	0.95466	0.95466			6
2024.02.27	00:27:48.462	0.95467	0.95467			6
2024.02.27	00:27:48.491	0.95476	0.95476			6
2024.02.27	00:27:48.802	0.95481	0.95481			6
2024.02.27	00:27:48.832	0.95477	0.95477			6
2024.02.27	00:27:49.102	0.95475	0.95475			6
2024.02.27	00:27:52.405	0.95483	0.95483			6
2024.02.27	00:28:04.931	0.95482	0.95482			6
2024.02.27	00:28:09.797	0.95479	0.95479			6
2024.02.27	00:28:09.826	0.95480	0.95480			6
2024.02.27	00:28:16.402	0.95477	0.95477			6
2024.02.27	00:28:19.836	0.95482	0.95482			6
2024.02.27	00:28:19.866	0.95480	0.95480			6
2024.02.27	00:28:21.064	0.95477	0.95477			6
2024.02.27	00:28:21.095	0.95485	0.95485			6
2024.02.27	00:28:21.124	0.95483	0.95483			6
2024.02.27	00:28:29.334	0.95486	0.95486			6
2024.02.27	00:28:30.810	0.95481	0.95481			6
2024.02.27	00:28:34.651	0.95475	0.95475			6
2024.02.27	00:28:34.711	0.95478	0.95478			6
2024.02.27	00:28:37.190	0.95473	0.95473			6
2024.02.27	00:28:39.068	0.95469	0.95469			6
2024.02.27	00:28:39.128	0.95472	0.95472			6
2024.02.27	00:28:40.102	0.95469	0.95469			6
2024.02.27	00:28:44.458	0.95472	0.95472			6
2024.02.27	00:28:44.488	0.95475	0.95475			6
2024.02.27	00:28:44.518	0.95469	0.95469			6
2024.02.27	00:28:46.633	0.95473	0.95473			6
2024.02.27	00:28:46.693	0.95469	0.95469			6
2024.02.27	00:28:47.744	0.95470	0.95470			6
2024.02.27	00:28:50.332	0.95472	0.95472			6
2024.02.27	00:28:50.819	0.95473	0.95473			6
2024.02.27	00:28:55.009	0.95474	0.95474			6
2024.02.27	00:28:55.039	0.95475	0.95475			6
2024.02.27	00:28:55.234	0.95477	0.95477			6
2024.02.27	00:28:55.308	0.95475	0.95475			6
2024.02.27	00:28:55.621	0.95478	0.95478			6
2024.02.27	00:28:55.652	0.95487	0.95487			6
2024.02.27	00:28:55.742	0.95489	0.95489			6
2024.02.27	00:28:55.772	0.95492	0.95492			6
2024.02.27	00:28:55.802	0.95489	0.95489			6
2024.02.27	00:28:56.854	0.95488	0.95488			6
2024.02.27	00:28:58.213	0.95487	0.95487			6
2024.02.27	00:28:59.213	0.95486	0.95486			6
2024.02.27	00:29:00.095	0.95485	0.95485			6
2024.02.27	00:29:00.272	0.95486	0.95486			6
2024.02.27	00:29:00.302	0.95488	0.95488			6
2024.02.27	00:29:00.421	0.95489	0.95489			6
2024.02.27	00:29:00.705	0.95490	0.95490			6
2024.02.27	00:29:04.295	0.95485	0.95485			6
2024.02.27	00:29:04.325	0.95472	0.95472			6
2024.02.27	00:29:04.630	0.95481	0.95481			6
2024.02.27	00:29:06.484	0.95479	0.95479			6
2024.02.27	00:29:19.131	0.95465	0.95465			6
2024.02.27	00:29:25.585	0.95463	0.95463			6
2024.02.27	00:29:28.766	0.95462	0.95462			6
2024.02.27	00:29:32.045	0.95453	0.95453			6
2024.02.27	00:29:32.075	0.95460	0.95460			6
2024.02.27	00:29:32.104	0.95463	0.95463			6
2024.02.27	00:29:33.801	0.95474	0.95474			6
2024.02.27	00:29:33.832	0.95479	0.95479			6
2024.02.27	00:29:34.660	0.95485	0.95485			6
2024.02.27	00:29:34.974	0.95484	0.95484			6
2024.02.27	00:29:37.198	0.95485	0.95485			6
2024.02.27	00:29:37.228	0.95481	0.95481			6
2024.02.27	00:29:37.807	0.95478	0.95478			6
2024.02.27	00:29:42.072	0.95477	0.95477			6
2024.02.27	00:29:42.632	0.95473	0.95473			6
2024.02.27	00:29:42.904	0.95469	0.95469			6
2024.02.27	00:29:44.039	0.95468	0.95468			6
2024.02.27	00:29:50.602	0.95469	0.95469			6
2024.02.27	00:29:51.257	0.95473	0.95473			6
2024.02.27	00:29:51.609	0.95471	0.95471			6
2024.02.27	00:29:54.055	0.95469	0.95469			6
2024.02.27	00:29:54.319	0.95468	0.95468			6
2024.02.27	00:29:54.695	0.95471	0.95471			6
2024.02.27	00:29:56.056	0.95473	0.95473			6
2024.02.27	00:29:56.504	0.95469	0.95469			6
2024.02.27	00:30:00.003	0.95475	0.95475			6
2024.02.27	00:30:00.063	0.95473	0.95473			6
2024.02.27	00:30:00.243	0.95477	0.95477			6
2024.02.27	00:30:00.273	0.95475	0.95475			6
2024.02.27	00:30:00.363	0.95477	0.95477			6
2024.02.27	00:30:00.553	0.95475	0.95475			6
2024.02.27	00:30:00.644	0.95476	0.95476			6
2024.02.27	00:30:00.675	0.95478	0.95478			6
2024.02.27	00:30:00.705	0.95476	0.95476			6
2024.02.27	00:30:00.795	0.95477	0.95477			6
2024.02.27	00:30:00.824	0.95474	0.95474			6
2024.02.27	00:30:02.372	0.95475	0.95475			6
2024.02.27	00:30:02.694	0.95473	0.95473			6
2024.02.27	00:30:02.723	0.95475	0.95475			6
2024.02.27	00:30:04.408	0.95473	0.95473			6
2024.02.27	00:30:09.474	0.95475	0.95475			6
2024.02.27	00:30:15.208	0.95478	0.95478			6
2024.02.27	00:30:15.238	0.95473	0.95473			6
2024.02.27	00:30:15.358	0.95471	0.95471			6
2024.02.27	00:30:15.431	0.95470	0.95470			6
2024.02.27	00:30:15.462	0.95472	0.95472			6
2024.02.27	00:30:15.524	0.95469	0.95469			6
2024.02.27	00:30:16.146	0.95467	0.95467			6
2024.02.27	00:30:16.401	0.95469	0.95469			6
2024.02.27	00:30:16.432	0.95470	0.95470			6
2024.02.27	00:30:17.027	0.95472	0.95472			6
2024.02.27	00:30:23.804	0.95469	0.95469			6
2024.02.27	00:30:24.205	0.95470	0.95470			6
2024.02.27	00:30:28.476	0.95472	0.95472			6
2024.02.27	00:30:28.535	0.95474	0.95474			6
2024.02.27	00:30:28.854	0.95476	0.95476			6
2024.02.27	00:30:28.925	0.95474	0.95474			6
2024.02.27	00:30:28.956	0.95476	0.95476			6
2024.02.27	00:30:31.832	0.95479	0.95479			6
2024.02.27	00:30:31.891	0.95478	0.95478			6
2024.02.27	00:30:32.192	0.95480	0.95480			6
2024.02.27	00:30:32.222	0.95478	0.95478			6
2024.02.27	00:30:32.707	0.95480	0.95480			6
2024.02.27	00:30:42.325	0.95479	0.95479			6
2024.02.27	00:30:48.135	0.95481	0.95481			6
2024.02.27	00:30:51.752	0.95479	0.95479			6
2024.02.27	00:30:52.090	0.95481	0.95481			6
2024.02.27	00:30:52.383	0.95479	0.95479			6
2024.02.27	00:30:54.382	0.95481	0.95481			6
2024.02.27	00:30:56.493	0.95480	0.95480			6
2024.02.27	00:30:56.523	0.95479	0.95479			6
2024.02.27	00:30:59.965	0.95481	0.95481			6
2024.02.27	00:31:02.238	0.95479	0.95479			6
2024.02.27	00:31:02.268	0.95480	0.95480			6
2024.02.27	00:31:12.663	0.95479	0.95479			6
2024.02.27	00:31:12.785	0.95480	0.95480			6
2024.02.27	00:31:12.814	0.95481	0.95481			6
2024.02.27	00:31:12.964	0.95479	0.95479			6
2024.02.27	00:31:12.995	0.95477	0.95477			6
2024.02.27	00:31:13.025	0.95478	0.95478			6
2024.02.27	00:31:13.145	0.95467	0.95467			6
2024.02.27	00:31:13.175	0.95477	0.95477			6
2024.02.27	00:31:13.391	0.95479	0.95479			6
2024.02.27	00:31:13.571	0.95477	0.95477			6
2024.02.27	00:31:13.752	0.95479	0.95479			6
2024.02.27	00:31:13.781	0.95478	0.95478			6
2024.02.27	00:31:13.903	0.95480	0.95480			6
2024.02.27	00:31:13.992	0.95478	0.95478			6
2024.02.27	00:31:14.023	0.95479	0.95479			6
2024.02.27	00:31:17.643	0.95482	0.95482			6
2024.02.27	00:31:18.727	0.95481	0.95481			6
2024.02.27	00:31:27.575	0.95482	0.95482			6
2024.02.27	00:31:34.742	0.95480	0.95480			6
2024.02.27	00:31:43.295	0.95482	0.95482			6
2024.02.27	00:31:46.968	0.95481	0.95481			6
2024.02.27	00:31:46.998	0.95478	0.95478			6
2024.02.27	00:31:48.767	0.95486	0.95486			6
2024.02.27	00:31:48.797	0.95478	0.95478			6
2024.02.27	00:31:48.827	0.95477	0.95477			6
2024.02.27	00:31:48.947	0.95478	0.95478			6
2024.02.27	00:31:48.977	0.95475	0.95475			6
2024.02.27	00:31:49.037	0.95477	0.95477			6
2024.02.27	00:31:49.188	0.95479	0.95479			6
2024.02.27	00:31:49.218	0.95476	0.95476			6
2024.02.27	00:31:49.249	0.95478	0.95478			6
2024.02.27	00:31:49.278	0.95477	0.95477			6
2024.02.27	00:31:49.340	0.95478	0.95478			6
2024.02.27	00:31:49.369	0.95477	0.95477			6
2024.02.27	00:31:49.399	0.95478	0.95478			6
2024.02.27	00:31:49.580	0.95477	0.95477			6
2024.02.27	00:31:49.623	0.95478	0.95478			6
2024.02.27	00:31:49.653	0.95479	0.95479			6
2024.02.27	00:31:49.683	0.95477	0.95477			6
2024.02.27	00:31:50.225	0.95476	0.95476			6
2024.02.27	00:31:50.763	0.95477	0.95477			6
2024.02.27	00:31:51.096	0.95478	0.95478			6
2024.02.27	00:31:51.127	0.95477	0.95477			6
2024.02.27	00:31:51.222	0.95478	0.95478			6
2024.02.27	00:31:51.252	0.95477	0.95477			6
2024.02.27	00:31:51.313	0.95478	0.95478			6
2024.02.27	00:31:51.342	0.95477	0.95477			6
2024.02.27	00:31:51.402	0.95479	0.95479			6
2024.02.27	00:31:51.432	0.95477	0.95477			6
2024.02.27	00:31:54.695	0.95479	0.95479			6
2024.02.27	00:31:54.755	0.95478	0.95478			6
2024.02.27	00:31:54.785	0.95487	0.95487			6
2024.02.27	00:31:54.815	0.95480	0.95480			6
2024.02.27	00:31:54.846	0.95477	0.95477			6
2024.02.27	00:31:54.877	0.95476	0.95476			6
2024.02.27	00:31:54.906	0.95478	0.95478			6
2024.02.27	00:31:54.997	0.95477	0.95477			6
2024.02.27	00:31:55.252	0.95475	0.95475			6
2024.02.27	00:32:00.106	0.95476	0.95476			6
2024.02.27	00:32:02.167	0.95475	0.95475			6
2024.02.27	00:32:02.569	0.95473	0.95473			6
2024.02.27	00:32:02.685	0.95472	0.95472			6
2024.02.27	00:32:02.714	0.95475	0.95475			6
2024.02.27	00:32:02.811	0.95476	0.95476			6
2024.02.27	00:32:03.052	0.95475	0.95475			6
2024.02.27	00:32:03.173	0.95477	0.95477			6
2024.02.27	00:32:03.204	0.95475	0.95475			6
2024.02.27	00:32:03.452	0.95479	0.95479			6
2024.02.27	00:32:03.482	0.95475	0.95475			6
2024.02.27	00:32:03.543	0.95477	0.95477			6
2024.02.27	00:32:03.572	0.95476	0.95476			6
2024.02.27	00:32:06.705	0.95475	0.95475			6
2024.02.27	00:32:06.735	0.95476	0.95476			6
2024.02.27	00:32:06.765	0.95475	0.95475			6
2024.02.27	00:32:06.855	0.95473	0.95473			6
2024.02.27	00:32:07.041	0.95474	0.95474			6
2024.02.27	00:32:07.499	0.95476	0.95476			6
2024.02.27	00:32:07.529	0.95475	0.95475			6
2024.02.27	00:32:07.588	0.95478	0.95478			6
2024.02.27	00:32:07.619	0.95474	0.95474			6
2024.02.27	00:32:10.151	0.95476	0.95476			6
2024.02.27	00:32:11.729	0.95475	0.95475			6
2024.02.27	00:32:11.760	0.95476	0.95476			6
2024.02.27	00:32:11.791	0.95477	0.95477			6
2024.02.27	00:32:11.821	0.95478	0.95478			6
2024.02.27	00:32:11.850	0.95477	0.95477			6
2024.02.27	00:32:15.563	0.95479	0.95479			6
2024.02.27	00:32:15.593	0.95478	0.95478			6
2024.02.27	00:32:16.165	0.95479	0.95479			6
2024.02.27	00:32:17.868	0.95478	0.95478			6
2024.02.27	00:32:17.898	0.95476	0.95476			6
2024.02.27	00:32:20.763	0.95478	0.95478			6
2024.02.27	00:32:20.793	0.95477	0.95477			6
2024.02.27	00:32:46.811	0.95476	0.95476			6
2024.02.27	00:32:46.871	0.95480	0.95480			6
2024.02.27	00:32:49.023	0.95477	0.95477			6
2024.02.27	00:32:49.326	0.95475	0.95475			6
2024.02.27	00:32:49.386	0.95474	0.95474			6
2024.02.27	00:32:53.202	0.95475	0.95475			6
2024.02.27	00:32:54.210	0.95477	0.95477			6
2024.02.27	00:33:07.744	0.95476	0.95476			6
2024.02.27	00:33:10.152	0.95477	0.95477			6
2024.02.27	00:33:10.181	0.95467	0.95467			6
2024.02.27	00:33:10.432	0.95468	0.95468			6
2024.02.27	00:33:10.994	0.95462	0.95462			6
2024.02.27	00:33:11.024	0.95468	0.95468			6
2024.02.27	00:33:11.253	0.95469	0.95469			6
2024.02.27	00:33:11.283	0.95468	0.95468			6
2024.02.27	00:33:11.343	0.95470	0.95470			6
2024.02.27	00:33:11.374	0.95469	0.95469			6
2024.02.27	00:33:11.403	0.95470	0.95470			6
2024.02.27	00:33:11.433	0.95469	0.95469			6
2024.02.27	00:33:13.461	0.95472	0.95472			6
2024.02.27	00:33:18.537	0.95473	0.95473			6
2024.02.27	00:33:21.842	0.95469	0.95469			6
2024.02.27	00:33:21.964	0.95470	0.95470			6
2024.02.27	00:33:22.085	0.95471	0.95471			6
2024.02.27	00:33:22.299	0.95470	0.95470			6
2024.02.27	00:33:22.328	0.95472	0.95472			6
2024.02.27	00:33:22.642	0.95473	0.95473			6
2024.02.27	00:33:22.854	0.95472	0.95472			6
2024.02.27	00:33:22.884	0.95471	0.95471			6
2024.02.27	00:33:23.352	0.95472	0.95472			6
2024.02.27	00:33:32.194	0.95473	0.95473			6
2024.02.27	00:33:32.223	0.95475	0.95475			6
2024.02.27	00:33:32.313	0.95474	0.95474			6
2024.02.27	00:33:33.284	0.95473	0.95473			6
2024.02.27	00:33:33.313	0.95474	0.95474			6
2024.02.27	00:33:38.135	0.95473	0.95473			6
2024.02.27	00:33:38.524	0.95474	0.95474			6
2024.02.27	00:33:39.045	0.95473	0.95473			6
2024.02.27	00:33:39.076	0.95474	0.95474			6
2024.02.27	00:33:39.292	0.95473	0.95473			6
2024.02.27	00:33:39.594	0.95474	0.95474			6
2024.02.27	00:33:39.632	0.95475	0.95475			6
2024.02.27	00:33:39.922	0.95474	0.95474			6
2024.02.27	00:33:40.450	0.95475	0.95475			6
2024.02.27	00:33:40.480	0.95474	0.95474			6
2024.02.27	00:33:41.055	0.95475	0.95475			6
2024.02.27	00:33:41.085	0.95474	0.95474			6
2024.02.27	00:33:41.632	0.95475	0.95475			6
2024.02.27	00:33:41.662	0.95474	0.95474			6
2024.02.27	00:33:41.811	0.95476	0.95476			6
2024.02.27	00:33:41.943	0.95475	0.95475			6
2024.02.27	00:33:48.237	0.95474	0.95474			6
2024.02.27	00:33:48.588	0.95473	0.95473			6
2024.02.27	00:33:48.618	0.95474	0.95474			6
2024.02.27	00:33:50.393	0.95475	0.95475			6
2024.02.27	00:33:50.422	0.95474	0.95474			6
2024.02.27	00:33:50.868	0.95475	0.95475			6
2024.02.27	00:33:51.018	0.95474	0.95474			6
2024.02.27	00:33:53.066	0.95475	0.95475			6
2024.02.27	00:33:53.894	0.95477	0.95477			6
2024.02.27	00:33:53.925	0.95478	0.95478			6
2024.02.27	00:33:54.370	0.95479	0.95479			6
2024.02.27	00:33:57.702	0.95480	0.95480			6
2024.02.27	00:34:00.330	0.95481	0.95481			6
2024.02.27	00:34:02.252	0.95475	0.95475			6
2024.02.27	00:34:02.282	0.95476	0.95476			6
2024.02.27	00:34:02.312	0.95474	0.95474			6
2024.02.27	00:34:02.583	0.95473	0.95473			6
2024.02.27	00:34:02.643	0.95471	0.95471			6
2024.02.27	00:34:04.125	0.95477	0.95477			6
2024.02.27	00:34:04.154	0.95473	0.95473			6
2024.02.27	00:34:06.472	0.95472	0.95472			6
2024.02.27	00:34:06.532	0.95471	0.95471			6
2024.02.27	00:34:06.572	0.95470	0.95470			6
2024.02.27	00:34:06.604	0.95471	0.95471			6
2024.02.27	00:34:06.664	0.95470	0.95470			6
2024.02.27	00:34:06.695	0.95471	0.95471			6
2024.02.27	00:34:06.992	0.95470	0.95470			6
2024.02.27	00:34:09.606	0.95472	0.95472			6
2024.02.27	00:34:09.636	0.95471	0.95471			6
2024.02.27	00:34:09.764	0.95470	0.95470			6
2024.02.27	00:34:09.883	0.95471	0.95471			6
2024.02.27	00:34:10.005	0.95468	0.95468			6
2024.02.27	00:34:10.034	0.95469	0.95469			6
2024.02.27	00:34:10.065	0.95468	0.95468			6
2024.02.27	00:34:10.095	0.95471	0.95471			6
2024.02.27	00:34:10.156	0.95470	0.95470			6
2024.02.27	00:34:10.186	0.95469	0.95469			6
2024.02.27	00:34:10.515	0.95471	0.95471			6
2024.02.27	00:34:10.598	0.95470	0.95470			6
2024.02.27	00:34:10.628	0.95469	0.95469			6
2024.02.27	00:34:15.168	0.95468	0.95468			6
2024.02.27	00:34:15.569	0.95467	0.95467			6
2024.02.27	00:34:15.598	0.95464	0.95464			6
2024.02.27	00:34:15.961	0.95467	0.95467			6
2024.02.27	00:34:16.357	0.95468	0.95468			6
2024.02.27	00:34:17.517	0.95469	0.95469			6
2024.02.27	00:34:17.547	0.95472	0.95472			6
2024.02.27	00:34:17.577	0.95473	0.95473			6
2024.02.27	00:34:17.637	0.95475	0.95475			6
2024.02.27	00:34:18.067	0.95480	0.95480			6
2024.02.27	00:34:18.098	0.95476	0.95476			6
2024.02.27	00:34:18.128	0.95477	0.95477			6
2024.02.27	00:34:18.461	0.95475	0.95475			6
2024.02.27	00:34:18.745	0.95476	0.95476			6
2024.02.27	00:34:20.804	0.95477	0.95477			6
2024.02.27	00:34:21.122	0.95475	0.95475			6
2024.02.27	00:34:49.890	0.95476	0.95476			6
2024.02.27	00:34:49.980	0.95475	0.95475			6
2024.02.27	00:34:50.225	0.95476	0.95476			6
2024.02.27	00:34:50.256	0.95475	0.95475			6
2024.02.27	00:34:50.437	0.95476	0.95476			6
2024.02.27	00:34:50.467	0.95475	0.95475			6
2024.02.27	00:34:50.753	0.95476	0.95476			6
2024.02.27	00:34:51.956	0.95477	0.95477			6
2024.02.27	00:34:52.083	0.95476	0.95476			6
2024.02.27	00:34:53.562	0.95475	0.95475			6
2024.02.27	00:34:57.791	0.95476	0.95476			6
2024.02.27	00:35:01.902	0.95477	0.95477			6
2024.02.27	00:35:10.392	0.95476	0.95476			6
2024.02.27	00:35:11.168	0.95477	0.95477			6
2024.02.27	00:35:11.198	0.95476	0.95476			6
2024.02.27	00:35:21.147	0.95474	0.95474			6
2024.02.27	00:35:21.177	0.95476	0.95476			6
2024.02.27	00:35:26.973	0.95475	0.95475			6
2024.02.27	00:35:28.705	0.95476	0.95476			6
2024.02.27	00:35:28.798	0.95475	0.95475			6
2024.02.27	00:35:37.401	0.95476	0.95476			6
2024.02.27	00:35:38.302	0.95477	0.95477			6
2024.02.27	00:35:39.536	0.95479	0.95479			6
2024.02.27	00:35:41.465	0.95478	0.95478			6
2024.02.27	00:35:42.904	0.95479	0.95479			6
2024.02.27	00:35:48.062	0.95478	0.95478			6
2024.02.27	00:35:48.573	0.95479	0.95479			6
2024.02.27	00:35:53.320	0.95480	0.95480			6
2024.02.27	00:35:53.350	0.95479	0.95479			6
2024.02.27	00:36:04.349	0.95478	0.95478			6
2024.02.27	00:36:04.408	0.95477	0.95477			6
2024.02.27	00:36:04.438	0.95478	0.95478			6
2024.02.27	00:36:05.166	0.95479	0.95479			6
2024.02.27	00:36:11.100	0.95477	0.95477			6
2024.02.27	00:36:11.130	0.95479	0.95479			6
2024.02.27	00:36:13.774	0.95478	0.95478			6
2024.02.27	00:36:25.842	0.95479	0.95479			6
2024.02.27	00:36:45.643	0.95478	0.95478			6
2024.02.27	00:36:45.703	0.95476	0.95476			6
2024.02.27	00:36:46.102	0.95477	0.95477			6
2024.02.27	00:37:00.208	0.95478	0.95478			6
2024.02.27	00:37:16.754	0.95477	0.95477			6
2024.02.27	00:37:32.187	0.95478	0.95478			6
2024.02.27	00:37:38.313	0.95477	0.95477			6
2024.02.27	00:38:08.176	0.95478	0.95478			6
2024.02.27	00:38:12.459	0.95479	0.95479			6
2024.02.27	00:38:14.223	0.95478	0.95478			6
2024.02.27	00:38:14.312	0.95477	0.95477			6
2024.02.27	00:38:14.656	0.95479	0.95479			6
2024.02.27	00:38:14.686	0.95478	0.95478			6
2024.02.27	00:38:16.636	0.95476	0.95476			6
2024.02.27	00:38:16.755	0.95477	0.95477			6
2024.02.27	00:38:16.941	0.95474	0.95474			6
2024.02.27	00:38:17.253	0.95476	0.95476			6
2024.02.27	00:38:17.662	0.95475	0.95475			6
2024.02.27	00:38:18.392	0.95476	0.95476			6
2024.02.27	00:38:18.422	0.95477	0.95477			6
2024.02.27	00:38:32.753	0.95478	0.95478			6
2024.02.27	00:38:53.649	0.95480	0.95480			6
2024.02.27	00:39:09.830	0.95479	0.95479			6
2024.02.27	00:39:09.889	0.95478	0.95478			6
2024.02.27	00:39:09.956	0.95477	0.95477			6
2024.02.27	00:39:22.064	0.95478	0.95478			6
2024.02.27	00:39:37.182	0.95479	0.95479			6
2024.02.27	00:39:47.309	0.95478	0.95478			6
2024.02.27	00:40:30.353	0.95477	0.95477			6
2024.02.27	00:40:40.862	0.95476	0.95476			6
2024.02.27	00:40:40.892	0.95477	0.95477			6
2024.02.27	00:40:52.164	0.95475	0.95475			6
2024.02.27	00:40:52.193	0.95476	0.95476			6
2024.02.27	00:40:52.534	0.95475	0.95475			6
2024.02.27	00:40:52.624	0.95477	0.95477			6
2024.02.27	00:40:57.383	0.95478	0.95478			6
2024.02.27	00:40:57.414	0.95479	0.95479			6
2024.02.27	00:40:59.661	0.95481	0.95481			6
2024.02.27	00:40:59.691	0.95479	0.95479			6
2024.02.27	00:41:00.787	0.95480	0.95480			6
2024.02.27	00:41:01.869	0.95479	0.95479			6
2024.02.27	00:41:01.900	0.95478	0.95478			6
2024.02.27	00:41:02.145	0.95477	0.95477			6
2024.02.27	00:41:02.288	0.95478	0.95478			6
2024.02.27	00:41:02.378	0.95477	0.95477			6
2024.02.27	00:41:03.467	0.95478	0.95478			6
2024.02.27	00:41:03.497	0.95476	0.95476			6
2024.02.27	00:41:14.380	0.95477	0.95477			6
2024.02.27	00:41:15.973	0.95478	0.95478			6
2024.02.27	00:41:34.932	0.95477	0.95477			6
2024.02.27	00:42:11.341	0.95478	0.95478			6
2024.02.27	00:42:14.815	0.95477	0.95477			6
2024.02.27	00:42:21.132	0.95478	0.95478			6
2024.02.27	00:42:26.812	0.95477	0.95477			6
2024.02.27	00:42:27.867	0.95478	0.95478			6
2024.02.27	00:42:35.004	0.95479	0.95479			6
2024.02.27	00:42:37.882	0.95478	0.95478			6
2024.02.27	00:42:37.912	0.95477	0.95477			6
2024.02.27	00:43:21.196	0.95478	0.95478			6
2024.02.27	00:43:26.978	0.95479	0.95479			6
2024.02.27	00:43:27.281	0.95478	0.95478			6
2024.02.27	00:43:30.257	0.95477	0.95477			6
2024.02.27	00:43:37.895	0.95478	0.95478			6
2024.02.27	00:43:39.862	0.95479	0.95479			6
2024.02.27	00:43:40.004	0.95478	0.95478			6
2024.02.27	00:43:42.409	0.95480	0.95480			6
2024.02.27	00:43:42.439	0.95478	0.95478			6
2024.02.27	00:43:50.018	0.95479	0.95479			6
2024.02.27	00:43:50.064	0.95478	0.95478			6
2024.02.27	00:43:55.236	0.95479	0.95479			6
2024.02.27	00:43:55.266	0.95478	0.95478			6
2024.02.27	00:43:59.075	0.95479	0.95479			6
2024.02.27	00:44:05.760	0.95478	0.95478			6
2024.02.27	00:44:09.216	0.95477	0.95477			6
2024.02.27	00:44:15.860	0.95478	0.95478			6
2024.02.27	00:44:21.331	0.95479	0.95479			6
2024.02.27	00:44:21.390	0.95478	0.95478			6
2024.02.27	00:44:22.285	0.95479	0.95479			6
2024.02.27	00:44:23.852	0.95478	0.95478			6
2024.02.27	00:44:28.707	0.95477	0.95477			6
2024.02.27	00:44:39.033	0.95478	0.95478			6
2024.02.27	00:44:39.330	0.95477	0.95477			6
2024.02.27	00:44:49.901	0.95478	0.95478			6
2024.02.27	00:44:49.932	0.95477	0.95477			6
2024.02.27	00:44:49.962	0.95478	0.95478			6
2024.02.27	00:44:52.391	0.95477	0.95477			6
2024.02.27	00:44:52.483	0.95478	0.95478			6
2024.02.27	00:44:52.633	0.95479	0.95479			6
2024.02.27	00:44:52.812	0.95478	0.95478			6
2024.02.27	00:44:59.086	0.95479	0.95479			6
2024.02.27	00:44:59.175	0.95478	0.95478			6
2024.02.27	00:44:59.811	0.95479	0.95479			6
2024.02.27	00:44:59.841	0.95478	0.95478			6
2024.02.27	00:44:59.872	0.95480	0.95480			6
2024.02.27	00:44:59.962	0.95481	0.95481			6
2024.02.27	00:44:59.992	0.95479	0.95479			6
2024.02.27	00:45:00.337	0.95478	0.95478			6
2024.02.27	00:45:00.951	0.95479	0.95479			6
2024.02.27	00:45:01.133	0.95478	0.95478			6
2024.02.27	00:45:01.519	0.95479	0.95479			6
2024.02.27	00:45:08.401	0.95477	0.95477			6
2024.02.27	00:45:08.431	0.95478	0.95478			6
2024.02.27	00:45:08.461	0.95477	0.95477			6
2024.02.27	00:45:29.275	0.95481	0.95481			6
2024.02.27	00:45:30.415	0.95480	0.95480			6
2024.02.27	00:45:54.162	0.95481	0.95481			6
2024.02.27	00:45:56.453	0.95480	0.95480			6
2024.02.27	00:46:45.922	0.95482	0.95482			6
2024.02.27	00:46:46.422	0.95480	0.95480			6
2024.02.27	00:46:56.760	0.95477	0.95477			6
2024.02.27	00:47:15.934	0.95479	0.95479			6
2024.02.27	00:47:15.963	0.95478	0.95478			6
2024.02.27	00:47:30.948	0.95477	0.95477			6
2024.02.27	00:47:37.574	0.95478	0.95478			6
2024.02.27	00:47:37.633	0.95477	0.95477			6
2024.02.27	00:47:42.604	0.95478	0.95478			6
2024.02.27	00:47:51.213	0.95479	0.95479			6
2024.02.27	00:47:51.243	0.95478	0.95478			6
2024.02.27	00:47:53.716	0.95477	0.95477			6
2024.02.27	00:48:00.767	0.95478	0.95478			6
2024.02.27	00:48:00.887	0.95479	0.95479			6
2024.02.27	00:48:00.917	0.95477	0.95477			6
2024.02.27	00:48:06.540	0.95478	0.95478			6
2024.02.27	00:48:07.893	0.95477	0.95477			6
2024.02.27	00:48:10.859	0.95476	0.95476			6
2024.02.27	00:48:10.889	0.95475	0.95475			6
2024.02.27	00:48:10.951	0.95476	0.95476			6
2024.02.27	00:48:11.372	0.95475	0.95475			6
2024.02.27	00:48:13.720	0.95476	0.95476			6
2024.02.27	00:48:16.130	0.95478	0.95478			6
2024.02.27	00:48:16.330	0.95480	0.95480			6
2024.02.27	00:48:16.606	0.95479	0.95479			6
2024.02.27	00:48:17.969	0.95478	0.95478			6
2024.02.27	00:48:18.000	0.95479	0.95479			6
2024.02.27	00:48:19.586	0.95477	0.95477			6
2024.02.27	00:48:19.616	0.95478	0.95478			6
2024.02.27	00:48:21.127	0.95476	0.95476			6
2024.02.27	00:48:23.648	0.95475	0.95475			6
2024.02.27	00:48:25.172	0.95476	0.95476			6
2024.02.27	00:48:25.695	0.95477	0.95477			6
2024.02.27	00:48:25.726	0.95478	0.95478			6
2024.02.27	00:48:30.646	0.95477	0.95477			6
2024.02.27	00:48:35.761	0.95478	0.95478			6
2024.02.27	00:48:36.475	0.95477	0.95477			6
2024.02.27	00:48:37.247	0.95478	0.95478			6
2024.02.27	00:48:39.601	0.95479	0.95479			6
2024.02.27	00:48:39.631	0.95480	0.95480			6
2024.02.27	00:48:39.661	0.95478	0.95478			6
2024.02.27	00:48:39.692	0.95477	0.95477			6
2024.02.27	00:48:39.723	0.95478	0.95478			6
2024.02.27	00:48:40.101	0.95479	0.95479			6
2024.02.27	00:48:40.161	0.95478	0.95478			6
2024.02.27	00:48:40.223	0.95479	0.95479			6
2024.02.27	00:48:40.252	0.95478	0.95478			6
2024.02.27	00:48:40.312	0.95477	0.95477			6
2024.02.27	00:48:40.691	0.95478	0.95478			6
2024.02.27	00:48:40.751	0.95479	0.95479			6
2024.02.27	00:48:40.782	0.95478	0.95478			6
2024.02.27	00:48:40.811	0.95479	0.95479			6
2024.02.27	00:48:41.023	0.95478	0.95478			6
2024.02.27	00:48:41.322	0.95479	0.95479			6
2024.02.27	00:48:41.354	0.95481	0.95481			6
2024.02.27	00:48:41.383	0.95479	0.95479			6
2024.02.27	00:48:46.122	0.95476	0.95476			6
2024.02.27	00:48:46.832	0.95477	0.95477			6
2024.02.27	00:48:46.862	0.95472	0.95472			6
2024.02.27	00:48:46.892	0.95476	0.95476			6
2024.02.27	00:48:46.953	0.95477	0.95477			6
2024.02.27	00:48:49.467	0.95478	0.95478			6
2024.02.27	00:48:49.497	0.95477	0.95477			6
2024.02.27	00:48:50.783	0.95478	0.95478			6
2024.02.27	00:48:50.813	0.95477	0.95477			6
2024.02.27	00:48:51.082	0.95479	0.95479			6
2024.02.27	00:48:51.477	0.95477	0.95477			6
2024.02.27	00:48:51.538	0.95478	0.95478			6
2024.02.27	00:48:51.567	0.95480	0.95480			6
2024.02.27	00:48:51.808	0.95481	0.95481			6
2024.02.27	00:48:52.690	0.95479	0.95479			6
2024.02.27	00:48:56.035	0.95478	0.95478			6
2024.02.27	00:48:56.065	0.95476	0.95476			6
2024.02.27	00:49:00.603	0.95479	0.95479			6
2024.02.27	00:49:00.932	0.95478	0.95478			6
2024.02.27	00:49:00.961	0.95479	0.95479			6
2024.02.27	00:49:01.116	0.95478	0.95478			6
2024.02.27	00:49:01.146	0.95479	0.95479			6
2024.02.27	00:49:06.120	0.95480	0.95480			6
2024.02.27	00:49:06.150	0.95477	0.95477			6
2024.02.27	00:49:06.329	0.95476	0.95476			6
2024.02.27	00:49:06.360	0.95478	0.95478			6
2024.02.27	00:49:06.545	0.95480	0.95480			6
2024.02.27	00:49:10.678	0.95477	0.95477			6
2024.02.27	00:49:10.708	0.95478	0.95478			6
2024.02.27	00:49:11.050	0.95479	0.95479			6
2024.02.27	00:49:11.315	0.95478	0.95478			6
2024.02.27	00:49:11.345	0.95477	0.95477			6
2024.02.27	00:49:11.375	0.95478	0.95478			6
2024.02.27	00:49:11.405	0.95479	0.95479			6
2024.02.27	00:49:11.856	0.95480	0.95480			6
2024.02.27	00:49:11.886	0.95479	0.95479			6
2024.02.27	00:49:12.249	0.95478	0.95478			6
2024.02.27	00:49:12.279	0.95479	0.95479			6
2024.02.27	00:49:12.399	0.95480	0.95480			6
2024.02.27	00:49:12.429	0.95479	0.95479			6
2024.02.27	00:49:12.518	0.95480	0.95480			6
2024.02.27	00:49:12.769	0.95479	0.95479			6
2024.02.27	00:49:12.799	0.95480	0.95480			6
2024.02.27	00:49:12.829	0.95479	0.95479			6
2024.02.27	00:49:12.980	0.95480	0.95480			6
2024.02.27	00:49:13.226	0.95479	0.95479			6
2024.02.27	00:49:14.920	0.95480	0.95480			6
2024.02.27	00:49:14.950	0.95479	0.95479			6
2024.02.27	00:49:15.220	0.95478	0.95478			6
2024.02.27	00:49:15.371	0.95479	0.95479			6
2024.02.27	00:49:15.400	0.95478	0.95478			6
2024.02.27	00:49:15.520	0.95475	0.95475			6
2024.02.27	00:49:15.550	0.95476	0.95476			6
2024.02.27	00:49:15.641	0.95477	0.95477			6
2024.02.27	00:49:15.702	0.95476	0.95476			6
2024.02.27	00:49:15.767	0.95477	0.95477			6
2024.02.27	00:49:15.848	0.95476	0.95476			6
2024.02.27	00:49:15.878	0.95477	0.95477			6
2024.02.27	00:49:15.939	0.95478	0.95478			6
2024.02.27	00:49:15.970	0.95479	0.95479			6
2024.02.27	00:49:16.029	0.95480	0.95480			6
2024.02.27	00:49:16.190	0.95477	0.95477			6
2024.02.27	00:49:16.664	0.95476	0.95476			6
2024.02.27	00:49:18.100	0.95479	0.95479			6
2024.02.27	00:49:18.131	0.95475	0.95475			6
2024.02.27	00:49:18.160	0.95474	0.95474			6
2024.02.27	00:49:18.192	0.95479	0.95479			6
2024.02.27	00:49:18.251	0.95474	0.95474			6
2024.02.27	00:49:18.281	0.95479	0.95479			6
2024.02.27	00:49:18.371	0.95481	0.95481			6
2024.02.27	00:49:18.401	0.95476	0.95476			6
2024.02.27	00:49:18.460	0.95480	0.95480			6
2024.02.27	00:49:18.551	0.95481	0.95481			6
2024.02.27	00:49:18.671	0.95478	0.95478			6
2024.02.27	00:49:18.701	0.95480	0.95480			6
2024.02.27	00:49:18.761	0.95481	0.95481			6
2024.02.27	00:49:19.113	0.95482	0.95482			6
2024.02.27	00:49:19.203	0.95480	0.95480			6
2024.02.27	00:49:19.808	0.95479	0.95479			6
2024.02.27	00:49:19.838	0.95480	0.95480			6
2024.02.27	00:49:19.868	0.95478	0.95478			6
2024.02.27	00:49:19.899	0.95479	0.95479			6
2024.02.27	00:49:19.990	0.95481	0.95481			6
2024.02.27	00:49:20.020	0.95480	0.95480			6
2024.02.27	00:49:20.049	0.95479	0.95479			6
2024.02.27	00:49:20.202	0.95477	0.95477			6
2024.02.27	00:49:20.232	0.95480	0.95480			6
2024.02.27	00:49:20.321	0.95479	0.95479			6
2024.02.27	00:49:20.412	0.95481	0.95481			6
2024.02.27	00:49:20.441	0.95480	0.95480			6
2024.02.27	00:49:20.562	0.95479	0.95479			6
2024.02.27	00:49:20.592	0.95480	0.95480			6
2024.02.27	00:49:20.743	0.95479	0.95479			6
2024.02.27	00:49:20.894	0.95480	0.95480			6
2024.02.27	00:49:20.924	0.95479	0.95479			6
2024.02.27	00:49:20.954	0.95478	0.95478			6
2024.02.27	00:49:21.767	0.95479	0.95479			6
2024.02.27	00:49:21.826	0.95480	0.95480			6
2024.02.27	00:49:21.857	0.95479	0.95479			6
2024.02.27	00:49:21.917	0.95480	0.95480			6
2024.02.27	00:49:21.978	0.95478	0.95478			6
2024.02.27	00:49:22.097	0.95480	0.95480			6
2024.02.27	00:49:22.127	0.95478	0.95478			6
2024.02.27	00:49:22.218	0.95479	0.95479			6
2024.02.27	00:49:22.247	0.95480	0.95480			6
2024.02.27	00:49:22.277	0.95479	0.95479			6
2024.02.27	00:49:23.181	0.95480	0.95480			6
2024.02.27	00:49:23.211	0.95479	0.95479			6
2024.02.27	00:49:23.360	0.95480	0.95480			6
2024.02.27	00:49:23.542	0.95479	0.95479			6
2024.02.27	00:49:23.572	0.95480	0.95480			6
2024.02.27	00:49:23.753	0.95479	0.95479			6
2024.02.27	00:49:24.348	0.95480	0.95480			6
2024.02.27	00:49:28.760	0.95477	0.95477			6
2024.02.27	00:49:28.790	0.95480	0.95480			6
2024.02.27	00:49:28.820	0.95479	0.95479			6
2024.02.27	00:49:29.028	0.95480	0.95480			6
2024.02.27	00:49:30.963	0.95479	0.95479			6
2024.02.27	00:49:30.994	0.95480	0.95480			6
2024.02.27	00:49:31.128	0.95476	0.95476			6
2024.02.27	00:49:32.004	0.95479	0.95479			6
2024.02.27	00:49:32.699	0.95478	0.95478			6
2024.02.27	00:49:34.782	0.95477	0.95477			6
2024.02.27	00:49:35.984	0.95476	0.95476			6
2024.02.27	00:49:36.044	0.95477	0.95477			6
2024.02.27	00:49:36.074	0.95473	0.95473			6
2024.02.27	00:49:36.104	0.95476	0.95476			6
2024.02.27	00:49:36.135	0.95481	0.95481			6
2024.02.27	00:49:36.194	0.95479	0.95479			6
2024.02.27	00:49:36.255	0.95480	0.95480			6
2024.02.27	00:49:36.316	0.95479	0.95479			6
2024.02.27	00:49:36.405	0.95480	0.95480			6
2024.02.27	00:49:42.829	0.95479	0.95479			6
2024.02.27	00:49:42.860	0.95478	0.95478			6
2024.02.27	00:49:42.919	0.95480	0.95480			6
2024.02.27	00:49:46.016	0.95477	0.95477			6
2024.02.27	00:49:46.088	0.95476	0.95476			6
2024.02.27	00:49:46.118	0.95477	0.95477			6
2024.02.27	00:49:46.177	0.95476	0.95476			6
2024.02.27	00:49:46.208	0.95477	0.95477			6
2024.02.27	00:49:46.768	0.95478	0.95478			6
2024.02.27	00:49:55.328	0.95479	0.95479			6
2024.02.27	00:49:55.418	0.95478	0.95478			6
2024.02.27	00:49:55.729	0.95479	0.95479			6
2024.02.27	00:49:55.758	0.95478	0.95478			6
2024.02.27	00:49:55.789	0.95479	0.95479			6
2024.02.27	00:49:55.849	0.95480	0.95480			6
2024.02.27	00:49:56.229	0.95481	0.95481			6
2024.02.27	00:49:56.483	0.95480	0.95480			6
2024.02.27	00:49:56.677	0.95479	0.95479			6
2024.02.27	00:49:56.706	0.95481	0.95481			6
2024.02.27	00:49:56.871	0.95480	0.95480			6
2024.02.27	00:50:00.629	0.95478	0.95478			6
2024.02.27	00:50:00.689	0.95477	0.95477			6
2024.02.27	00:50:00.928	0.95478	0.95478			6
2024.02.27	00:50:01.002	0.95477	0.95477			6
2024.02.27	00:50:01.032	0.95478	0.95478			6
2024.02.27	00:50:05.953	0.95481	0.95481			6
2024.02.27	00:50:06.429	0.95480	0.95480			6
2024.02.27	00:50:10.929	0.95479	0.95479			6
2024.02.27	00:50:10.988	0.95478	0.95478			6
2024.02.27	00:50:11.419	0.95477	0.95477			6
2024.02.27	00:50:12.502	0.95476	0.95476			6
2024.02.27	00:50:12.621	0.95477	0.95477			6
2024.02.27	00:50:13.329	0.95478	0.95478			6
2024.02.27	00:50:13.359	0.95477	0.95477			6
2024.02.27	00:50:13.489	0.95478	0.95478			6
2024.02.27	00:50:15.613	0.95480	0.95480			6
2024.02.27	00:50:15.644	0.95479	0.95479			6
2024.02.27	00:50:15.735	0.95478	0.95478			6
2024.02.27	00:50:15.793	0.95479	0.95479			6
2024.02.27	00:50:15.884	0.95478	0.95478			6
2024.02.27	00:50:15.914	0.95477	0.95477			6
2024.02.27	00:50:16.003	0.95478	0.95478			6
2024.02.27	00:50:16.034	0.95479	0.95479			6
2024.02.27	00:50:16.214	0.95480	0.95480			6
2024.02.27	00:50:16.335	0.95479	0.95479			6
2024.02.27	00:50:16.425	0.95480	0.95480			6
2024.02.27	00:50:16.750	0.95479	0.95479			6
2024.02.27	00:50:16.811	0.95480	0.95480			6
2024.02.27	00:50:16.842	0.95479	0.95479			6
2024.02.27	00:50:17.110	0.95480	0.95480			6
2024.02.27	00:50:19.291	0.95479	0.95479			6
2024.02.27	00:50:19.382	0.95480	0.95480			6
2024.02.27	00:50:20.504	0.95479	0.95479			6
2024.02.27	00:50:20.806	0.95480	0.95480			6
2024.02.27	00:50:25.892	0.95479	0.95479			6
2024.02.27	00:50:25.922	0.95478	0.95478			6
2024.02.27	00:50:25.952	0.95479	0.95479			6
2024.02.27	00:50:25.982	0.95480	0.95480			6
2024.02.27	00:50:26.012	0.95479	0.95479			6
2024.02.27	00:50:26.102	0.95475	0.95475			6
2024.02.27	00:50:26.132	0.95474	0.95474			6
2024.02.27	00:50:26.323	0.95475	0.95475			6
2024.02.27	00:50:26.352	0.95477	0.95477			6
2024.02.27	00:50:26.382	0.95475	0.95475			6
2024.02.27	00:50:26.412	0.95477	0.95477			6
2024.02.27	00:50:26.442	0.95479	0.95479			6
2024.02.27	00:50:26.502	0.95477	0.95477			6
2024.02.27	00:50:26.532	0.95478	0.95478			6
2024.02.27	00:50:26.882	0.95479	0.95479			6
2024.02.27	00:50:26.991	0.95478	0.95478			6
2024.02.27	00:50:27.021	0.95479	0.95479			6
2024.02.27	00:50:27.081	0.95480	0.95480			6
2024.02.27	00:50:27.111	0.95481	0.95481			6
2024.02.27	00:50:27.430	0.95477	0.95477			6
2024.02.27	00:50:27.491	0.95479	0.95479			6
2024.02.27	00:50:27.860	0.95478	0.95478			6
2024.02.27	00:50:27.920	0.95479	0.95479			6
2024.02.27	00:50:31.062	0.95481	0.95481			6
2024.02.27	00:50:31.093	0.95482	0.95482			6
2024.02.27	00:50:31.670	0.95481	0.95481			6
2024.02.27	00:50:36.134	0.95479	0.95479			6
2024.02.27	00:50:36.187	0.95480	0.95480			6
2024.02.27	00:50:36.218	0.95479	0.95479			6
2024.02.27	00:50:36.247	0.95478	0.95478			6
2024.02.27	00:50:36.543	0.95479	0.95479			6
2024.02.27	00:50:36.810	0.95480	0.95480			6
2024.02.27	00:50:37.131	0.95479	0.95479			6
2024.02.27	00:50:37.162	0.95478	0.95478			6
2024.02.27	00:50:37.192	0.95477	0.95477			6
2024.02.27	00:50:37.222	0.95480	0.95480			6
2024.02.27	00:50:37.312	0.95477	0.95477			6
2024.02.27	00:50:37.343	0.95479	0.95479			6
2024.02.27	00:50:37.373	0.95478	0.95478			6
2024.02.27	00:50:37.403	0.95477	0.95477			6
2024.02.27	00:50:37.463	0.95478	0.95478			6
2024.02.27	00:50:37.493	0.95479	0.95479			6
2024.02.27	00:50:37.554	0.95481	0.95481			6
2024.02.27	00:50:37.705	0.95480	0.95480			6
2024.02.27	00:50:37.736	0.95477	0.95477			6
2024.02.27	00:50:37.767	0.95478	0.95478			6
2024.02.27	00:50:37.826	0.95480	0.95480			6
2024.02.27	00:50:37.886	0.95478	0.95478			6
2024.02.27	00:50:37.947	0.95479	0.95479			6
2024.02.27	00:50:38.006	0.95480	0.95480			6
2024.02.27	00:50:38.037	0.95478	0.95478			6
2024.02.27	00:50:38.101	0.95479	0.95479			6
2024.02.27	00:50:38.132	0.95480	0.95480			6
2024.02.27	00:50:38.162	0.95477	0.95477			6
2024.02.27	00:50:38.192	0.95480	0.95480			6
2024.02.27	00:50:38.223	0.95478	0.95478			6
2024.02.27	00:50:38.313	0.95477	0.95477			6
2024.02.27	00:50:38.343	0.95478	0.95478			6
2024.02.27	00:50:38.403	0.95480	0.95480			6
2024.02.27	00:50:38.464	0.95479	0.95479			6
2024.02.27	00:50:38.601	0.95480	0.95480			6
2024.02.27	00:50:38.693	0.95478	0.95478			6
2024.02.27	00:50:39.259	0.95479	0.95479			6
2024.02.27	00:50:39.289	0.95477	0.95477			6
2024.02.27	00:50:39.599	0.95479	0.95479			6
2024.02.27	00:50:39.689	0.95478	0.95478			6
2024.02.27	00:50:39.869	0.95477	0.95477			6
2024.02.27	00:50:39.899	0.95479	0.95479			6
2024.02.27	00:50:40.019	0.95478	0.95478			6
2024.02.27	00:50:40.079	0.95477	0.95477			6
2024.02.27	00:50:40.108	0.95478	0.95478			6
2024.02.27	00:50:40.200	0.95477	0.95477			6
2024.02.27	00:50:40.260	0.95478	0.95478			6
2024.02.27	00:50:40.411	0.95477	0.95477			6
2024.02.27	00:50:40.441	0.95478	0.95478			6
2024.02.27	00:50:40.471	0.95479	0.95479			6
2024.02.27	00:50:40.501	0.95480	0.95480			6
2024.02.27	00:50:42.794	0.95481	0.95481			6
2024.02.27	00:50:43.891	0.95483	0.95483			6
2024.02.27	00:50:43.922	0.95484	0.95484			6
2024.02.27	00:50:44.024	0.95483	0.95483			6
2024.02.27	00:50:44.054	0.95484	0.95484			6
2024.02.27	00:50:44.413	0.95483	0.95483			6
2024.02.27	00:50:45.500	0.95481	0.95481			6
2024.02.27	00:50:45.591	0.95482	0.95482			6
2024.02.27	00:50:45.822	0.95481	0.95481			6
2024.02.27	00:50:45.851	0.95480	0.95480			6
2024.02.27	00:50:45.881	0.95481	0.95481			6
2024.02.27	00:50:51.119	0.95479	0.95479			6
2024.02.27	00:50:51.149	0.95480	0.95480			6
2024.02.27	00:50:51.236	0.95482	0.95482			6
2024.02.27	00:50:51.297	0.95479	0.95479			6
2024.02.27	00:50:51.326	0.95481	0.95481			6
2024.02.27	00:50:51.798	0.95480	0.95480			6
2024.02.27	00:50:56.110	0.95479	0.95479			6
2024.02.27	00:50:56.140	0.95483	0.95483			6
2024.02.27	00:50:56.331	0.95484	0.95484			6
2024.02.27	00:50:56.391	0.95483	0.95483			6
2024.02.27	00:50:56.600	0.95484	0.95484			6
2024.02.27	00:50:56.971	0.95483	0.95483			6
2024.02.27	00:50:57.599	0.95482	0.95482			6
2024.02.27	00:50:57.628	0.95481	0.95481			6
2024.02.27	00:50:58.098	0.95482	0.95482			6
2024.02.27	00:51:01.150	0.95481	0.95481			6
2024.02.27	00:51:06.365	0.95482	0.95482			6
2024.02.27	00:51:06.490	0.95480	0.95480			6
2024.02.27	00:51:06.550	0.95479	0.95479			6
2024.02.27	00:51:06.580	0.95483	0.95483			6
2024.02.27	00:51:06.610	0.95481	0.95481			6
2024.02.27	00:51:06.640	0.95480	0.95480			6
2024.02.27	00:51:06.847	0.95481	0.95481			6
2024.02.27	00:51:06.877	0.95479	0.95479			6
2024.02.27	00:51:06.936	0.95480	0.95480			6
2024.02.27	00:51:06.997	0.95479	0.95479			6
2024.02.27	00:51:09.107	0.95478	0.95478			6
2024.02.27	00:51:09.198	0.95479	0.95479			6
2024.02.27	00:51:09.318	0.95478	0.95478			6
2024.02.27	00:51:09.348	0.95480	0.95480			6
2024.02.27	00:51:09.438	0.95481	0.95481			6
2024.02.27	00:51:09.651	0.95482	0.95482			6
2024.02.27	00:51:09.681	0.95478	0.95478			6
2024.02.27	00:51:09.740	0.95480	0.95480			6
2024.02.27	00:51:10.182	0.95477	0.95477			6
2024.02.27	00:51:10.213	0.95479	0.95479			6
2024.02.27	00:51:10.439	0.95478	0.95478			6
2024.02.27	00:51:10.620	0.95480	0.95480			6
2024.02.27	00:51:10.650	0.95479	0.95479			6
2024.02.27	00:51:10.739	0.95481	0.95481			6
2024.02.27	00:51:10.770	0.95482	0.95482			6
2024.02.27	00:51:10.800	0.95481	0.95481			6
2024.02.27	00:51:20.982	0.95480	0.95480			6
2024.02.27	00:51:21.012	0.95479	0.95479			6
2024.02.27	00:51:21.180	0.95480	0.95480			6
2024.02.27	00:51:25.098	0.95481	0.95481			6
2024.02.27	00:51:25.159	0.95479	0.95479			6
2024.02.27	00:51:25.189	0.95481	0.95481			6
2024.02.27	00:51:25.219	0.95480	0.95480			6
2024.02.27	00:51:25.250	0.95479	0.95479			6
2024.02.27	00:51:25.466	0.95480	0.95480			6
2024.02.27	00:51:25.597	0.95481	0.95481			6
2024.02.27	00:51:26.031	0.95480	0.95480			6
2024.02.27	00:51:27.389	0.95481	0.95481			6
2024.02.27	00:51:36.309	0.95478	0.95478			6
2024.02.27	00:51:36.809	0.95479	0.95479			6
2024.02.27	00:51:37.300	0.95480	0.95480			6
2024.02.27	00:51:37.330	0.95479	0.95479			6
2024.02.27	00:51:37.645	0.95478	0.95478			6
2024.02.27	00:51:37.809	0.95480	0.95480			6
2024.02.27	00:51:37.900	0.95478	0.95478			6
2024.02.27	00:51:37.931	0.95477	0.95477			6
2024.02.27	00:51:37.961	0.95478	0.95478			6
2024.02.27	00:51:38.081	0.95479	0.95479			6
2024.02.27	00:51:38.111	0.95478	0.95478			6
2024.02.27	00:51:38.141	0.95480	0.95480			6
2024.02.27	00:51:38.171	0.95479	0.95479			6
2024.02.27	00:51:38.262	0.95478	0.95478			6
2024.02.27	00:51:38.292	0.95479	0.95479			6
2024.02.27	00:51:38.412	0.95477	0.95477			6
2024.02.27	00:51:38.502	0.95479	0.95479			6
2024.02.27	00:51:38.651	0.95477	0.95477			6
2024.02.27	00:51:38.772	0.95483	0.95483			6
2024.02.27	00:51:38.802	0.95481	0.95481			6
2024.02.27	00:51:38.832	0.95479	0.95479			6
2024.02.27	00:51:39.043	0.95478	0.95478			6
2024.02.27	00:51:39.074	0.95477	0.95477			6
2024.02.27	00:51:39.201	0.95479	0.95479			6
2024.02.27	00:51:39.262	0.95478	0.95478			6
2024.02.27	00:51:39.292	0.95480	0.95480			6
2024.02.27	00:51:39.378	0.95481	0.95481			6
2024.02.27	00:51:39.528	0.95482	0.95482			6
2024.02.27	00:51:39.559	0.95480	0.95480			6
2024.02.27	00:51:39.589	0.95479	0.95479			6
2024.02.27	00:51:39.619	0.95480	0.95480			6
2024.02.27	00:51:39.800	0.95479	0.95479			6
2024.02.27	00:51:39.830	0.95482	0.95482			6
2024.02.27	00:51:39.890	0.95477	0.95477			6
2024.02.27	00:51:40.191	0.95481	0.95481			6
2024.02.27	00:51:40.299	0.95480	0.95480			6
2024.02.27	00:51:40.329	0.95478	0.95478			6
2024.02.27	00:51:40.389	0.95479	0.95479			6
2024.02.27	00:51:40.719	0.95478	0.95478			6
2024.02.27	00:51:40.936	0.95480	0.95480			6
2024.02.27	00:51:40.967	0.95479	0.95479			6
2024.02.27	00:51:41.059	0.95480	0.95480			6
2024.02.27	00:51:41.089	0.95478	0.95478			6
2024.02.27	00:51:41.268	0.95482	0.95482			6
2024.02.27	00:51:41.557	0.95479	0.95479			6
2024.02.27	00:51:41.588	0.95478	0.95478			6
2024.02.27	00:51:41.859	0.95480	0.95480			6
2024.02.27	00:51:41.918	0.95481	0.95481			6
2024.02.27	00:51:42.098	0.95479	0.95479			6
2024.02.27	00:51:42.127	0.95477	0.95477			6
2024.02.27	00:51:42.188	0.95480	0.95480			6
2024.02.27	00:51:42.219	0.95479	0.95479			6
2024.02.27	00:51:42.279	0.95478	0.95478			6
2024.02.27	00:51:42.428	0.95479	0.95479			6
2024.02.27	00:51:42.705	0.95480	0.95480			6
2024.02.27	00:51:42.736	0.95479	0.95479			6
2024.02.27	00:51:42.766	0.95478	0.95478			6
2024.02.27	00:51:42.946	0.95480	0.95480			6
2024.02.27	00:51:42.976	0.95481	0.95481			6
2024.02.27	00:51:43.006	0.95478	0.95478			6
2024.02.27	00:51:43.036	0.95479	0.95479			6
2024.02.27	00:51:43.201	0.95480	0.95480			6
2024.02.27	00:51:43.231	0.95481	0.95481			6
2024.02.27	00:51:43.322	0.95478	0.95478			6
2024.02.27	00:51:44.005	0.95479	0.95479			6
2024.02.27	00:51:44.035	0.95480	0.95480			6
2024.02.27	00:51:44.066	0.95477	0.95477			6
2024.02.27	00:51:44.126	0.95480	0.95480			6
2024.02.27	00:51:44.264	0.95481	0.95481			6
2024.02.27	00:51:44.293	0.95479	0.95479			6
2024.02.27	00:51:44.324	0.95478	0.95478			6
2024.02.27	00:51:44.413	0.95479	0.95479			6
2024.02.27	00:51:44.444	0.95478	0.95478			6
2024.02.27	00:51:44.474	0.95479	0.95479			6
2024.02.27	00:51:44.504	0.95477	0.95477			6
2024.02.27	00:51:44.564	0.95478	0.95478			6
2024.02.27	00:51:44.832	0.95479	0.95479			6
2024.02.27	00:51:45.052	0.95480	0.95480			6
2024.02.27	00:51:45.112	0.95481	0.95481			6
2024.02.27	00:51:45.143	0.95479	0.95479			6
2024.02.27	00:51:45.652	0.95481	0.95481			6
2024.02.27	00:51:47.077	0.95480	0.95480			6
2024.02.27	00:51:50.460	0.95481	0.95481			6
2024.02.27	00:51:50.490	0.95479	0.95479			6
2024.02.27	00:51:50.520	0.95478	0.95478			6
2024.02.27	00:51:50.960	0.95477	0.95477			6
2024.02.27	00:51:54.520	0.95478	0.95478			6
2024.02.27	00:51:54.612	0.95476	0.95476			6
2024.02.27	00:51:54.642	0.95477	0.95477			6
2024.02.27	00:51:54.672	0.95476	0.95476			6
2024.02.27	00:51:54.903	0.95480	0.95480			6
2024.02.27	00:51:55.083	0.95481	0.95481			6
2024.02.27	00:51:55.205	0.95478	0.95478			6
2024.02.27	00:51:55.772	0.95482	0.95482			6
2024.02.27	00:51:55.802	0.95481	0.95481			6
2024.02.27	00:51:55.862	0.95483	0.95483			6
2024.02.27	00:51:56.709	0.95481	0.95481			6
2024.02.27	00:52:00.561	0.95480	0.95480			6
2024.02.27	00:52:02.789	0.95478	0.95478			6
2024.02.27	00:52:02.818	0.95476	0.95476			6
2024.02.27	00:52:05.851	0.95477	0.95477			6
2024.02.27	00:52:05.883	0.95481	0.95481			6
2024.02.27	00:52:05.913	0.95483	0.95483			6
2024.02.27	00:52:06.222	0.95484	0.95484			6
2024.02.27	00:52:06.253	0.95482	0.95482			6
2024.02.27	00:52:07.696	0.95481	0.95481			6
2024.02.27	00:52:07.725	0.95482	0.95482			6
2024.02.27	00:52:09.750	0.95481	0.95481			6
2024.02.27	00:52:10.392	0.95480	0.95480			6
2024.02.27	00:52:10.726	0.95481	0.95481			6
2024.02.27	00:52:11.647	0.95480	0.95480			6
2024.02.27	00:52:11.676	0.95479	0.95479			6
2024.02.27	00:52:19.832	0.95478	0.95478			6
2024.02.27	00:52:19.892	0.95477	0.95477			6
2024.02.27	00:52:20.193	0.95479	0.95479			6
2024.02.27	00:52:20.224	0.95478	0.95478			6
2024.02.27	00:52:20.803	0.95480	0.95480			6
2024.02.27	00:52:23.225	0.95481	0.95481			6
2024.02.27	00:52:26.087	0.95480	0.95480			6
2024.02.27	00:52:26.117	0.95479	0.95479			6
2024.02.27	00:52:27.826	0.95478	0.95478			6
2024.02.27	00:52:27.886	0.95477	0.95477			6
2024.02.27	00:52:27.947	0.95478	0.95478			6
2024.02.27	00:52:28.008	0.95477	0.95477			6
2024.02.27	00:52:28.800	0.95478	0.95478			6
2024.02.27	00:52:35.159	0.95479	0.95479			6
2024.02.27	00:52:35.188	0.95478	0.95478			6
2024.02.27	00:52:35.280	0.95477	0.95477			6
2024.02.27	00:52:35.309	0.95478	0.95478			6
2024.02.27	00:52:35.399	0.95480	0.95480			6
2024.02.27	00:52:35.429	0.95481	0.95481			6
2024.02.27	00:52:41.112	0.95480	0.95480			6
2024.02.27	00:52:41.142	0.95478	0.95478			6
2024.02.27	00:52:41.409	0.95479	0.95479			6
2024.02.27	00:52:41.439	0.95478	0.95478			6
2024.02.27	00:52:41.590	0.95479	0.95479			6
2024.02.27	00:52:41.804	0.95480	0.95480			6
2024.02.27	00:52:44.671	0.95479	0.95479			6
2024.02.27	00:52:46.129	0.95481	0.95481			6
2024.02.27	00:52:51.070	0.95479	0.95479			6
2024.02.27	00:52:51.142	0.95478	0.95478			6
2024.02.27	00:52:51.231	0.95479	0.95479			6
2024.02.27	00:52:51.455	0.95480	0.95480			6
2024.02.27	00:52:51.517	0.95479	0.95479			6
2024.02.27	00:52:51.829	0.95480	0.95480			6
2024.02.27	00:52:52.009	0.95479	0.95479			6
2024.02.27	00:52:56.098	0.95480	0.95480			6
2024.02.27	00:52:56.158	0.95481	0.95481			6
2024.02.27	00:53:00.648	0.95480	0.95480			6
2024.02.27	00:53:00.739	0.95478	0.95478			6
2024.02.27	00:53:00.859	0.95479	0.95479			6
2024.02.27	00:53:04.692	0.95478	0.95478			6
2024.02.27	00:53:04.722	0.95477	0.95477			6
2024.02.27	00:53:04.753	0.95478	0.95478			6
2024.02.27	00:53:04.783	0.95477	0.95477			6
2024.02.27	00:53:04.843	0.95478	0.95478			6
2024.02.27	00:53:05.173	0.95479	0.95479			6
2024.02.27	00:53:05.531	0.95480	0.95480			6
2024.02.27	00:53:05.561	0.95481	0.95481			6
2024.02.27	00:53:10.990	0.95480	0.95480			6
2024.02.27	00:53:11.019	0.95479	0.95479			6
2024.02.27	00:53:11.049	0.95478	0.95478			6
2024.02.27	00:53:11.080	0.95479	0.95479			6
2024.02.27	00:53:11.109	0.95478	0.95478			6
2024.02.27	00:53:11.210	0.95479	0.95479			6
2024.02.27	00:53:12.749	0.95480	0.95480			6
2024.02.27	00:53:18.692	0.95479	0.95479			6
2024.02.27	00:53:20.724	0.95478	0.95478			6
2024.02.27	00:53:20.784	0.95480	0.95480			6
2024.02.27	00:53:20.814	0.95479	0.95479			6
2024.02.27	00:53:20.843	0.95478	0.95478			6
2024.02.27	00:53:21.087	0.95480	0.95480			6
2024.02.27	00:53:21.116	0.95481	0.95481			6
2024.02.27	00:53:21.146	0.95482	0.95482			6
2024.02.27	00:53:21.296	0.95481	0.95481			6
2024.02.27	00:53:21.326	0.95482	0.95482			6
2024.02.27	00:53:21.416	0.95481	0.95481			6
2024.02.27	00:53:26.100	0.95479	0.95479			6
2024.02.27	00:53:27.800	0.95480	0.95480			6
2024.02.27	00:53:27.831	0.95479	0.95479			6
2024.02.27	00:53:28.128	0.95480	0.95480			6
2024.02.27	00:53:33.552	0.95479	0.95479			6
2024.02.27	00:53:33.913	0.95480	0.95480			6
2024.02.27	00:53:33.942	0.95481	0.95481			6
2024.02.27	00:53:34.432	0.95480	0.95480			6
2024.02.27	00:53:34.653	0.95479	0.95479			6
2024.02.27	00:53:34.929	0.95481	0.95481			6
2024.02.27	00:53:35.880	0.95482	0.95482			6
2024.02.27	00:53:35.910	0.95481	0.95481			6
2024.02.27	00:53:41.153	0.95480	0.95480			6
2024.02.27	00:53:41.183	0.95479	0.95479			6
2024.02.27	00:53:41.643	0.95481	0.95481			6
2024.02.27	00:53:41.798	0.95480	0.95480			6
2024.02.27	00:53:41.828	0.95478	0.95478			6
2024.02.27	00:53:44.750	0.95477	0.95477			6
2024.02.27	00:53:45.040	0.95478	0.95478			6
2024.02.27	00:53:46.086	0.95479	0.95479			6
2024.02.27	00:53:46.146	0.95480	0.95480			6
2024.02.27	00:53:51.122	0.95479	0.95479			6
2024.02.27	00:53:51.910	0.95481	0.95481			6
2024.02.27	00:53:52.799	0.95478	0.95478			6
2024.02.27	00:53:52.919	0.95479	0.95479			6
2024.02.27	00:53:52.949	0.95477	0.95477			6
2024.02.27	00:53:53.041	0.95478	0.95478			6
2024.02.27	00:53:53.800	0.95479	0.95479			6
2024.02.27	00:53:54.040	0.95478	0.95478			6
2024.02.27	00:53:56.087	0.95479	0.95479			6
2024.02.27	00:53:56.146	0.95484	0.95484			6
2024.02.27	00:53:56.529	0.95483	0.95483			6
2024.02.27	00:53:56.629	0.95481	0.95481			6
2024.02.27	00:53:56.919	0.95482	0.95482			6
2024.02.27	00:53:56.947	0.95483	0.95483			6
2024.02.27	00:53:57.196	0.95482	0.95482			6
2024.02.27	00:53:57.622	0.95481	0.95481			6
2024.02.27	00:54:00.660	0.95480	0.95480			6
2024.02.27	00:54:01.409	0.95479	0.95479			6
2024.02.27	00:54:02.303	0.95478	0.95478			6
2024.02.27	00:54:02.363	0.95480	0.95480			6
2024.02.27	00:54:02.402	0.95478	0.95478			6
2024.02.27	00:54:02.519	0.95480	0.95480			6
2024.02.27	00:54:02.622	0.95478	0.95478			6
2024.02.27	00:54:02.799	0.95477	0.95477			6
2024.02.27	00:54:02.829	0.95480	0.95480			6
2024.02.27	00:54:02.860	0.95478	0.95478			6
2024.02.27	00:54:03.050	0.95477	0.95477			6
2024.02.27	00:54:03.080	0.95479	0.95479			6
2024.02.27	00:54:03.328	0.95480	0.95480			6
2024.02.27	00:54:03.418	0.95477	0.95477			6
2024.02.27	00:54:03.686	0.95479	0.95479			6
2024.02.27	00:54:03.990	0.95478	0.95478			6
2024.02.27	00:54:05.030	0.95477	0.95477			6
2024.02.27	00:54:05.413	0.95481	0.95481			6
2024.02.27	00:54:05.632	0.95476	0.95476			6
2024.02.27	00:54:05.728	0.95479	0.95479			6
2024.02.27	00:54:05.758	0.95483	0.95483			6
2024.02.27	00:54:05.908	0.95482	0.95482			6
2024.02.27	00:54:05.938	0.95483	0.95483			6
2024.02.27	00:54:06.452	0.95484	0.95484			6
2024.02.27	00:54:06.513	0.95482	0.95482			6
2024.02.27	00:54:06.573	0.95481	0.95481			6
2024.02.27	00:54:06.634	0.95483	0.95483			6
2024.02.27	00:54:06.937	0.95481	0.95481			6
2024.02.27	00:54:10.737	0.95479	0.95479			6
2024.02.27	00:54:10.767	0.95478	0.95478			6
2024.02.27	00:54:10.979	0.95479	0.95479			6
2024.02.27	00:54:11.788	0.95480	0.95480			6
2024.02.27	00:54:13.622	0.95477	0.95477			6
2024.02.27	00:54:13.652	0.95478	0.95478			6
2024.02.27	00:54:14.407	0.95481	0.95481			6
2024.02.27	00:54:14.717	0.95478	0.95478			6
2024.02.27	00:54:14.747	0.95477	0.95477			6
2024.02.27	00:54:15.120	0.95480	0.95480			6
2024.02.27	00:54:15.149	0.95481	0.95481			6
2024.02.27	00:54:15.180	0.95478	0.95478			6
2024.02.27	00:54:15.210	0.95476	0.95476			6
2024.02.27	00:54:15.240	0.95478	0.95478			6
2024.02.27	00:54:15.300	0.95477	0.95477			6
2024.02.27	00:54:15.539	0.95481	0.95481			6
2024.02.27	00:54:15.569	0.95477	0.95477			6
2024.02.27	00:54:15.662	0.95481	0.95481			6
2024.02.27	00:54:15.692	0.95482	0.95482			6
2024.02.27	00:54:16.169	0.95483	0.95483			6
2024.02.27	00:54:16.198	0.95482	0.95482			6
2024.02.27	00:54:16.897	0.95483	0.95483			6
2024.02.27	00:54:16.998	0.95482	0.95482			6
2024.02.27	00:54:17.100	0.95480	0.95480			6
2024.02.27	00:54:18.932	0.95481	0.95481			6
2024.02.27	00:54:19.078	0.95480	0.95480			6
2024.02.27	00:54:21.072	0.95478	0.95478			6
2024.02.27	00:54:21.520	0.95479	0.95479			6
2024.02.27	00:54:23.162	0.95478	0.95478			6
2024.02.27	00:54:23.253	0.95477	0.95477			6
2024.02.27	00:54:23.343	0.95478	0.95478			6
2024.02.27	00:54:23.373	0.95477	0.95477			6
2024.02.27	00:54:23.523	0.95478	0.95478			6
2024.02.27	00:54:23.554	0.95477	0.95477			6
2024.02.27	00:54:23.613	0.95476	0.95476			6
2024.02.27	00:54:23.644	0.95480	0.95480			6
2024.02.27	00:54:23.673	0.95479	0.95479			6
2024.02.27	00:54:23.703	0.95481	0.95481			6
2024.02.27	00:54:23.734	0.95478	0.95478			6
2024.02.27	00:54:23.763	0.95480	0.95480			6
2024.02.27	00:54:23.793	0.95482	0.95482			6
2024.02.27	00:54:24.004	0.95483	0.95483			6
2024.02.27	00:54:24.215	0.95479	0.95479			6
2024.02.27	00:54:24.456	0.95483	0.95483			6
2024.02.27	00:54:24.546	0.95482	0.95482			6
2024.02.27	00:54:24.575	0.95481	0.95481			6
2024.02.27	00:54:24.607	0.95479	0.95479			6
2024.02.27	00:54:24.876	0.95478	0.95478			6
2024.02.27	00:54:24.906	0.95479	0.95479			6
2024.02.27	00:54:24.935	0.95481	0.95481			6
2024.02.27	00:54:24.997	0.95477	0.95477			6
2024.02.27	00:54:25.118	0.95476	0.95476			6
2024.02.27	00:54:25.147	0.95477	0.95477			6
2024.02.27	00:54:25.178	0.95478	0.95478			6
2024.02.27	00:54:25.208	0.95481	0.95481			6
2024.02.27	00:54:25.238	0.95477	0.95477			6
2024.02.27	00:54:25.528	0.95478	0.95478			6
2024.02.27	00:54:25.558	0.95481	0.95481			6
2024.02.27	00:54:25.833	0.95480	0.95480			6
2024.02.27	00:54:25.863	0.95478	0.95478			6
2024.02.27	00:54:26.159	0.95481	0.95481			6
2024.02.27	00:54:26.218	0.95482	0.95482			6
2024.02.27	00:54:26.445	0.95480	0.95480			6
2024.02.27	00:54:26.476	0.95479	0.95479			6
2024.02.27	00:54:26.625	0.95480	0.95480			6
2024.02.27	00:54:26.777	0.95481	0.95481			6
2024.02.27	00:54:26.903	0.95480	0.95480			6
2024.02.27	00:54:27.149	0.95481	0.95481			6
2024.02.27	00:54:27.326	0.95478	0.95478			6
2024.02.27	00:54:27.644	0.95477	0.95477			6
2024.02.27	00:54:27.674	0.95481	0.95481			6
2024.02.27	00:54:27.704	0.95479	0.95479			6
2024.02.27	00:54:27.733	0.95481	0.95481			6
2024.02.27	00:54:27.823	0.95482	0.95482			6
2024.02.27	00:54:27.853	0.95478	0.95478			6
2024.02.27	00:54:28.033	0.95479	0.95479			6
2024.02.27	00:54:28.538	0.95480	0.95480			6
2024.02.27	00:54:28.628	0.95481	0.95481			6
2024.02.27	00:54:28.718	0.95479	0.95479			6
2024.02.27	00:54:28.928	0.95478	0.95478			6
2024.02.27	00:54:28.958	0.95479	0.95479			6
2024.02.27	00:54:28.988	0.95478	0.95478			6
2024.02.27	00:54:29.018	0.95479	0.95479			6
2024.02.27	00:54:29.230	0.95481	0.95481			6
2024.02.27	00:54:29.290	0.95480	0.95480			6
2024.02.27	00:54:29.479	0.95479	0.95479			6
2024.02.27	00:54:29.729	0.95480	0.95480			6
2024.02.27	00:54:29.759	0.95479	0.95479			6
2024.02.27	00:54:29.790	0.95478	0.95478			6
2024.02.27	00:54:29.819	0.95479	0.95479			6
2024.02.27	00:54:30.200	0.95482	0.95482			6
2024.02.27	00:54:30.229	0.95481	0.95481			6
2024.02.27	00:54:30.260	0.95480	0.95480			6
2024.02.27	00:54:30.320	0.95479	0.95479			6
2024.02.27	00:54:30.440	0.95481	0.95481			6
2024.02.27	00:54:30.559	0.95480	0.95480			6
2024.02.27	00:54:30.589	0.95479	0.95479			6
2024.02.27	00:54:30.749	0.95480	0.95480			6
2024.02.27	00:54:30.779	0.95483	0.95483			6
2024.02.27	00:54:31.017	0.95482	0.95482			6
2024.02.27	00:54:31.046	0.95483	0.95483			6
2024.02.27	00:54:31.482	0.95481	0.95481			6
2024.02.27	00:54:31.658	0.95482	0.95482			6
2024.02.27	00:54:31.689	0.95481	0.95481			6
2024.02.27	00:54:32.000	0.95483	0.95483			6
2024.02.27	00:54:32.060	0.95481	0.95481			6
2024.02.27	00:54:36.109	0.95480	0.95480			6
2024.02.27	00:54:36.139	0.95478	0.95478			6
2024.02.27	00:54:36.198	0.95479	0.95479			6
2024.02.27	00:54:36.300	0.95480	0.95480			6
2024.02.27	00:54:36.703	0.95478	0.95478			6
2024.02.27	00:54:36.900	0.95477	0.95477			6
2024.02.27	00:54:36.929	0.95478	0.95478			6
2024.02.27	00:54:37.452	0.95477	0.95477			6
2024.02.27	00:54:37.513	0.95478	0.95478			6
2024.02.27	00:54:37.633	0.95479	0.95479			6
2024.02.27	00:54:38.279	0.95480	0.95480			6
2024.02.27	00:54:38.402	0.95481	0.95481			6
2024.02.27	00:54:38.432	0.95480	0.95480			6
2024.02.27	00:54:38.637	0.95479	0.95479			6
2024.02.27	00:54:38.697	0.95480	0.95480			6
2024.02.27	00:54:38.757	0.95481	0.95481			6
2024.02.27	00:54:38.908	0.95482	0.95482			6
2024.02.27	00:54:39.058	0.95479	0.95479			6
2024.02.27	00:54:39.117	0.95478	0.95478			6
2024.02.27	00:54:39.400	0.95479	0.95479			6
2024.02.27	00:54:39.431	0.95481	0.95481			6
2024.02.27	00:54:39.708	0.95480	0.95480			6
2024.02.27	00:54:39.738	0.95477	0.95477			6
2024.02.27	00:54:39.878	0.95478	0.95478			6
2024.02.27	00:54:39.909	0.95481	0.95481			6
2024.02.27	00:54:39.999	0.95483	0.95483			6
2024.02.27	00:54:40.030	0.95482	0.95482			6
2024.02.27	00:54:40.060	0.95479	0.95479			6
2024.02.27	00:54:40.180	0.95478	0.95478			6
2024.02.27	00:54:40.210	0.95482	0.95482			6
2024.02.27	00:54:40.299	0.95478	0.95478			6
2024.02.27	00:54:40.359	0.95480	0.95480			6
2024.02.27	00:54:40.391	0.95483	0.95483			6
2024.02.27	00:54:40.543	0.95484	0.95484			6
2024.02.27	00:54:40.798	0.95483	0.95483			6
2024.02.27	00:54:40.977	0.95484	0.95484			6
2024.02.27	00:54:41.220	0.95483	0.95483			6
2024.02.27	00:54:41.249	0.95484	0.95484			6
2024.02.27	00:54:41.399	0.95483	0.95483			6
2024.02.27	00:54:41.919	0.95482	0.95482			6
2024.02.27	00:54:42.363	0.95481	0.95481			6
2024.02.27	00:54:45.567	0.95478	0.95478			6
2024.02.27	00:54:45.969	0.95479	0.95479			6
2024.02.27	00:54:46.119	0.95480	0.95480			6
2024.02.27	00:54:46.549	0.95479	0.95479			6
2024.02.27	00:54:47.004	0.95478	0.95478			6
2024.02.27	00:54:47.033	0.95477	0.95477			6
2024.02.27	00:54:47.306	0.95480	0.95480			6
2024.02.27	00:54:47.550	0.95479	0.95479			6
2024.02.27	00:54:47.799	0.95478	0.95478			6
2024.02.27	00:54:47.828	0.95477	0.95477			6
2024.02.27	00:54:47.859	0.95478	0.95478			6
2024.02.27	00:54:48.166	0.95477	0.95477			6
2024.02.27	00:54:48.363	0.95479	0.95479			6
2024.02.27	00:54:48.394	0.95478	0.95478			6
2024.02.27	00:54:48.423	0.95477	0.95477			6
2024.02.27	00:54:48.483	0.95478	0.95478			6
2024.02.27	00:54:48.764	0.95477	0.95477			6
2024.02.27	00:54:48.854	0.95478	0.95478			6
2024.02.27	00:54:49.129	0.95477	0.95477			6
2024.02.27	00:54:49.409	0.95478	0.95478			6
2024.02.27	00:54:49.681	0.95479	0.95479			6
2024.02.27	00:54:49.712	0.95480	0.95480			6
2024.02.27	00:54:49.741	0.95481	0.95481			6
2024.02.27	00:54:50.058	0.95482	0.95482			6
2024.02.27	00:54:51.082	0.95479	0.95479			6
2024.02.27	00:54:51.112	0.95481	0.95481			6
2024.02.27	00:54:56.100	0.95479	0.95479			6
2024.02.27	00:54:56.321	0.95481	0.95481			6
2024.02.27	00:54:56.351	0.95479	0.95479			6
2024.02.27	00:54:56.456	0.95480	0.95480			6
2024.02.27	00:54:56.571	0.95479	0.95479			6
2024.02.27	00:55:00.879	0.95480	0.95480			6
2024.02.27	00:55:01.179	0.95481	0.95481			6
2024.02.27	00:55:06.090	0.95480	0.95480			6
2024.02.27	00:55:06.121	0.95477	0.95477			6
2024.02.27	00:55:06.329	0.95478	0.95478			6
2024.02.27	00:55:06.890	0.95477	0.95477			6
2024.02.27	00:55:08.191	0.95478	0.95478			6
2024.02.27	00:55:08.663	0.95477	0.95477			6
2024.02.27	00:55:08.947	0.95478	0.95478			6
2024.02.27	00:55:09.188	0.95477	0.95477			6
2024.02.27	00:55:09.547	0.95478	0.95478			6
2024.02.27	00:55:11.103	0.95480	0.95480			6
2024.02.27	00:55:16.072	0.95479	0.95479			6
2024.02.27	00:55:16.103	0.95477	0.95477			6
2024.02.27	00:55:16.193	0.95478	0.95478			6
2024.02.27	00:55:16.522	0.95477	0.95477			6
2024.02.27	00:55:16.801	0.95476	0.95476			6
2024.02.27	00:55:16.831	0.95477	0.95477			6
2024.02.27	00:55:17.100	0.95476	0.95476			6
2024.02.27	00:55:17.461	0.95477	0.95477			6
2024.02.27	00:55:17.491	0.95479	0.95479			6
2024.02.27	00:55:17.552	0.95478	0.95478			6
2024.02.27	00:55:19.342	0.95477	0.95477			6
2024.02.27	00:55:19.402	0.95476	0.95476			6
2024.02.27	00:55:19.645	0.95478	0.95478			6
2024.02.27	00:55:19.915	0.95479	0.95479			6
2024.02.27	00:55:19.944	0.95480	0.95480			6
2024.02.27	00:55:20.225	0.95477	0.95477			6
2024.02.27	00:55:20.316	0.95478	0.95478			6
2024.02.27	00:55:20.585	0.95479	0.95479			6
2024.02.27	00:55:20.617	0.95480	0.95480			6
2024.02.27	00:55:26.149	0.95477	0.95477			6
2024.02.27	00:55:26.430	0.95478	0.95478			6
2024.02.27	00:55:26.620	0.95477	0.95477			6
2024.02.27	00:55:28.683	0.95478	0.95478			6
2024.02.27	00:55:28.980	0.95480	0.95480			6
2024.02.27	00:55:29.291	0.95475	0.95475			6
2024.02.27	00:55:29.321	0.95477	0.95477			6
2024.02.27	00:55:29.351	0.95476	0.95476			6
2024.02.27	00:55:29.572	0.95475	0.95475			6
2024.02.27	00:55:29.700	0.95477	0.95477			6
2024.02.27	00:55:30.193	0.95478	0.95478			6
2024.02.27	00:55:30.224	0.95480	0.95480			6
2024.02.27	00:55:30.481	0.95478	0.95478			6
2024.02.27	00:55:30.666	0.95479	0.95479			6
2024.02.27	00:55:30.697	0.95478	0.95478			6
2024.02.27	00:55:31.840	0.95477	0.95477			6
2024.02.27	00:55:31.902	0.95478	0.95478			6
2024.02.27	00:55:36.023	0.95477	0.95477			6
2024.02.27	00:55:36.113	0.95480	0.95480			6
2024.02.27	00:55:36.416	0.95481	0.95481			6
2024.02.27	00:55:40.540	0.95479	0.95479			6
2024.02.27	00:55:40.570	0.95480	0.95480			6
2024.02.27	00:55:42.462	0.95477	0.95477			6
2024.02.27	00:55:50.340	0.95478	0.95478			6
2024.02.27	00:55:50.370	0.95477	0.95477			6
2024.02.27	00:55:50.647	0.95479	0.95479			6
2024.02.27	00:55:50.678	0.95480	0.95480			6
2024.02.27	00:55:50.708	0.95481	0.95481			6
2024.02.27	00:55:51.312	0.95480	0.95480			6
2024.02.27	00:55:51.769	0.95481	0.95481			6
2024.02.27	00:55:52.740	0.95480	0.95480			6
2024.02.27	00:55:56.084	0.95479	0.95479			6
2024.02.27	00:55:56.114	0.95477	0.95477			6
2024.02.27	00:55:57.934	0.95476	0.95476			6
2024.02.27	00:55:58.310	0.95478	0.95478			6
2024.02.27	00:55:58.818	0.95476	0.95476			6
2024.02.27	00:55:59.883	0.95475	0.95475			6
2024.02.27	00:56:01.389	0.95476	0.95476			6
2024.02.27	00:56:01.480	0.95475	0.95475			6
2024.02.27	00:56:01.539	0.95476	0.95476			6
2024.02.27	00:56:01.838	0.95477	0.95477			6
2024.02.27	00:56:01.868	0.95479	0.95479			6
2024.02.27	00:56:01.898	0.95480	0.95480			6
2024.02.27	00:56:02.192	0.95476	0.95476			6
2024.02.27	00:56:02.222	0.95475	0.95475			6
2024.02.27	00:56:02.282	0.95477	0.95477			6
2024.02.27	00:56:02.611	0.95478	0.95478			6
2024.02.27	00:56:02.640	0.95476	0.95476			6
2024.02.27	00:56:03.375	0.95475	0.95475			6
2024.02.27	00:56:03.961	0.95477	0.95477			6
2024.02.27	00:56:05.848	0.95479	0.95479			6
2024.02.27	00:56:05.878	0.95482	0.95482			6
2024.02.27	00:56:07.808	0.95481	0.95481			6
2024.02.27	00:56:10.949	0.95479	0.95479			6
2024.02.27	00:56:10.980	0.95477	0.95477			6
2024.02.27	00:56:12.401	0.95476	0.95476			6
2024.02.27	00:56:12.431	0.95477	0.95477			6
2024.02.27	00:56:12.460	0.95478	0.95478			6
2024.02.27	00:56:12.655	0.95479	0.95479			6
2024.02.27	00:56:12.715	0.95477	0.95477			6
2024.02.27	00:56:12.745	0.95478	0.95478			6
2024.02.27	00:56:15.363	0.95477	0.95477			6
2024.02.27	00:56:15.662	0.95478	0.95478			6
2024.02.27	00:56:15.723	0.95481	0.95481			6
2024.02.27	00:56:15.811	0.95482	0.95482			6
2024.02.27	00:56:16.890	0.95481	0.95481			6
2024.02.27	00:56:18.753	0.95480	0.95480			6
2024.02.27	00:56:21.108	0.95479	0.95479			6
2024.02.27	00:56:21.609	0.95477	0.95477			6
2024.02.27	00:56:22.077	0.95476	0.95476			6
2024.02.27	00:56:23.782	0.95477	0.95477			6
2024.02.27	00:56:23.843	0.95478	0.95478			6
2024.02.27	00:56:24.058	0.95480	0.95480			6
2024.02.27	00:56:25.638	0.95479	0.95479			6
2024.02.27	00:56:26.071	0.95478	0.95478			6
2024.02.27	00:56:26.101	0.95481	0.95481			6
2024.02.27	00:56:31.132	0.95480	0.95480			6
2024.02.27	00:56:31.162	0.95478	0.95478			6
2024.02.27	00:56:33.809	0.95476	0.95476			6
2024.02.27	00:56:33.839	0.95479	0.95479			6
2024.02.27	00:56:33.930	0.95480	0.95480			6
2024.02.27	00:56:34.260	0.95478	0.95478			6
2024.02.27	00:56:34.289	0.95480	0.95480			6
2024.02.27	00:56:34.320	0.95477	0.95477			6
2024.02.27	00:56:34.350	0.95475	0.95475			6
2024.02.27	00:56:34.380	0.95476	0.95476			6
2024.02.27	00:56:34.780	0.95475	0.95475			6
2024.02.27	00:56:35.870	0.95476	0.95476			6
2024.02.27	00:56:36.090	0.95479	0.95479			6
2024.02.27	00:56:36.120	0.95481	0.95481			6
2024.02.27	00:56:36.698	0.95482	0.95482			6
2024.02.27	00:56:41.073	0.95481	0.95481			6
2024.02.27	00:56:41.133	0.95479	0.95479			6
2024.02.27	00:56:42.168	0.95481	0.95481			6
2024.02.27	00:56:42.432	0.95480	0.95480			6
2024.02.27	00:56:42.492	0.95481	0.95481			6
2024.02.27	00:56:42.790	0.95480	0.95480			6
2024.02.27	00:56:43.113	0.95481	0.95481			6
2024.02.27	00:56:45.615	0.95482	0.95482			6
2024.02.27	00:56:45.706	0.95483	0.95483			6
2024.02.27	00:56:46.372	0.95486	0.95486			6
2024.02.27	00:56:47.268	0.95483	0.95483			6
2024.02.27	00:56:47.364	0.95482	0.95482			6
2024.02.27	00:56:55.942	0.95481	0.95481			6
2024.02.27	00:56:55.972	0.95480	0.95480			6
2024.02.27	00:56:56.451	0.95479	0.95479			6
2024.02.27	00:56:56.483	0.95480	0.95480			6
2024.02.27	00:56:57.930	0.95478	0.95478			6
2024.02.27	00:56:57.991	0.95480	0.95480			6
2024.02.27	00:56:58.371	0.95478	0.95478			6
2024.02.27	00:56:58.402	0.95479	0.95479			6
2024.02.27	00:57:01.003	0.95480	0.95480			6
2024.02.27	00:57:01.033	0.95482	0.95482			6
2024.02.27	00:57:10.717	0.95481	0.95481			6
2024.02.27	00:57:10.747	0.95480	0.95480			6
2024.02.27	00:57:10.845	0.95479	0.95479			6
2024.02.27	00:57:11.229	0.95480	0.95480			6
2024.02.27	00:57:12.228	0.95479	0.95479			6
2024.02.27	00:57:12.349	0.95478	0.95478			6
2024.02.27	00:57:12.380	0.95476	0.95476			6
2024.02.27	00:57:12.409	0.95477	0.95477			6
2024.02.27	00:57:12.719	0.95478	0.95478			6
2024.02.27	00:57:12.778	0.95476	0.95476			6
2024.02.27	00:57:13.205	0.95477	0.95477			6
2024.02.27	00:57:13.533	0.95478	0.95478			6
2024.02.27	00:57:15.695	0.95479	0.95479			6
2024.02.27	00:57:15.913	0.95481	0.95481			6
2024.02.27	00:57:15.942	0.95482	0.95482			6
2024.02.27	00:57:16.426	0.95481	0.95481			6
2024.02.27	00:57:21.061	0.95480	0.95480			6
2024.02.27	00:57:21.122	0.95478	0.95478			6
2024.02.27	00:57:21.151	0.95476	0.95476			6
2024.02.27	00:57:21.182	0.95477	0.95477			6
2024.02.27	00:57:23.203	0.95478	0.95478			6
2024.02.27	00:57:23.232	0.95477	0.95477			6
2024.02.27	00:57:23.510	0.95478	0.95478			6
2024.02.27	00:57:25.841	0.95479	0.95479			6
2024.02.27	00:57:25.871	0.95477	0.95477			6
2024.02.27	00:57:27.419	0.95476	0.95476			6
2024.02.27	00:57:27.449	0.95478	0.95478			6
2024.02.27	00:57:27.628	0.95475	0.95475			6
2024.02.27	00:57:27.657	0.95478	0.95478			6
2024.02.27	00:57:27.688	0.95476	0.95476			6
2024.02.27	00:57:27.718	0.95477	0.95477			6
2024.02.27	00:57:27.808	0.95478	0.95478			6
2024.02.27	00:57:31.094	0.95480	0.95480			6
2024.02.27	00:57:31.124	0.95481	0.95481			6
2024.02.27	00:57:31.156	0.95482	0.95482			6
2024.02.27	00:57:31.304	0.95481	0.95481			6
2024.02.27	00:57:31.584	0.95480	0.95480			6
2024.02.27	00:57:36.064	0.95479	0.95479			6
2024.02.27	00:57:36.124	0.95477	0.95477			6
2024.02.27	00:57:41.063	0.95478	0.95478			6
2024.02.27	00:57:41.092	0.95480	0.95480			6
2024.02.27	00:57:41.123	0.95481	0.95481			6
2024.02.27	00:57:41.589	0.95480	0.95480			6
2024.02.27	00:57:46.675	0.95481	0.95481			6
2024.02.27	00:57:50.819	0.95480	0.95480			6
2024.02.27	00:57:51.111	0.95478	0.95478			6
2024.02.27	00:57:51.139	0.95476	0.95476			6
2024.02.27	00:57:51.201	0.95477	0.95477			6
2024.02.27	00:57:51.260	0.95478	0.95478			6
2024.02.27	00:57:51.291	0.95476	0.95476			6
2024.02.27	00:57:51.441	0.95478	0.95478			6
2024.02.27	00:57:51.471	0.95480	0.95480			6
2024.02.27	00:57:51.711	0.95479	0.95479			6
2024.02.27	00:57:51.741	0.95480	0.95480			6
2024.02.27	00:57:52.784	0.95478	0.95478			6
2024.02.27	00:57:52.843	0.95476	0.95476			6
2024.02.27	00:57:52.873	0.95478	0.95478			6
2024.02.27	00:57:52.934	0.95477	0.95477			6
2024.02.27	00:57:52.964	0.95478	0.95478			6
2024.02.27	00:57:53.174	0.95477	0.95477			6
2024.02.27	00:57:53.295	0.95478	0.95478			6
2024.02.27	00:57:55.809	0.95477	0.95477			6
2024.02.27	00:57:56.281	0.95478	0.95478			6
2024.02.27	00:57:56.342	0.95479	0.95479			6
2024.02.27	00:57:56.372	0.95480	0.95480			6
2024.02.27	00:57:56.402	0.95481	0.95481			6
2024.02.27	00:57:56.431	0.95479	0.95479			6
2024.02.27	00:57:59.089	0.95481	0.95481			6
2024.02.27	00:57:59.802	0.95480	0.95480			6
2024.02.27	00:58:01.077	0.95479	0.95479			6
2024.02.27	00:58:01.107	0.95477	0.95477			6
2024.02.27	00:58:05.991	0.95478	0.95478			6
2024.02.27	00:58:06.021	0.95480	0.95480			6
2024.02.27	00:58:06.515	0.95481	0.95481			6
2024.02.27	00:58:07.685	0.95478	0.95478			6
2024.02.27	00:58:07.899	0.95479	0.95479			6
2024.02.27	00:58:11.080	0.95480	0.95480			6
2024.02.27	00:58:11.109	0.95477	0.95477			6
2024.02.27	00:58:11.578	0.95476	0.95476			6
2024.02.27	00:58:11.607	0.95477	0.95477			6
2024.02.27	00:58:11.972	0.95476	0.95476			6
2024.02.27	00:58:12.495	0.95477	0.95477			6
2024.02.27	00:58:12.707	0.95476	0.95476			6
2024.02.27	00:58:12.767	0.95477	0.95477			6
2024.02.27	00:58:16.090	0.95480	0.95480			6
2024.02.27	00:58:16.599	0.95478	0.95478			6
2024.02.27	00:58:21.428	0.95479	0.95479			6
2024.02.27	00:58:21.458	0.95478	0.95478			6
2024.02.27	00:58:22.841	0.95479	0.95479			6
2024.02.27	00:58:22.966	0.95478	0.95478			6
2024.02.27	00:58:22.995	0.95479	0.95479			6
2024.02.27	00:58:26.093	0.95476	0.95476			6
2024.02.27	00:58:26.207	0.95477	0.95477			6
2024.02.27	00:58:26.321	0.95476	0.95476			6
2024.02.27	00:58:29.462	0.95477	0.95477			6
2024.02.27	00:58:31.090	0.95480	0.95480			6
2024.02.27	00:58:31.120	0.95478	0.95478			6
2024.02.27	00:58:31.151	0.95480	0.95480			6
2024.02.27	00:58:31.459	0.95478	0.95478			6
2024.02.27	00:58:31.567	0.95479	0.95479			6
2024.02.27	00:58:31.597	0.95480	0.95480			6
2024.02.27	00:58:31.777	0.95479	0.95479			6
2024.02.27	00:58:32.298	0.95478	0.95478			6
2024.02.27	00:58:36.078	0.95477	0.95477			6
2024.02.27	00:58:37.127	0.95476	0.95476			6
2024.02.27	00:58:38.759	0.95477	0.95477			6
2024.02.27	00:58:38.850	0.95476	0.95476			6
2024.02.27	00:58:41.159	0.95477	0.95477			6
2024.02.27	00:58:41.219	0.95476	0.95476			6
2024.02.27	00:58:41.279	0.95477	0.95477			6
2024.02.27	00:58:41.552	0.95476	0.95476			6
2024.02.27	00:58:42.267	0.95475	0.95475			6
2024.02.27	00:58:44.048	0.95476	0.95476			6
2024.02.27	00:58:45.933	0.95479	0.95479			6
2024.02.27	00:58:46.052	0.95478	0.95478			6
2024.02.27	00:58:46.113	0.95479	0.95479			6
2024.02.27	00:58:46.236	0.95480	0.95480			6
2024.02.27	00:58:46.267	0.95479	0.95479			6
2024.02.27	00:58:51.097	0.95477	0.95477			6
2024.02.27	00:58:56.069	0.95476	0.95476			6
2024.02.27	00:58:56.130	0.95479	0.95479			6
2024.02.27	00:58:56.230	0.95480	0.95480			6
2024.02.27	00:58:56.592	0.95478	0.95478			6
2024.02.27	00:58:57.215	0.95479	0.95479			6
2024.02.27	00:58:57.520	0.95478	0.95478			6
2024.02.27	00:58:57.760	0.95479	0.95479			6
2024.02.27	00:58:57.796	0.95478	0.95478			6
2024.02.27	00:58:58.276	0.95477	0.95477			6
2024.02.27	00:58:58.889	0.95478	0.95478			6
2024.02.27	00:58:59.202	0.95477	0.95477			6
2024.02.27	00:59:00.688	0.95478	0.95478			6
2024.02.27	00:59:00.909	0.95477	0.95477			6
2024.02.27	00:59:01.120	0.95476	0.95476			6
2024.02.27	00:59:01.180	0.95475	0.95475			6
2024.02.27	00:59:01.209	0.95476	0.95476			6
2024.02.27	00:59:01.339	0.95475	0.95475			6
2024.02.27	00:59:01.399	0.95476	0.95476			6
2024.02.27	00:59:06.097	0.95479	0.95479			6
2024.02.27	00:59:06.220	0.95478	0.95478			6
2024.02.27	00:59:06.279	0.95479	0.95479			6
2024.02.27	00:59:06.408	0.95478	0.95478			6
2024.02.27	00:59:06.438	0.95479	0.95479			6
2024.02.27	00:59:06.498	0.95478	0.95478			6
2024.02.27	00:59:07.410	0.95477	0.95477			6
2024.02.27	00:59:07.439	0.95478	0.95478			6
2024.02.27	00:59:07.500	0.95477	0.95477			6
2024.02.27	00:59:07.529	0.95478	0.95478			6
2024.02.27	00:59:07.840	0.95479	0.95479			6
2024.02.27	00:59:10.967	0.95480	0.95480			6
2024.02.27	00:59:11.068	0.95479	0.95479			6
2024.02.27	00:59:11.129	0.95477	0.95477			6
2024.02.27	00:59:11.541	0.95478	0.95478			6
2024.02.27	00:59:11.842	0.95479	0.95479			6
2024.02.27	00:59:12.946	0.95477	0.95477			6
2024.02.27	00:59:13.007	0.95479	0.95479			6
2024.02.27	00:59:13.037	0.95478	0.95478			6
2024.02.27	00:59:13.067	0.95477	0.95477			6
2024.02.27	00:59:13.157	0.95478	0.95478			6
2024.02.27	00:59:13.367	0.95479	0.95479			6
2024.02.27	00:59:13.457	0.95478	0.95478			6
2024.02.27	00:59:13.913	0.95479	0.95479			6
2024.02.27	00:59:14.004	0.95478	0.95478			6
2024.02.27	00:59:14.388	0.95479	0.95479			6
2024.02.27	00:59:14.569	0.95478	0.95478			6
2024.02.27	00:59:14.629	0.95479	0.95479			6
2024.02.27	00:59:14.779	0.95478	0.95478			6
2024.02.27	00:59:14.809	0.95479	0.95479			6
2024.02.27	00:59:14.869	0.95478	0.95478			6
2024.02.27	00:59:14.900	0.95479	0.95479			6
2024.02.27	00:59:15.050	0.95477	0.95477			6
2024.02.27	00:59:15.168	0.95476	0.95476			6
2024.02.27	00:59:15.259	0.95477	0.95477			6
2024.02.27	00:59:15.319	0.95476	0.95476			6
2024.02.27	00:59:15.380	0.95479	0.95479			6
2024.02.27	00:59:15.500	0.95480	0.95480			6
2024.02.27	00:59:15.530	0.95479	0.95479			6
2024.02.27	00:59:15.762	0.95480	0.95480			6
2024.02.27	00:59:16.460	0.95479	0.95479			6
2024.02.27	00:59:16.680	0.95480	0.95480			6
2024.02.27	00:59:16.710	0.95478	0.95478			6
2024.02.27	00:59:16.771	0.95479	0.95479			6
2024.02.27	00:59:16.800	0.95480	0.95480			6
2024.02.27	00:59:16.861	0.95478	0.95478			6
2024.02.27	00:59:17.036	0.95479	0.95479			6
2024.02.27	00:59:17.379	0.95480	0.95480			6
2024.02.27	00:59:17.740	0.95481	0.95481			6
2024.02.27	00:59:18.490	0.95480	0.95480			6
2024.02.27	00:59:18.611	0.95481	0.95481			6
2024.02.27	00:59:21.225	0.95480	0.95480			6
2024.02.27	00:59:21.525	0.95479	0.95479			6
2024.02.27	00:59:21.924	0.95476	0.95476			6
2024.02.27	00:59:21.954	0.95478	0.95478			6
2024.02.27	00:59:22.014	0.95477	0.95477			6
2024.02.27	00:59:22.104	0.95476	0.95476			6
2024.02.27	00:59:22.135	0.95478	0.95478			6
2024.02.27	00:59:22.165	0.95477	0.95477			6
2024.02.27	00:59:22.224	0.95478	0.95478			6
2024.02.27	00:59:22.647	0.95477	0.95477			6
2024.02.27	00:59:22.829	0.95478	0.95478			6
2024.02.27	00:59:22.982	0.95477	0.95477			6
2024.02.27	00:59:23.042	0.95476	0.95476			6
2024.02.27	00:59:23.133	0.95478	0.95478			6
2024.02.27	00:59:23.223	0.95477	0.95477			6
2024.02.27	00:59:23.343	0.95478	0.95478			6
2024.02.27	00:59:24.405	0.95477	0.95477			6
2024.02.27	00:59:24.940	0.95476	0.95476			6
2024.02.27	00:59:24.970	0.95477	0.95477			6
2024.02.27	00:59:25.001	0.95475	0.95475			6
2024.02.27	00:59:25.031	0.95477	0.95477			6
2024.02.27	00:59:25.061	0.95476	0.95476			6
2024.02.27	00:59:25.120	0.95477	0.95477			6
2024.02.27	00:59:25.421	0.95478	0.95478			6
2024.02.27	00:59:25.451	0.95477	0.95477			6
2024.02.27	00:59:25.540	0.95476	0.95476			6
2024.02.27	00:59:25.631	0.95477	0.95477			6
2024.02.27	00:59:25.662	0.95476	0.95476			6
2024.02.27	00:59:25.782	0.95477	0.95477			6
2024.02.27	00:59:28.144	0.95478	0.95478			6
2024.02.27	00:59:28.233	0.95477	0.95477			6
2024.02.27	00:59:28.619	0.95476	0.95476			6
2024.02.27	00:59:28.818	0.95477	0.95477			6
2024.02.27	00:59:29.210	0.95478	0.95478			6
2024.02.27	00:59:30.692	0.95479	0.95479			6
2024.02.27	00:59:30.938	0.95480	0.95480			6
2024.02.27	00:59:31.698	0.95481	0.95481			6
2024.02.27	00:59:33.000	0.95480	0.95480			6
2024.02.27	00:59:33.029	0.95479	0.95479			6
2024.02.27	00:59:33.090	0.95478	0.95478			6
2024.02.27	00:59:33.120	0.95480	0.95480			6
2024.02.27	00:59:33.228	0.95478	0.95478			6
2024.02.27	00:59:33.289	0.95479	0.95479			6
2024.02.27	00:59:33.319	0.95480	0.95480			6
2024.02.27	00:59:33.348	0.95479	0.95479			6
2024.02.27	00:59:33.529	0.95480	0.95480			6
2024.02.27	00:59:35.489	0.95479	0.95479			6
2024.02.27	00:59:35.520	0.95477	0.95477			6
2024.02.27	00:59:35.671	0.95475	0.95475			6
2024.02.27	00:59:35.700	0.95477	0.95477			6
2024.02.27	00:59:35.897	0.95475	0.95475			6
2024.02.27	00:59:35.927	0.95477	0.95477			6
2024.02.27	00:59:36.108	0.95476	0.95476			6
2024.02.27	00:59:36.138	0.95475	0.95475			6
2024.02.27	00:59:36.257	0.95479	0.95479			6
2024.02.27	00:59:36.318	0.95478	0.95478			6
2024.02.27	00:59:36.552	0.95476	0.95476			6
2024.02.27	00:59:36.975	0.95477	0.95477			6
2024.02.27	00:59:37.036	0.95476	0.95476			6
2024.02.27	00:59:37.506	0.95477	0.95477			6
2024.02.27	00:59:37.565	0.95476	0.95476			6
2024.02.27	00:59:38.321	0.95477	0.95477			6
2024.02.27	00:59:38.533	0.95476	0.95476			6
2024.02.27	00:59:38.953	0.95477	0.95477			6
2024.02.27	00:59:39.103	0.95476	0.95476			6
2024.02.27	00:59:39.225	0.95477	0.95477			6
2024.02.27	00:59:39.435	0.95476	0.95476			6
2024.02.27	00:59:39.985	0.95475	0.95475			6
2024.02.27	00:59:40.106	0.95476	0.95476			6
2024.02.27	00:59:40.136	0.95475	0.95475			6
2024.02.27	00:59:40.328	0.95477	0.95477			6
2024.02.27	00:59:40.358	0.95476	0.95476			6
2024.02.27	00:59:40.419	0.95474	0.95474			6
2024.02.27	00:59:40.449	0.95479	0.95479			6
2024.02.27	00:59:40.479	0.95477	0.95477			6
2024.02.27	00:59:40.508	0.95476	0.95476			6
2024.02.27	00:59:40.539	0.95477	0.95477			6
2024.02.27	00:59:40.604	0.95479	0.95479			6
2024.02.27	00:59:40.634	0.95480	0.95480			6
2024.02.27	00:59:40.731	0.95479	0.95479			6
2024.02.27	00:59:41.001	0.95480	0.95480			6
2024.02.27	00:59:41.150	0.95481	0.95481			6
2024.02.27	00:59:41.690	0.95480	0.95480			6
2024.02.27	00:59:43.684	0.95481	0.95481			6
2024.02.27	00:59:43.835	0.95480	0.95480			6
2024.02.27	00:59:45.291	0.95481	0.95481			6
2024.02.27	00:59:45.481	0.95480	0.95480			6
2024.02.27	00:59:45.631	0.95476	0.95476			6
2024.02.27	00:59:45.753	0.95477	0.95477			6
2024.02.27	00:59:45.850	0.95479	0.95479			6
2024.02.27	00:59:46.062	0.95480	0.95480			6
2024.02.27	00:59:46.162	0.95479	0.95479			6
2024.02.27	00:59:46.192	0.95475	0.95475			6
2024.02.27	00:59:46.221	0.95478	0.95478			6
2024.02.27	00:59:46.322	0.95480	0.95480			6
2024.02.27	00:59:46.352	0.95478	0.95478			6
2024.02.27	00:59:46.800	0.95477	0.95477			6
2024.02.27	00:59:46.831	0.95476	0.95476			6
2024.02.27	00:59:47.430	0.95478	0.95478			6
2024.02.27	00:59:52.441	0.95479	0.95479			6
2024.02.27	00:59:52.470	0.95478	0.95478			6
2024.02.27	00:59:52.791	0.95479	0.95479			6
2024.02.27	00:59:52.941	0.95480	0.95480			6
2024.02.27	00:59:53.091	0.95479	0.95479			6
2024.02.27	00:59:53.121	0.95478	0.95478			6
2024.02.27	00:59:53.882	0.95479	0.95479			6
2024.02.27	00:59:53.973	0.95478	0.95478			6
2024.02.27	00:59:54.247	0.95475	0.95475			6
2024.02.27	00:59:54.471	0.95477	0.95477			6
2024.02.27	00:59:54.662	0.95478	0.95478			6
2024.02.27	00:59:54.693	0.95477	0.95477			6
2024.02.27	00:59:54.956	0.95478	0.95478			6
2024.02.27	00:59:55.841	0.95479	0.95479			6
2024.02.27	00:59:55.871	0.95480	0.95480			6
2024.02.27	00:59:55.990	0.95482	0.95482			6
2024.02.27	00:59:56.050	0.95481	0.95481			6
2024.02.27	00:59:56.080	0.95482	0.95482			6
2024.02.27	00:59:56.111	0.95483	0.95483			6
2024.02.27	00:59:56.140	0.95482	0.95482			6
2024.02.27	00:59:56.233	0.95481	0.95481			6
2024.02.27	00:59:56.292	0.95480	0.95480			6
2024.02.27	00:59:56.323	0.95481	0.95481			6
2024.02.27	00:59:56.472	0.95480	0.95480			6
2024.02.27	00:59:56.795	0.95481	0.95481			6
2024.02.27	00:59:56.824	0.95480	0.95480			6
2024.02.27	00:59:56.945	0.95481	0.95481			6
2024.02.27	00:59:58.472	0.95482	0.95482			6
2024.02.27	01:00:00.066	0.95481	0.95481			6
2024.02.27	01:00:00.096	0.95476	0.95476			6
2024.02.27	01:00:00.125	0.95477	0.95477			6
2024.02.27	01:00:00.156	0.95476	0.95476			6
2024.02.27	01:00:00.185	0.95475	0.95475			6
2024.02.27	01:00:00.215	0.95477	0.95477			6
2024.02.27	01:00:00.245	0.95480	0.95480			6
2024.02.27	01:00:00.276	0.95482	0.95482			6
2024.02.27	01:00:00.367	0.95480	0.95480			6
2024.02.27	01:00:00.397	0.95482	0.95482			6
2024.02.27	01:00:00.427	0.95481	0.95481			6
2024.02.27	01:00:00.488	0.95480	0.95480			6
2024.02.27	01:00:00.517	0.95479	0.95479			6
2024.02.27	01:00:00.698	0.95478	0.95478			6
2024.02.27	01:00:00.758	0.95479	0.95479			6
2024.02.27	01:00:00.848	0.95478	0.95478			6
2024.02.27	01:00:00.878	0.95480	0.95480			6
2024.02.27	01:00:00.908	0.95481	0.95481			6
2024.02.27	01:00:00.968	0.95480	0.95480			6
2024.02.27	01:00:00.998	0.95479	0.95479			6
2024.02.27	01:00:01.598	0.95478	0.95478			6
2024.02.27	01:00:01.777	0.95477	0.95477			6
2024.02.27	01:00:01.898	0.95476	0.95476			6
2024.02.27	01:00:01.928	0.95474	0.95474			6
2024.02.27	01:00:02.289	0.95475	0.95475			6
2024.02.27	01:00:02.409	0.95474	0.95474			6
2024.02.27	01:00:02.470	0.95475	0.95475			6
2024.02.27	01:00:06.020	0.95477	0.95477			6
2024.02.27	01:00:07.643	0.95478	0.95478			6
2024.02.27	01:00:08.151	0.95479	0.95479			6
2024.02.27	01:00:08.272	0.95478	0.95478			6
2024.02.27	01:00:08.361	0.95479	0.95479			6
2024.02.27	01:00:08.392	0.95478	0.95478			6
2024.02.27	01:00:08.481	0.95479	0.95479			6
2024.02.27	01:00:09.655	0.95480	0.95480			6
2024.02.27	01:00:09.845	0.95481	0.95481			6
2024.02.27	01:00:10.325	0.95480	0.95480			6
2024.02.27	01:00:10.727	0.95481	0.95481			6
2024.02.27	01:00:10.818	0.95480	0.95480			6
2024.02.27	01:00:11.240	0.95481	0.95481			6
2024.02.27	01:00:11.330	0.95480	0.95480			6
2024.02.27	01:00:11.900	0.95481	0.95481			6
2024.02.27	01:00:13.749	0.95480	0.95480			6
2024.02.27	01:00:13.778	0.95481	0.95481			6
2024.02.27	01:00:13.838	0.95480	0.95480			6
2024.02.27	01:00:24.275	0.95481	0.95481			6
2024.02.27	01:00:25.072	0.95482	0.95482			6
2024.02.27	01:00:25.435	0.95478	0.95478			6
2024.02.27	01:00:26.448	0.95481	0.95481			6
2024.02.27	01:00:30.136	0.95479	0.95479			6
2024.02.27	01:00:30.451	0.95478	0.95478			6
2024.02.27	01:00:30.481	0.95484	0.95484			6
2024.02.27	01:00:30.510	0.95481	0.95481			6
2024.02.27	01:00:30.781	0.95482	0.95482			6
2024.02.27	01:00:30.900	0.95481	0.95481			6
2024.02.27	01:00:31.140	0.95482	0.95482			6
2024.02.27	01:00:31.712	0.95480	0.95480			6
2024.02.27	01:00:31.741	0.95479	0.95479			6
2024.02.27	01:00:32.412	0.95478	0.95478			6
2024.02.27	01:00:32.685	0.95477	0.95477			6
2024.02.27	01:00:32.924	0.95478	0.95478			6
2024.02.27	01:00:33.074	0.95477	0.95477			6
2024.02.27	01:00:33.704	0.95478	0.95478			6
2024.02.27	01:00:34.065	0.95479	0.95479			6
2024.02.27	01:00:35.654	0.95478	0.95478			6
2024.02.27	01:00:36.323	0.95477	0.95477			6
2024.02.27	01:00:36.444	0.95479	0.95479			6
2024.02.27	01:00:36.474	0.95478	0.95478			6
2024.02.27	01:00:36.505	0.95482	0.95482			6
2024.02.27	01:00:36.594	0.95481	0.95481			6
2024.02.27	01:00:36.624	0.95482	0.95482			6
2024.02.27	01:00:36.684	0.95481	0.95481			6
2024.02.27	01:00:36.805	0.95482	0.95482			6
2024.02.27	01:00:36.927	0.95481	0.95481			6
2024.02.27	01:00:36.958	0.95482	0.95482			6
2024.02.27	01:00:36.988	0.95481	0.95481			6
2024.02.27	01:00:37.018	0.95480	0.95480			6
2024.02.27	01:00:37.738	0.95479	0.95479			6
2024.02.27	01:00:37.878	0.95480	0.95480			6
2024.02.27	01:00:38.029	0.95479	0.95479			6
2024.02.27	01:00:38.347	0.95481	0.95481			6
2024.02.27	01:00:38.378	0.95483	0.95483			6
2024.02.27	01:00:38.482	0.95481	0.95481			6
2024.02.27	01:00:38.512	0.95482	0.95482			6
2024.02.27	01:00:38.542	0.95481	0.95481			6
2024.02.27	01:00:38.572	0.95480	0.95480			6
2024.02.27	01:00:38.631	0.95479	0.95479			6
2024.02.27	01:00:38.662	0.95480	0.95480			6
2024.02.27	01:00:40.891	0.95481	0.95481			6
2024.02.27	01:00:44.724	0.95480	0.95480			6
2024.02.27	01:00:44.754	0.95481	0.95481			6
2024.02.27	01:00:44.874	0.95482	0.95482			6
2024.02.27	01:01:01.223	0.95483	0.95483			6
2024.02.27	01:01:05.867	0.95482	0.95482			6
2024.02.27	01:01:06.742	0.95481	0.95481			6
2024.02.27	01:01:12.927	0.95482	0.95482			6
2024.02.27	01:01:13.016	0.95481	0.95481			6
2024.02.27	01:01:13.076	0.95483	0.95483			6
2024.02.27	01:01:13.106	0.95482	0.95482			6
2024.02.27	01:01:13.136	0.95487	0.95487			6
2024.02.27	01:01:13.166	0.95485	0.95485			6
2024.02.27	01:01:13.196	0.95484	0.95484			6
2024.02.27	01:01:13.227	0.95485	0.95485			6
2024.02.27	01:01:13.256	0.95486	0.95486			6
2024.02.27	01:01:13.317	0.95484	0.95484			6
2024.02.27	01:01:13.347	0.95487	0.95487			6
2024.02.27	01:01:13.377	0.95486	0.95486			6
2024.02.27	01:01:13.406	0.95485	0.95485			6
2024.02.27	01:01:13.617	0.95484	0.95484			6
2024.02.27	01:01:13.946	0.95485	0.95485			6
2024.02.27	01:01:18.401	0.95484	0.95484			6
2024.02.27	01:01:18.431	0.95485	0.95485			6
2024.02.27	01:01:30.390	0.95483	0.95483			6
2024.02.27	01:01:30.420	0.95485	0.95485			6
2024.02.27	01:01:33.379	0.95484	0.95484			6
2024.02.27	01:01:33.499	0.95485	0.95485			6
2024.02.27	01:01:41.388	0.95484	0.95484			6
2024.02.27	01:01:45.286	0.95483	0.95483			6
2024.02.27	01:01:45.918	0.95481	0.95481			6
2024.02.27	01:01:52.253	0.95482	0.95482			6
2024.02.27	01:01:58.435	0.95485	0.95485			6
2024.02.27	01:01:58.466	0.95486	0.95486			6
2024.02.27	01:01:58.840	0.95485	0.95485			6
2024.02.27	01:01:58.869	0.95484	0.95484			6
