<DATE>	<TIME>	<BID>	<ASK>	<LAST>	<VOLUME>	<FLAGS>
2024.02.08	00:00:03.456	0.94179	0.94179			6
2024.02.08	00:00:04.259	0.94191	0.94191			6
2024.02.08	00:01:03.657	0.94191				2
2024.02.08	00:02:00.310	0.94192	0.94192			6
2024.02.08	00:02:01.048	0.94191	0.94191			6
2024.02.08	00:03:00.679	0.94191				2
2024.02.08	00:03:11.538	0.94189	0.94189			6
2024.02.08	00:03:20.777	0.94191	0.94191			6
2024.02.08	00:03:23.089	0.94189	0.94189			6
2024.02.08	00:03:28.999	0.94191	0.94191			6
2024.02.08	00:03:33.368	0.94189	0.94189			6
2024.02.08	00:03:45.549	0.94191	0.94191			6
2024.02.08	00:03:52.098	0.94189	0.94189			6
2024.02.08	00:03:55.148	0.94191	0.94191			6
2024.02.08	00:04:00.689	0.94185	0.94185			6
2024.02.08	00:04:55.699	0.94184	0.94184			6
2024.02.08	00:05:17.097	0.94186	0.94186			6
2024.02.08	00:05:31.679	0.94185	0.94185			6
2024.02.08	00:05:50.108	0.94188	0.94188			6
2024.02.08	00:05:53.238	0.94191	0.94191			6
2024.02.08	00:05:56.685	0.94190	0.94190			6
2024.02.08	00:05:57.166	0.94188	0.94188			6
2024.02.08	00:05:58.201	0.94185	0.94185			6
2024.02.08	00:06:26.687	0.94186	0.94186			6
2024.02.08	00:07:14.817	0.94186				2
2024.02.08	00:07:37.648	0.94197	0.94197			6
2024.02.08	00:07:53.758	0.94196	0.94196			6
2024.02.08	00:07:53.787	0.94197	0.94197			6
2024.02.08	00:08:01.410	0.94195	0.94195			6
2024.02.08	00:08:01.473	0.94196	0.94196			6
2024.02.08	00:08:02.478	0.94195	0.94195			6
2024.02.08	00:08:03.997	0.94196	0.94196			6
2024.02.08	00:08:07.087	0.94195	0.94195			6
2024.02.08	00:08:10.059	0.94196	0.94196			6
2024.02.08	00:08:11.023	0.94195	0.94195			6
2024.02.08	00:08:12.717	0.94196	0.94196			6
2024.02.08	00:08:13.709	0.94195	0.94195			6
2024.02.08	00:08:14.128	0.94196	0.94196			6
2024.02.08	00:08:14.158	0.94195	0.94195			6
2024.02.08	00:08:34.402	0.94196	0.94196			6
2024.02.08	00:08:34.433	0.94195	0.94195			6
2024.02.08	00:08:56.935	0.94196	0.94196			6
2024.02.08	00:08:56.966	0.94195	0.94195			6
2024.02.08	00:09:25.134	0.94196	0.94196			6
2024.02.08	00:09:57.389	0.94195	0.94195			6
2024.02.08	00:09:58.381	0.94196	0.94196			6
2024.02.08	00:10:02.439	0.94200	0.94200			6
2024.02.08	00:10:02.530	0.94196	0.94196			6
2024.02.08	00:10:06.758	0.94195	0.94195			6
2024.02.08	00:10:14.101	0.94196	0.94196			6
2024.02.08	00:10:25.965	0.94195	0.94195			6
2024.02.08	00:10:41.157	0.94197	0.94197			6
2024.02.08	00:10:46.168	0.94195	0.94195			6
2024.02.08	00:10:57.635	0.94194	0.94194			6
2024.02.08	00:10:57.666	0.94195	0.94195			6
2024.02.08	00:10:57.695	0.94194	0.94194			6
2024.02.08	00:11:07.386	0.94195	0.94195			6
2024.02.08	00:11:07.427	0.94194	0.94194			6
2024.02.08	00:11:08.097	0.94195	0.94195			6
2024.02.08	00:11:08.355	0.94194	0.94194			6
2024.02.08	00:11:09.343	0.94195	0.94195			6
2024.02.08	00:11:16.639	0.94194	0.94194			6
2024.02.08	00:11:16.669	0.94195	0.94195			6
2024.02.08	00:11:17.373	0.94194	0.94194			6
2024.02.08	00:11:28.355	0.94195	0.94195			6
2024.02.08	00:11:28.385	0.94194	0.94194			6
2024.02.08	00:11:29.417	0.94195	0.94195			6
2024.02.08	00:11:30.197	0.94194	0.94194			6
2024.02.08	00:11:56.829	0.94197	0.94197			6
2024.02.08	00:11:59.219	0.94198	0.94198			6
2024.02.08	00:11:59.309	0.94199	0.94199			6
2024.02.08	00:12:00.293	0.94198	0.94198			6
2024.02.08	00:12:01.546	0.94199	0.94199			6
2024.02.08	00:12:02.778	0.94198	0.94198			6
2024.02.08	00:12:47.468	0.94196	0.94196			6
2024.02.08	00:12:48.787	0.94197	0.94197			6
2024.02.08	00:13:00.461	0.94198	0.94198			6
2024.02.08	00:13:04.119	0.94197	0.94197			6
2024.02.08	00:13:05.030	0.94194	0.94194			6
2024.02.08	00:13:05.104	0.94195	0.94195			6
2024.02.08	00:13:28.376	0.94198	0.94198			6
2024.02.08	00:13:54.387	0.94197	0.94197			6
2024.02.08	00:13:56.818	0.94193	0.94193			6
2024.02.08	00:13:56.877	0.94194	0.94194			6
2024.02.08	00:13:59.928	0.94193	0.94193			6
2024.02.08	00:13:59.958	0.94195	0.94195			6
2024.02.08	00:14:02.636	0.94194	0.94194			6
2024.02.08	00:14:10.117	0.94195	0.94195			6
2024.02.08	00:14:10.455	0.94194	0.94194			6
2024.02.08	00:14:13.527	0.94195	0.94195			6
2024.02.08	00:14:14.008	0.94194	0.94194			6
2024.02.08	00:14:15.453	0.94193	0.94193			6
2024.02.08	00:14:17.487	0.94194	0.94194			6
2024.02.08	00:14:25.315	0.94193	0.94193			6
2024.02.08	00:14:39.447	0.94194	0.94194			6
2024.02.08	00:14:54.817	0.94199	0.94199			6
2024.02.08	00:14:59.626	0.94195	0.94195			6
2024.02.08	00:15:00.058	0.94194	0.94194			6
2024.02.08	00:15:00.089	0.94193	0.94193			6
2024.02.08	00:15:00.148	0.94194	0.94194			6
2024.02.08	00:15:04.227	0.94193	0.94193			6
2024.02.08	00:15:27.062	0.94197	0.94197			6
2024.02.08	00:16:03.156	0.94193	0.94193			6
2024.02.08	00:16:07.358	0.94197	0.94197			6
2024.02.08	00:16:07.861	0.94198	0.94198			6
2024.02.08	00:16:08.328	0.94197	0.94197			6
2024.02.08	00:16:08.358	0.94196	0.94196			6
2024.02.08	00:16:08.389	0.94197	0.94197			6
2024.02.08	00:16:10.675	0.94198	0.94198			6
2024.02.08	00:16:10.705	0.94199	0.94199			6
2024.02.08	00:16:42.650	0.94200	0.94200			6
2024.02.08	00:17:01.331	0.94199	0.94199			6
2024.02.08	00:17:01.373	0.94198	0.94198			6
2024.02.08	00:17:01.403	0.94200	0.94200			6
2024.02.08	00:17:01.432	0.94199	0.94199			6
2024.02.08	00:17:07.393	0.94200	0.94200			6
2024.02.08	00:17:10.626	0.94196	0.94196			6
2024.02.08	00:17:31.747	0.94199	0.94199			6
2024.02.08	00:17:31.806	0.94200	0.94200			6
2024.02.08	00:17:35.767	0.94196	0.94196			6
2024.02.08	00:17:41.958	0.94195	0.94195			6
2024.02.08	00:17:47.886	0.94194	0.94194			6
2024.02.08	00:17:49.977	0.94195	0.94195			6
2024.02.08	00:17:55.423	0.94196	0.94196			6
2024.02.08	00:18:17.761	0.94195	0.94195			6
2024.02.08	00:18:22.454	0.94201	0.94201			6
2024.02.08	00:18:32.584	0.94200	0.94200			6
2024.02.08	00:18:35.123	0.94196	0.94196			6
2024.02.08	00:18:35.617	0.94197	0.94197			6
2024.02.08	00:18:36.658	0.94196	0.94196			6
2024.02.08	00:18:37.588	0.94197	0.94197			6
2024.02.08	00:18:53.138	0.94198	0.94198			6
2024.02.08	00:18:58.431	0.94197	0.94197			6
2024.02.08	00:19:08.468	0.94198	0.94198			6
2024.02.08	00:19:08.498	0.94197	0.94197			6
2024.02.08	00:19:08.528	0.94198	0.94198			6
2024.02.08	00:19:08.587	0.94197	0.94197			6
2024.02.08	00:19:10.289	0.94198	0.94198			6
2024.02.08	00:19:13.226	0.94197	0.94197			6
2024.02.08	00:19:20.147	0.94198	0.94198			6
2024.02.08	00:19:21.422	0.94197	0.94197			6
2024.02.08	00:19:33.407	0.94201	0.94201			6
2024.02.08	00:19:36.366	0.94202	0.94202			6
2024.02.08	00:19:36.395	0.94197	0.94197			6
2024.02.08	00:19:43.626	0.94198	0.94198			6
2024.02.08	00:19:43.656	0.94197	0.94197			6
2024.02.08	00:19:45.554	0.94198	0.94198			6
2024.02.08	00:19:45.585	0.94197	0.94197			6
2024.02.08	00:19:59.178	0.94198	0.94198			6
2024.02.08	00:20:02.416	0.94197	0.94197			6
2024.02.08	00:20:03.811	0.94198	0.94198			6
2024.02.08	00:20:03.905	0.94197	0.94197			6
2024.02.08	00:20:11.156	0.94198	0.94198			6
2024.02.08	00:20:12.091	0.94197	0.94197			6
2024.02.08	00:20:13.567	0.94198	0.94198			6
2024.02.08	00:20:15.556	0.94197	0.94197			6
2024.02.08	00:20:18.916	0.94198	0.94198			6
2024.02.08	00:20:22.437	0.94197	0.94197			6
2024.02.08	00:20:22.465	0.94198	0.94198			6
2024.02.08	00:20:24.191	0.94197	0.94197			6
2024.02.08	00:20:25.567	0.94198	0.94198			6
2024.02.08	00:20:29.402	0.94197	0.94197			6
2024.02.08	00:20:29.978	0.94198	0.94198			6
2024.02.08	00:20:30.007	0.94197	0.94197			6
2024.02.08	00:20:37.896	0.94198	0.94198			6
2024.02.08	00:21:12.126	0.94199	0.94199			6
2024.02.08	00:21:26.164	0.94200	0.94200			6
2024.02.08	00:21:26.535	0.94199	0.94199			6
2024.02.08	00:21:28.592	0.94197	0.94197			6
2024.02.08	00:21:31.298	0.94198	0.94198			6
2024.02.08	00:21:38.597	0.94199	0.94199			6
2024.02.08	00:21:45.215	0.94204	0.94204			6
2024.02.08	00:21:45.275	0.94199	0.94199			6
2024.02.08	00:21:48.835	0.94200	0.94200			6
2024.02.08	00:21:48.925	0.94199	0.94199			6
2024.02.08	00:21:55.397	0.94198	0.94198			6
2024.02.08	00:22:05.454	0.94202	0.94202			6
2024.02.08	00:22:05.549	0.94203	0.94203			6
2024.02.08	00:22:12.155	0.94198	0.94198			6
2024.02.08	00:22:25.747	0.94203	0.94203			6
2024.02.08	00:22:25.807	0.94202	0.94202			6
2024.02.08	00:22:25.836	0.94198	0.94198			6
2024.02.08	00:22:31.395	0.94199	0.94199			6
2024.02.08	00:22:32.765	0.94198	0.94198			6
2024.02.08	00:22:35.950	0.94199	0.94199			6
2024.02.08	00:22:35.980	0.94198	0.94198			6
2024.02.08	00:22:40.097	0.94199	0.94199			6
2024.02.08	00:22:46.046	0.94200	0.94200			6
2024.02.08	00:22:56.267	0.94199	0.94199			6
2024.02.08	00:23:02.065	0.94203	0.94203			6
2024.02.08	00:23:06.404	0.94202	0.94202			6
2024.02.08	00:23:12.845	0.94203	0.94203			6
2024.02.08	00:23:16.535	0.94204	0.94204			6
2024.02.08	00:23:16.566	0.94199	0.94199			6
2024.02.08	00:23:36.766	0.94203	0.94203			6
2024.02.08	00:23:46.045	0.94202	0.94202			6
2024.02.08	00:24:19.662	0.94203	0.94203			6
2024.02.08	00:24:27.515	0.94202	0.94202			6
2024.02.08	00:24:27.545	0.94198	0.94198			6
2024.02.08	00:24:41.796	0.94200	0.94200			6
2024.02.08	00:24:47.696	0.94201	0.94201			6
2024.02.08	00:24:52.586	0.94202	0.94202			6
2024.02.08	00:25:08.189	0.94203	0.94203			6
2024.02.08	00:25:09.166	0.94202	0.94202			6
2024.02.08	00:26:03.239	0.94203	0.94203			6
2024.02.08	00:26:06.743	0.94202	0.94202			6
2024.02.08	00:26:14.475	0.94203	0.94203			6
2024.02.08	00:26:34.538	0.94202	0.94202			6
2024.02.08	00:26:35.746	0.94203	0.94203			6
2024.02.08	00:27:38.456	0.94204	0.94204			6
2024.02.08	00:28:31.409	0.94205	0.94205			6
2024.02.08	00:28:31.439	0.94204	0.94204			6
2024.02.08	00:28:51.103	0.94203	0.94203			6
2024.02.08	00:29:11.466	0.94204	0.94204			6
2024.02.08	00:29:32.798	0.94203	0.94203			6
2024.02.08	00:29:38.675	0.94204	0.94204			6
2024.02.08	00:29:38.718	0.94205	0.94205			6
2024.02.08	00:30:00.076	0.94204	0.94204			6
2024.02.08	00:30:00.107	0.94206	0.94206			6
2024.02.08	00:30:00.491	0.94205	0.94205			6
2024.02.08	00:30:01.134	0.94204	0.94204			6
2024.02.08	00:30:01.384	0.94205	0.94205			6
2024.02.08	00:30:10.814	0.94204	0.94204			6
2024.02.08	00:30:11.408	0.94203	0.94203			6
2024.02.08	00:30:13.508	0.94204	0.94204			6
2024.02.08	00:30:15.419	0.94203	0.94203			6
2024.02.08	00:30:15.478	0.94204	0.94204			6
2024.02.08	00:30:22.420	0.94203	0.94203			6
2024.02.08	00:30:22.450	0.94204	0.94204			6
2024.02.08	00:30:22.610	0.94201	0.94201			6
2024.02.08	00:30:32.364	0.94202	0.94202			6
2024.02.08	00:30:32.424	0.94201	0.94201			6
2024.02.08	00:30:32.545	0.94199	0.94199			6
2024.02.08	00:30:36.454	0.94195	0.94195			6
2024.02.08	00:30:36.925	0.94197	0.94197			6
2024.02.08	00:30:37.215	0.94195	0.94195			6
2024.02.08	00:30:38.741	0.94194	0.94194			6
2024.02.08	00:30:38.801	0.94195	0.94195			6
2024.02.08	00:30:38.862	0.94196	0.94196			6
2024.02.08	00:30:38.891	0.94195	0.94195			6
2024.02.08	00:30:38.921	0.94200	0.94200			6
2024.02.08	00:30:38.951	0.94201	0.94201			6
2024.02.08	00:30:39.879	0.94199	0.94199			6
2024.02.08	00:30:40.478	0.94198	0.94198			6
2024.02.08	00:30:41.255	0.94195	0.94195			6
2024.02.08	00:30:41.810	0.94196	0.94196			6
2024.02.08	00:30:42.696	0.94197	0.94197			6
2024.02.08	00:30:44.345	0.94199	0.94199			6
2024.02.08	00:30:53.306	0.94200	0.94200			6
2024.02.08	00:30:53.335	0.94203	0.94203			6
2024.02.08	00:30:53.368	0.94202	0.94202			6
2024.02.08	00:30:53.397	0.94201	0.94201			6
2024.02.08	00:30:53.459	0.94203	0.94203			6
2024.02.08	00:30:53.653	0.94202	0.94202			6
2024.02.08	00:30:53.713	0.94203	0.94203			6
2024.02.08	00:30:53.784	0.94202	0.94202			6
2024.02.08	00:30:54.405	0.94201	0.94201			6
2024.02.08	00:30:55.257	0.94200	0.94200			6
2024.02.08	00:31:00.267	0.94197	0.94197			6
2024.02.08	00:31:04.068	0.94196	0.94196			6
2024.02.08	00:31:06.734	0.94194	0.94194			6
2024.02.08	00:31:09.656	0.94195	0.94195			6
2024.02.08	00:31:09.685	0.94196	0.94196			6
2024.02.08	00:31:10.064	0.94195	0.94195			6
2024.02.08	00:31:10.794	0.94196	0.94196			6
2024.02.08	00:31:10.824	0.94195	0.94195			6
2024.02.08	00:31:17.115	0.94194	0.94194			6
2024.02.08	00:31:17.145	0.94195	0.94195			6
2024.02.08	00:31:18.685	0.94196	0.94196			6
2024.02.08	00:31:21.172	0.94194	0.94194			6
2024.02.08	00:31:21.202	0.94191	0.94191			6
2024.02.08	00:31:21.360	0.94185	0.94185			6
2024.02.08	00:31:35.534	0.94189	0.94189			6
2024.02.08	00:31:35.565	0.94185	0.94185			6
2024.02.08	00:31:35.594	0.94187	0.94187			6
2024.02.08	00:31:40.860	0.94186	0.94186			6
2024.02.08	00:31:41.000	0.94183	0.94183			6
2024.02.08	00:31:45.474	0.94185	0.94185			6
2024.02.08	00:31:47.737	0.94187	0.94187			6
2024.02.08	00:31:47.767	0.94185	0.94185			6
2024.02.08	00:31:55.014	0.94180	0.94180			6
2024.02.08	00:31:56.949	0.94184	0.94184			6
2024.02.08	00:32:04.012	0.94180	0.94180			6
2024.02.08	00:32:04.043	0.94183	0.94183			6
2024.02.08	00:32:04.906	0.94186	0.94186			6
2024.02.08	00:32:05.520	0.94200	0.94200			6
2024.02.08	00:32:05.549	0.94199	0.94199			6
2024.02.08	00:32:06.834	0.94189	0.94189			6
2024.02.08	00:32:06.864	0.94194	0.94194			6
2024.02.08	00:32:06.924	0.94190	0.94190			6
2024.02.08	00:32:06.983	0.94189	0.94189			6
2024.02.08	00:32:07.015	0.94187	0.94187			6
2024.02.08	00:32:07.044	0.94186	0.94186			6
2024.02.08	00:32:07.194	0.94180	0.94180			6
2024.02.08	00:32:07.415	0.94185	0.94185			6
2024.02.08	00:32:08.374	0.94192	0.94192			6
2024.02.08	00:32:08.436	0.94195	0.94195			6
2024.02.08	00:32:08.655	0.94197	0.94197			6
2024.02.08	00:32:08.715	0.94199	0.94199			6
2024.02.08	00:32:09.766	0.94196	0.94196			6
2024.02.08	00:32:09.795	0.94187	0.94187			6
2024.02.08	00:32:09.826	0.94188	0.94188			6
2024.02.08	00:32:09.885	0.94189	0.94189			6
2024.02.08	00:32:09.914	0.94185	0.94185			6
2024.02.08	00:32:10.245	0.94182	0.94182			6
2024.02.08	00:32:10.306	0.94183	0.94183			6
2024.02.08	00:32:10.465	0.94184	0.94184			6
2024.02.08	00:32:11.288	0.94187	0.94187			6
2024.02.08	00:32:11.441	0.94194	0.94194			6
2024.02.08	00:32:11.470	0.94196	0.94196			6
2024.02.08	00:32:11.561	0.94198	0.94198			6
2024.02.08	00:32:12.164	0.94200	0.94200			6
2024.02.08	00:32:12.604	0.94197	0.94197			6
2024.02.08	00:32:12.635	0.94188	0.94188			6
2024.02.08	00:32:12.665	0.94192	0.94192			6
2024.02.08	00:32:12.696	0.94184	0.94184			6
2024.02.08	00:32:14.110	0.94188	0.94188			6
2024.02.08	00:32:14.140	0.94186	0.94186			6
2024.02.08	00:32:14.464	0.94188	0.94188			6
2024.02.08	00:32:21.154	0.94190	0.94190			6
2024.02.08	00:32:24.094	0.94192	0.94192			6
2024.02.08	00:32:24.124	0.94189	0.94189			6
2024.02.08	00:32:24.184	0.94188	0.94188			6
2024.02.08	00:32:24.214	0.94186	0.94186			6
2024.02.08	00:32:24.274	0.94189	0.94189			6
2024.02.08	00:32:24.395	0.94187	0.94187			6
2024.02.08	00:32:24.479	0.94184	0.94184			6
2024.02.08	00:32:24.702	0.94186	0.94186			6
2024.02.08	00:32:37.174	0.94182	0.94182			6
2024.02.08	00:32:37.334	0.94180	0.94180			6
2024.02.08	00:32:38.714	0.94182	0.94182			6
2024.02.08	00:32:44.542	0.94180	0.94180			6
2024.02.08	00:32:44.727	0.94179	0.94179			6
2024.02.08	00:32:44.787	0.94176	0.94176			6
2024.02.08	00:32:48.818	0.94179	0.94179			6
2024.02.08	00:32:48.849	0.94178	0.94178			6
2024.02.08	00:32:49.677	0.94179	0.94179			6
2024.02.08	00:32:49.829	0.94180	0.94180			6
2024.02.08	00:32:51.840	0.94182	0.94182			6
2024.02.08	00:32:51.930	0.94184	0.94184			6
2024.02.08	00:32:51.960	0.94181	0.94181			6
2024.02.08	00:32:52.021	0.94182	0.94182			6
2024.02.08	00:32:52.052	0.94181	0.94181			6
2024.02.08	00:32:52.202	0.94182	0.94182			6
2024.02.08	00:32:52.262	0.94181	0.94181			6
2024.02.08	00:32:52.292	0.94179	0.94179			6
2024.02.08	00:32:52.322	0.94185	0.94185			6
2024.02.08	00:32:52.352	0.94179	0.94179			6
2024.02.08	00:32:52.721	0.94178	0.94178			6
2024.02.08	00:32:53.066	0.94180	0.94180			6
2024.02.08	00:32:54.347	0.94179	0.94179			6
2024.02.08	00:32:54.772	0.94180	0.94180			6
2024.02.08	00:32:55.617	0.94185	0.94185			6
2024.02.08	00:32:55.646	0.94183	0.94183			6
2024.02.08	00:32:56.121	0.94182	0.94182			6
2024.02.08	00:32:57.316	0.94181	0.94181			6
2024.02.08	00:32:57.427	0.94178	0.94178			6
2024.02.08	00:32:58.165	0.94183	0.94183			6
2024.02.08	00:32:58.225	0.94179	0.94179			6
2024.02.08	00:32:58.314	0.94178	0.94178			6
2024.02.08	00:32:58.436	0.94177	0.94177			6
2024.02.08	00:32:58.466	0.94178	0.94178			6
2024.02.08	00:32:58.495	0.94177	0.94177			6
2024.02.08	00:32:58.527	0.94178	0.94178			6
2024.02.08	00:32:58.557	0.94181	0.94181			6
2024.02.08	00:32:58.649	0.94182	0.94182			6
2024.02.08	00:32:58.709	0.94181	0.94181			6
2024.02.08	00:32:59.514	0.94183	0.94183			6
2024.02.08	00:32:59.543	0.94182	0.94182			6
2024.02.08	00:32:59.604	0.94183	0.94183			6
2024.02.08	00:32:59.633	0.94182	0.94182			6
2024.02.08	00:32:59.785	0.94183	0.94183			6
2024.02.08	00:33:00.525	0.94183				2
2024.02.08	00:33:00.689	0.94182	0.94182			6
2024.02.08	00:33:00.720	0.94183	0.94183			6
2024.02.08	00:33:01.156	0.94184	0.94184			6
2024.02.08	00:33:03.712	0.94185	0.94185			6
2024.02.08	00:33:03.832	0.94184	0.94184			6
2024.02.08	00:33:03.892	0.94182	0.94182			6
2024.02.08	00:33:03.982	0.94181	0.94181			6
2024.02.08	00:33:04.288	0.94183	0.94183			6
2024.02.08	00:33:04.319	0.94182	0.94182			6
2024.02.08	00:33:04.468	0.94191	0.94191			6
2024.02.08	00:33:04.529	0.94197	0.94197			6
2024.02.08	00:33:04.560	0.94199	0.94199			6
2024.02.08	00:33:04.711	0.94200	0.94200			6
2024.02.08	00:33:04.801	0.94194	0.94194			6
2024.02.08	00:33:05.024	0.94193	0.94193			6
2024.02.08	00:33:05.595	0.94194	0.94194			6
2024.02.08	00:33:07.216	0.94195	0.94195			6
2024.02.08	00:33:10.689	0.94193	0.94193			6
2024.02.08	00:33:11.096	0.94192	0.94192			6
2024.02.08	00:33:11.126	0.94193	0.94193			6
2024.02.08	00:33:11.156	0.94192	0.94192			6
2024.02.08	00:33:11.463	0.94190	0.94190			6
2024.02.08	00:33:11.547	0.94191	0.94191			6
2024.02.08	00:33:11.577	0.94192	0.94192			6
2024.02.08	00:33:11.668	0.94193	0.94193			6
2024.02.08	00:33:14.766	0.94192	0.94192			6
2024.02.08	00:33:14.895	0.94193	0.94193			6
2024.02.08	00:33:15.295	0.94191	0.94191			6
2024.02.08	00:33:17.195	0.94190	0.94190			6
2024.02.08	00:33:17.226	0.94192	0.94192			6
2024.02.08	00:33:20.869	0.94193	0.94193			6
2024.02.08	00:33:20.930	0.94192	0.94192			6
2024.02.08	00:33:30.056	0.94185	0.94185			6
2024.02.08	00:33:30.086	0.94187	0.94187			6
2024.02.08	00:33:30.494	0.94186	0.94186			6
2024.02.08	00:33:30.524	0.94185	0.94185			6
2024.02.08	00:33:30.555	0.94187	0.94187			6
2024.02.08	00:33:31.006	0.94186	0.94186			6
2024.02.08	00:33:36.888	0.94187	0.94187			6
2024.02.08	00:33:41.163	0.94190	0.94190			6
2024.02.08	00:33:41.455	0.94192	0.94192			6
2024.02.08	00:33:41.797	0.94193	0.94193			6
2024.02.08	00:33:43.930	0.94207	0.94207			6
2024.02.08	00:33:48.064	0.94208	0.94208			6
2024.02.08	00:33:53.459	0.94209	0.94209			6
2024.02.08	00:33:53.955	0.94207	0.94207			6
2024.02.08	00:33:54.646	0.94206	0.94206			6
2024.02.08	00:33:54.675	0.94205	0.94205			6
2024.02.08	00:33:55.325	0.94206	0.94206			6
2024.02.08	00:33:56.000	0.94205	0.94205			6
2024.02.08	00:33:56.030	0.94194	0.94194			6
2024.02.08	00:33:56.061	0.94192	0.94192			6
2024.02.08	00:33:56.122	0.94190	0.94190			6
2024.02.08	00:33:56.241	0.94189	0.94189			6
2024.02.08	00:33:56.271	0.94190	0.94190			6
2024.02.08	00:33:56.301	0.94189	0.94189			6
2024.02.08	00:33:56.511	0.94185	0.94185			6
2024.02.08	00:33:56.757	0.94186	0.94186			6
2024.02.08	00:33:57.077	0.94192	0.94192			6
2024.02.08	00:33:57.267	0.94193	0.94193			6
2024.02.08	00:33:57.934	0.94192	0.94192			6
2024.02.08	00:33:58.224	0.94190	0.94190			6
2024.02.08	00:33:58.555	0.94186	0.94186			6
2024.02.08	00:33:58.865	0.94187	0.94187			6
2024.02.08	00:33:59.149	0.94190	0.94190			6
2024.02.08	00:33:59.194	0.94189	0.94189			6
2024.02.08	00:33:59.224	0.94195	0.94195			6
2024.02.08	00:33:59.284	0.94189	0.94189			6
2024.02.08	00:33:59.523	0.94188	0.94188			6
2024.02.08	00:33:59.674	0.94181	0.94181			6
2024.02.08	00:33:59.704	0.94182	0.94182			6
2024.02.08	00:33:59.733	0.94183	0.94183			6
2024.02.08	00:33:59.974	0.94188	0.94188			6
2024.02.08	00:34:00.003	0.94180	0.94180			6
2024.02.08	00:34:00.034	0.94185	0.94185			6
2024.02.08	00:34:00.064	0.94180	0.94180			6
2024.02.08	00:34:00.095	0.94185	0.94185			6
2024.02.08	00:34:00.125	0.94181	0.94181			6
2024.02.08	00:34:00.156	0.94180	0.94180			6
2024.02.08	00:34:00.186	0.94181	0.94181			6
2024.02.08	00:34:00.216	0.94180	0.94180			6
2024.02.08	00:34:00.337	0.94181	0.94181			6
2024.02.08	00:34:00.366	0.94185	0.94185			6
2024.02.08	00:34:00.487	0.94183	0.94183			6
2024.02.08	00:34:00.527	0.94185	0.94185			6
2024.02.08	00:34:00.559	0.94184	0.94184			6
2024.02.08	00:34:00.588	0.94183	0.94183			6
2024.02.08	00:34:00.648	0.94189	0.94189			6
2024.02.08	00:34:00.678	0.94190	0.94190			6
2024.02.08	00:34:00.708	0.94184	0.94184			6
2024.02.08	00:34:00.769	0.94183	0.94183			6
2024.02.08	00:34:00.798	0.94188	0.94188			6
2024.02.08	00:34:00.859	0.94190	0.94190			6
2024.02.08	00:34:00.888	0.94189	0.94189			6
2024.02.08	00:34:00.918	0.94184	0.94184			6
2024.02.08	00:34:00.950	0.94183	0.94183			6
2024.02.08	00:34:01.009	0.94189	0.94189			6
2024.02.08	00:34:01.039	0.94190	0.94190			6
2024.02.08	00:34:01.100	0.94189	0.94189			6
2024.02.08	00:34:01.130	0.94181	0.94181			6
2024.02.08	00:34:01.190	0.94182	0.94182			6
2024.02.08	00:34:01.279	0.94188	0.94188			6
2024.02.08	00:34:01.347	0.94189	0.94189			6
2024.02.08	00:34:01.376	0.94182	0.94182			6
2024.02.08	00:34:01.406	0.94181	0.94181			6
2024.02.08	00:34:01.468	0.94180	0.94180			6
2024.02.08	00:34:01.557	0.94188	0.94188			6
2024.02.08	00:34:01.588	0.94180	0.94180			6
2024.02.08	00:34:01.677	0.94185	0.94185			6
2024.02.08	00:34:01.709	0.94186	0.94186			6
2024.02.08	00:34:01.738	0.94185	0.94185			6
2024.02.08	00:34:01.769	0.94181	0.94181			6
2024.02.08	00:34:03.998	0.94179	0.94179			6
2024.02.08	00:34:04.124	0.94182	0.94182			6
2024.02.08	00:34:04.155	0.94181	0.94181			6
2024.02.08	00:34:04.185	0.94180	0.94180			6
2024.02.08	00:34:04.215	0.94179	0.94179			6
2024.02.08	00:34:04.244	0.94178	0.94178			6
2024.02.08	00:34:04.304	0.94189	0.94189			6
2024.02.08	00:34:04.365	0.94179	0.94179			6
2024.02.08	00:34:04.396	0.94177	0.94177			6
2024.02.08	00:34:04.426	0.94182	0.94182			6
2024.02.08	00:34:04.456	0.94179	0.94179			6
2024.02.08	00:34:04.527	0.94178	0.94178			6
2024.02.08	00:34:04.864	0.94177	0.94177			6
2024.02.08	00:34:04.923	0.94178	0.94178			6
2024.02.08	00:34:04.953	0.94180	0.94180			6
2024.02.08	00:34:05.013	0.94179	0.94179			6
2024.02.08	00:34:13.368	0.94180	0.94180			6
2024.02.08	00:34:13.397	0.94186	0.94186			6
2024.02.08	00:34:21.386	0.94187	0.94187			6
2024.02.08	00:34:26.464	0.94189	0.94189			6
2024.02.08	00:34:26.495	0.94193	0.94193			6
2024.02.08	00:34:26.614	0.94192	0.94192			6
2024.02.08	00:34:26.924	0.94193	0.94193			6
2024.02.08	00:34:27.214	0.94192	0.94192			6
2024.02.08	00:34:27.244	0.94193	0.94193			6
2024.02.08	00:34:27.276	0.94194	0.94194			6
2024.02.08	00:34:27.565	0.94193	0.94193			6
2024.02.08	00:34:27.824	0.94194	0.94194			6
2024.02.08	00:34:38.764	0.94195	0.94195			6
2024.02.08	00:34:57.305	0.94196	0.94196			6
2024.02.08	00:34:57.335	0.94198	0.94198			6
2024.02.08	00:34:57.365	0.94192	0.94192			6
2024.02.08	00:34:57.396	0.94195	0.94195			6
2024.02.08	00:34:57.425	0.94198	0.94198			6
2024.02.08	00:34:57.455	0.94195	0.94195			6
2024.02.08	00:34:57.484	0.94196	0.94196			6
2024.02.08	00:34:57.850	0.94197	0.94197			6
2024.02.08	00:34:58.345	0.94198	0.94198			6
2024.02.08	00:34:59.554	0.94199	0.94199			6
2024.02.08	00:35:06.259	0.94199				2
2024.02.08	00:35:27.642	0.94198	0.94198			6
2024.02.08	00:35:27.673	0.94199	0.94199			6
2024.02.08	00:35:27.733	0.94198	0.94198			6
2024.02.08	00:35:34.734	0.94200	0.94200			6
2024.02.08	00:35:34.763	0.94198	0.94198			6
2024.02.08	00:35:35.463	0.94200	0.94200			6
2024.02.08	00:35:35.524	0.94202	0.94202			6
2024.02.08	00:35:35.555	0.94203	0.94203			6
2024.02.08	00:35:42.758	0.94202	0.94202			6
2024.02.08	00:35:44.205	0.94206	0.94206			6
2024.02.08	00:35:44.235	0.94207	0.94207			6
2024.02.08	00:35:44.327	0.94209	0.94209			6
2024.02.08	00:35:44.476	0.94207	0.94207			6
2024.02.08	00:35:44.535	0.94209	0.94209			6
2024.02.08	00:35:47.044	0.94207	0.94207			6
2024.02.08	00:35:47.073	0.94209	0.94209			6
2024.02.08	00:35:47.255	0.94211	0.94211			6
2024.02.08	00:35:47.362	0.94210	0.94210			6
2024.02.08	00:35:47.667	0.94209	0.94209			6
2024.02.08	00:35:48.965	0.94210	0.94210			6
2024.02.08	00:35:49.843	0.94209	0.94209			6
2024.02.08	00:35:49.873	0.94207	0.94207			6
2024.02.08	00:35:49.908	0.94206	0.94206			6
2024.02.08	00:35:50.010	0.94205	0.94205			6
2024.02.08	00:35:50.363	0.94206	0.94206			6
2024.02.08	00:35:50.393	0.94205	0.94205			6
2024.02.08	00:35:52.409	0.94199	0.94199			6
2024.02.08	00:35:52.499	0.94198	0.94198			6
2024.02.08	00:35:52.614	0.94197	0.94197			6
2024.02.08	00:35:52.845	0.94196	0.94196			6
2024.02.08	00:35:53.125	0.94197	0.94197			6
2024.02.08	00:35:53.184	0.94198	0.94198			6
2024.02.08	00:35:53.245	0.94197	0.94197			6
2024.02.08	00:35:53.275	0.94195	0.94195			6
2024.02.08	00:35:53.305	0.94196	0.94196			6
2024.02.08	00:35:53.335	0.94195	0.94195			6
2024.02.08	00:35:53.686	0.94194	0.94194			6
2024.02.08	00:35:53.746	0.94196	0.94196			6
2024.02.08	00:35:53.776	0.94194	0.94194			6
2024.02.08	00:35:53.836	0.94195	0.94195			6
2024.02.08	00:35:53.866	0.94194	0.94194			6
2024.02.08	00:35:54.066	0.94193	0.94193			6
2024.02.08	00:35:54.127	0.94195	0.94195			6
2024.02.08	00:35:54.186	0.94194	0.94194			6
2024.02.08	00:35:54.346	0.94193	0.94193			6
2024.02.08	00:35:54.376	0.94194	0.94194			6
2024.02.08	00:35:54.614	0.94193	0.94193			6
2024.02.08	00:35:54.705	0.94194	0.94194			6
2024.02.08	00:35:54.795	0.94195	0.94195			6
2024.02.08	00:35:54.826	0.94194	0.94194			6
2024.02.08	00:35:56.139	0.94192	0.94192			6
2024.02.08	00:35:56.169	0.94190	0.94190			6
2024.02.08	00:35:56.198	0.94192	0.94192			6
2024.02.08	00:35:56.258	0.94193	0.94193			6
2024.02.08	00:35:56.288	0.94191	0.94191			6
2024.02.08	00:35:56.564	0.94190	0.94190			6
2024.02.08	00:35:56.624	0.94191	0.94191			6
2024.02.08	00:35:56.654	0.94190	0.94190			6
2024.02.08	00:35:56.984	0.94191	0.94191			6
2024.02.08	00:35:57.074	0.94192	0.94192			6
2024.02.08	00:35:57.165	0.94191	0.94191			6
2024.02.08	00:35:57.296	0.94190	0.94190			6
2024.02.08	00:35:57.326	0.94189	0.94189			6
2024.02.08	00:35:57.434	0.94188	0.94188			6
2024.02.08	00:35:57.545	0.94190	0.94190			6
2024.02.08	00:35:59.834	0.94187	0.94187			6
2024.02.08	00:35:59.864	0.94186	0.94186			6
2024.02.08	00:35:59.965	0.94188	0.94188			6
2024.02.08	00:36:00.026	0.94186	0.94186			6
2024.02.08	00:36:00.239	0.94185	0.94185			6
2024.02.08	00:36:00.424	0.94186	0.94186			6
2024.02.08	00:36:00.453	0.94183	0.94183			6
2024.02.08	00:36:00.544	0.94184	0.94184			6
2024.02.08	00:36:00.575	0.94183	0.94183			6
2024.02.08	00:36:00.603	0.94185	0.94185			6
2024.02.08	00:36:00.634	0.94184	0.94184			6
2024.02.08	00:36:00.694	0.94185	0.94185			6
2024.02.08	00:36:00.874	0.94183	0.94183			6
2024.02.08	00:36:00.903	0.94185	0.94185			6
2024.02.08	00:36:01.024	0.94184	0.94184			6
2024.02.08	00:36:01.054	0.94185	0.94185			6
2024.02.08	00:36:01.205	0.94184	0.94184			6
2024.02.08	00:36:01.355	0.94185	0.94185			6
2024.02.08	00:36:01.385	0.94184	0.94184			6
2024.02.08	00:36:01.415	0.94185	0.94185			6
2024.02.08	00:36:01.445	0.94184	0.94184			6
2024.02.08	00:36:01.476	0.94185	0.94185			6
2024.02.08	00:36:01.566	0.94186	0.94186			6
2024.02.08	00:36:01.596	0.94183	0.94183			6
2024.02.08	00:36:01.658	0.94185	0.94185			6
2024.02.08	00:36:01.717	0.94186	0.94186			6
2024.02.08	00:36:01.807	0.94185	0.94185			6
2024.02.08	00:36:01.868	0.94184	0.94184			6
2024.02.08	00:36:01.958	0.94183	0.94183			6
2024.02.08	00:36:02.019	0.94184	0.94184			6
2024.02.08	00:36:02.078	0.94183	0.94183			6
2024.02.08	00:36:02.109	0.94184	0.94184			6
2024.02.08	00:36:02.228	0.94185	0.94185			6
2024.02.08	00:36:02.348	0.94186	0.94186			6
2024.02.08	00:36:02.380	0.94185	0.94185			6
2024.02.08	00:36:02.409	0.94183	0.94183			6
2024.02.08	00:36:02.469	0.94184	0.94184			6
2024.02.08	00:36:02.498	0.94183	0.94183			6
2024.02.08	00:36:02.649	0.94184	0.94184			6
2024.02.08	00:36:02.769	0.94185	0.94185			6
2024.02.08	00:36:02.829	0.94184	0.94184			6
2024.02.08	00:36:02.858	0.94185	0.94185			6
2024.02.08	00:36:03.130	0.94184	0.94184			6
2024.02.08	00:36:03.159	0.94185	0.94185			6
2024.02.08	00:36:03.188	0.94184	0.94184			6
2024.02.08	00:36:03.340	0.94185	0.94185			6
2024.02.08	00:36:03.369	0.94186	0.94186			6
2024.02.08	00:36:03.399	0.94185	0.94185			6
2024.02.08	00:36:03.459	0.94183	0.94183			6
2024.02.08	00:36:03.542	0.94185	0.94185			6
2024.02.08	00:36:03.661	0.94186	0.94186			6
2024.02.08	00:36:03.902	0.94185	0.94185			6
2024.02.08	00:36:03.962	0.94184	0.94184			6
2024.02.08	00:36:03.991	0.94185	0.94185			6
2024.02.08	00:36:04.111	0.94184	0.94184			6
2024.02.08	00:36:04.171	0.94183	0.94183			6
2024.02.08	00:36:04.201	0.94184	0.94184			6
2024.02.08	00:36:04.231	0.94183	0.94183			6
2024.02.08	00:36:04.262	0.94185	0.94185			6
2024.02.08	00:36:04.292	0.94183	0.94183			6
2024.02.08	00:36:04.352	0.94184	0.94184			6
2024.02.08	00:36:04.472	0.94185	0.94185			6
2024.02.08	00:36:04.502	0.94184	0.94184			6
2024.02.08	00:36:04.533	0.94185	0.94185			6
2024.02.08	00:36:04.592	0.94184	0.94184			6
2024.02.08	00:36:04.623	0.94185	0.94185			6
2024.02.08	00:36:04.683	0.94184	0.94184			6
2024.02.08	00:36:04.742	0.94186	0.94186			6
2024.02.08	00:36:04.802	0.94184	0.94184			6
2024.02.08	00:36:04.832	0.94187	0.94187			6
2024.02.08	00:36:04.862	0.94185	0.94185			6
2024.02.08	00:36:04.892	0.94186	0.94186			6
2024.02.08	00:36:04.921	0.94185	0.94185			6
2024.02.08	00:36:04.982	0.94184	0.94184			6
2024.02.08	00:36:05.043	0.94186	0.94186			6
2024.02.08	00:36:05.073	0.94185	0.94185			6
2024.02.08	00:36:05.103	0.94184	0.94184			6
2024.02.08	00:36:05.133	0.94185	0.94185			6
2024.02.08	00:36:05.163	0.94183	0.94183			6
2024.02.08	00:36:05.194	0.94185	0.94185			6
2024.02.08	00:36:05.256	0.94184	0.94184			6
2024.02.08	00:36:05.316	0.94183	0.94183			6
2024.02.08	00:36:05.346	0.94184	0.94184			6
2024.02.08	00:36:05.792	0.94185	0.94185			6
2024.02.08	00:36:05.882	0.94186	0.94186			6
2024.02.08	00:36:05.970	0.94185	0.94185			6
2024.02.08	00:36:06.001	0.94184	0.94184			6
2024.02.08	00:36:06.031	0.94183	0.94183			6
2024.02.08	00:36:06.061	0.94185	0.94185			6
2024.02.08	00:36:06.183	0.94186	0.94186			6
2024.02.08	00:36:06.212	0.94185	0.94185			6
2024.02.08	00:36:06.302	0.94184	0.94184			6
2024.02.08	00:36:06.362	0.94185	0.94185			6
2024.02.08	00:36:06.482	0.94184	0.94184			6
2024.02.08	00:36:06.513	0.94183	0.94183			6
2024.02.08	00:36:06.573	0.94185	0.94185			6
2024.02.08	00:36:06.632	0.94184	0.94184			6
2024.02.08	00:36:06.813	0.94185	0.94185			6
2024.02.08	00:36:06.842	0.94186	0.94186			6
2024.02.08	00:36:06.872	0.94185	0.94185			6
2024.02.08	00:36:06.933	0.94186	0.94186			6
2024.02.08	00:36:06.963	0.94184	0.94184			6
2024.02.08	00:36:06.993	0.94186	0.94186			6
2024.02.08	00:36:07.023	0.94185	0.94185			6
2024.02.08	00:36:07.144	0.94186	0.94186			6
2024.02.08	00:36:07.174	0.94187	0.94187			6
2024.02.08	00:36:07.203	0.94186	0.94186			6
2024.02.08	00:36:07.650	0.94187	0.94187			6
2024.02.08	00:36:07.680	0.94188	0.94188			6
2024.02.08	00:36:07.710	0.94186	0.94186			6
2024.02.08	00:36:07.739	0.94185	0.94185			6
2024.02.08	00:36:07.953	0.94186	0.94186			6
2024.02.08	00:36:08.014	0.94187	0.94187			6
2024.02.08	00:36:08.043	0.94190	0.94190			6
2024.02.08	00:36:08.074	0.94191	0.94191			6
2024.02.08	00:36:08.163	0.94193	0.94193			6
2024.02.08	00:36:08.223	0.94194	0.94194			6
2024.02.08	00:36:08.345	0.94195	0.94195			6
2024.02.08	00:36:08.375	0.94196	0.94196			6
2024.02.08	00:36:08.613	0.94195	0.94195			6
2024.02.08	00:36:12.336	0.94197	0.94197			6
2024.02.08	00:36:12.365	0.94205	0.94205			6
2024.02.08	00:36:12.620	0.94204	0.94204			6
2024.02.08	00:36:12.681	0.94206	0.94206			6
2024.02.08	00:36:12.964	0.94205	0.94205			6
2024.02.08	00:36:13.025	0.94206	0.94206			6
2024.02.08	00:36:14.375	0.94201	0.94201			6
2024.02.08	00:36:14.405	0.94202	0.94202			6
2024.02.08	00:36:14.435	0.94203	0.94203			6
2024.02.08	00:36:14.831	0.94202	0.94202			6
2024.02.08	00:36:17.454	0.94203	0.94203			6
2024.02.08	00:36:22.072	0.94202	0.94202			6
2024.02.08	00:36:22.103	0.94203	0.94203			6
2024.02.08	00:36:22.162	0.94205	0.94205			6
2024.02.08	00:36:22.223	0.94204	0.94204			6
2024.02.08	00:36:22.253	0.94205	0.94205			6
2024.02.08	00:36:26.104	0.94204	0.94204			6
2024.02.08	00:36:26.504	0.94205	0.94205			6
2024.02.08	00:36:31.118	0.94204	0.94204			6
2024.02.08	00:36:31.149	0.94205	0.94205			6
2024.02.08	00:36:31.238	0.94204	0.94204			6
2024.02.08	00:36:31.269	0.94205	0.94205			6
2024.02.08	00:36:31.677	0.94204	0.94204			6
2024.02.08	00:36:31.707	0.94205	0.94205			6
2024.02.08	00:36:33.917	0.94204	0.94204			6
2024.02.08	00:36:34.286	0.94205	0.94205			6
2024.02.08	00:36:35.735	0.94204	0.94204			6
2024.02.08	00:36:39.311	0.94205	0.94205			6
2024.02.08	00:36:43.174	0.94204	0.94204			6
2024.02.08	00:36:43.466	0.94205	0.94205			6
2024.02.08	00:36:48.650	0.94206	0.94206			6
2024.02.08	00:36:50.402	0.94205	0.94205			6
2024.02.08	00:36:50.902	0.94204	0.94204			6
2024.02.08	00:36:50.931	0.94205	0.94205			6
2024.02.08	00:36:51.734	0.94204	0.94204			6
2024.02.08	00:36:51.795	0.94205	0.94205			6
2024.02.08	00:36:52.887	0.94204	0.94204			6
2024.02.08	00:36:52.917	0.94205	0.94205			6
2024.02.08	00:36:53.286	0.94206	0.94206			6
2024.02.08	00:36:59.539	0.94204	0.94204			6
2024.02.08	00:37:08.182	0.94205	0.94205			6
2024.02.08	00:37:12.116	0.94204	0.94204			6
2024.02.08	00:37:12.145	0.94205	0.94205			6
2024.02.08	00:37:12.174	0.94204	0.94204			6
2024.02.08	00:37:12.213	0.94205	0.94205			6
2024.02.08	00:37:12.243	0.94204	0.94204			6
2024.02.08	00:37:12.393	0.94205	0.94205			6
2024.02.08	00:37:13.603	0.94204	0.94204			6
2024.02.08	00:37:13.723	0.94205	0.94205			6
2024.02.08	00:37:29.768	0.94206	0.94206			6
2024.02.08	00:37:29.798	0.94205	0.94205			6
2024.02.08	00:37:30.354	0.94206	0.94206			6
2024.02.08	00:37:30.444	0.94205	0.94205			6
2024.02.08	00:37:30.473	0.94206	0.94206			6
2024.02.08	00:37:30.533	0.94204	0.94204			6
2024.02.08	00:37:30.563	0.94206	0.94206			6
2024.02.08	00:37:30.841	0.94205	0.94205			6
2024.02.08	00:37:31.096	0.94206	0.94206			6
2024.02.08	00:37:31.216	0.94205	0.94205			6
2024.02.08	00:37:31.451	0.94206	0.94206			6
2024.02.08	00:37:31.540	0.94205	0.94205			6
2024.02.08	00:37:31.690	0.94207	0.94207			6
2024.02.08	00:37:37.076	0.94205	0.94205			6
2024.02.08	00:37:37.140	0.94204	0.94204			6
2024.02.08	00:37:46.247	0.94207	0.94207			6
2024.02.08	00:37:46.454	0.94205	0.94205			6
2024.02.08	00:37:46.485	0.94207	0.94207			6
2024.02.08	00:37:46.806	0.94205	0.94205			6
2024.02.08	00:37:46.837	0.94207	0.94207			6
2024.02.08	00:37:48.354	0.94210	0.94210			6
2024.02.08	00:37:48.384	0.94212	0.94212			6
2024.02.08	00:37:55.247	0.94210	0.94210			6
2024.02.08	00:37:56.905	0.94209	0.94209			6
2024.02.08	00:37:56.934	0.94205	0.94205			6
2024.02.08	00:38:46.538	0.94199	0.94199			6
2024.02.08	00:38:57.242	0.94198	0.94198			6
2024.02.08	00:38:57.597	0.94193	0.94193			6
2024.02.08	00:38:57.687	0.94195	0.94195			6
2024.02.08	00:39:07.988	0.94196	0.94196			6
2024.02.08	00:39:08.170	0.94199	0.94199			6
2024.02.08	00:39:08.583	0.94201	0.94201			6
2024.02.08	00:39:08.613	0.94198	0.94198			6
2024.02.08	00:39:08.748	0.94200	0.94200			6
2024.02.08	00:39:11.935	0.94202	0.94202			6
2024.02.08	00:39:15.753	0.94205	0.94205			6
2024.02.08	00:39:15.784	0.94203	0.94203			6
2024.02.08	00:39:15.814	0.94202	0.94202			6
2024.02.08	00:39:16.016	0.94206	0.94206			6
2024.02.08	00:39:16.047	0.94203	0.94203			6
2024.02.08	00:39:16.228	0.94202	0.94202			6
2024.02.08	00:39:16.257	0.94204	0.94204			6
2024.02.08	00:39:16.288	0.94200	0.94200			6
2024.02.08	00:39:16.348	0.94203	0.94203			6
2024.02.08	00:39:19.882	0.94206	0.94206			6
2024.02.08	00:39:19.911	0.94207	0.94207			6
2024.02.08	00:39:20.063	0.94209	0.94209			6
2024.02.08	00:39:20.153	0.94207	0.94207			6
2024.02.08	00:39:20.334	0.94206	0.94206			6
2024.02.08	00:39:20.394	0.94209	0.94209			6
2024.02.08	00:39:20.485	0.94208	0.94208			6
2024.02.08	00:39:20.515	0.94210	0.94210			6
2024.02.08	00:39:20.546	0.94209	0.94209			6
2024.02.08	00:39:20.884	0.94208	0.94208			6
2024.02.08	00:39:21.212	0.94210	0.94210			6
2024.02.08	00:39:21.557	0.94209	0.94209			6
2024.02.08	00:39:21.647	0.94210	0.94210			6
2024.02.08	00:39:21.737	0.94207	0.94207			6
2024.02.08	00:39:21.887	0.94204	0.94204			6
2024.02.08	00:39:21.918	0.94202	0.94202			6
2024.02.08	00:39:22.067	0.94200	0.94200			6
2024.02.08	00:39:22.157	0.94195	0.94195			6
2024.02.08	00:39:22.393	0.94196	0.94196			6
2024.02.08	00:39:23.243	0.94195	0.94195			6
2024.02.08	00:39:23.303	0.94196	0.94196			6
2024.02.08	00:39:23.364	0.94198	0.94198			6
2024.02.08	00:39:25.293	0.94199	0.94199			6
2024.02.08	00:39:25.322	0.94203	0.94203			6
2024.02.08	00:39:27.565	0.94204	0.94204			6
2024.02.08	00:39:29.534	0.94206	0.94206			6
2024.02.08	00:39:33.131	0.94205	0.94205			6
2024.02.08	00:39:33.162	0.94200	0.94200			6
2024.02.08	00:39:33.536	0.94204	0.94204			6
2024.02.08	00:39:33.566	0.94203	0.94203			6
2024.02.08	00:39:33.627	0.94202	0.94202			6
2024.02.08	00:39:33.657	0.94207	0.94207			6
2024.02.08	00:39:33.748	0.94206	0.94206			6
2024.02.08	00:39:33.777	0.94202	0.94202			6
2024.02.08	00:39:33.807	0.94199	0.94199			6
2024.02.08	00:39:34.185	0.94200	0.94200			6
2024.02.08	00:39:34.245	0.94203	0.94203			6
2024.02.08	00:39:34.433	0.94204	0.94204			6
2024.02.08	00:39:34.662	0.94201	0.94201			6
2024.02.08	00:39:35.743	0.94206	0.94206			6
2024.02.08	00:39:36.794	0.94204	0.94204			6
2024.02.08	00:39:36.823	0.94207	0.94207			6
2024.02.08	00:39:36.914	0.94201	0.94201			6
2024.02.08	00:39:36.944	0.94204	0.94204			6
2024.02.08	00:39:37.213	0.94207	0.94207			6
2024.02.08	00:39:37.456	0.94206	0.94206			6
2024.02.08	00:39:37.486	0.94207	0.94207			6
2024.02.08	00:39:42.614	0.94206	0.94206			6
2024.02.08	00:39:42.644	0.94207	0.94207			6
2024.02.08	00:39:43.585	0.94199	0.94199			6
2024.02.08	00:39:43.707	0.94203	0.94203			6
2024.02.08	00:39:43.738	0.94201	0.94201			6
2024.02.08	00:39:43.828	0.94200	0.94200			6
2024.02.08	00:39:44.026	0.94197	0.94197			6
2024.02.08	00:39:44.476	0.94199	0.94199			6
2024.02.08	00:39:45.042	0.94198	0.94198			6
2024.02.08	00:39:45.102	0.94196	0.94196			6
2024.02.08	00:39:45.333	0.94198	0.94198			6
2024.02.08	00:39:48.254	0.94197	0.94197			6
2024.02.08	00:39:48.345	0.94188	0.94188			6
2024.02.08	00:39:48.645	0.94184	0.94184			6
2024.02.08	00:39:51.363	0.94185	0.94185			6
2024.02.08	00:39:51.393	0.94190	0.94190			6
2024.02.08	00:39:51.484	0.94192	0.94192			6
2024.02.08	00:39:51.544	0.94195	0.94195			6
2024.02.08	00:39:51.603	0.94199	0.94199			6
2024.02.08	00:39:51.873	0.94200	0.94200			6
2024.02.08	00:39:53.246	0.94203	0.94203			6
2024.02.08	00:39:53.336	0.94200	0.94200			6
2024.02.08	00:39:53.426	0.94203	0.94203			6
2024.02.08	00:39:53.457	0.94199	0.94199			6
2024.02.08	00:39:53.517	0.94203	0.94203			6
2024.02.08	00:39:53.762	0.94205	0.94205			6
2024.02.08	00:39:53.918	0.94202	0.94202			6
2024.02.08	00:39:53.948	0.94199	0.94199			6
2024.02.08	00:39:53.978	0.94203	0.94203			6
2024.02.08	00:39:54.541	0.94206	0.94206			6
2024.02.08	00:39:55.379	0.94203	0.94203			6
2024.02.08	00:39:55.498	0.94207	0.94207			6
2024.02.08	00:39:55.558	0.94206	0.94206			6
2024.02.08	00:39:55.618	0.94204	0.94204			6
2024.02.08	00:39:55.647	0.94201	0.94201			6
2024.02.08	00:39:55.708	0.94199	0.94199			6
2024.02.08	00:39:57.464	0.94201	0.94201			6
2024.02.08	00:40:05.830	0.94202	0.94202			6
2024.02.08	00:40:07.444	0.94199	0.94199			6
2024.02.08	00:40:07.646	0.94198	0.94198			6
2024.02.08	00:40:08.131	0.94199	0.94199			6
2024.02.08	00:40:08.170	0.94197	0.94197			6
2024.02.08	00:40:08.199	0.94196	0.94196			6
2024.02.08	00:40:08.469	0.94197	0.94197			6
2024.02.08	00:40:08.975	0.94199	0.94199			6
2024.02.08	00:40:09.072	0.94197	0.94197			6
2024.02.08	00:40:09.184	0.94198	0.94198			6
2024.02.08	00:40:09.213	0.94202	0.94202			6
2024.02.08	00:40:11.673	0.94201	0.94201			6
2024.02.08	00:40:11.703	0.94200	0.94200			6
2024.02.08	00:40:17.333	0.94196	0.94196			6
2024.02.08	00:40:41.252	0.94194	0.94194			6
2024.02.08	00:40:43.714	0.94193	0.94193			6
2024.02.08	00:40:44.793	0.94194	0.94194			6
2024.02.08	00:40:44.853	0.94198	0.94198			6
2024.02.08	00:40:59.903	0.94196	0.94196			6
2024.02.08	00:41:29.145	0.94193	0.94193			6
2024.02.08	00:41:29.264	0.94187	0.94187			6
2024.02.08	00:41:30.916	0.94191	0.94191			6
2024.02.08	00:41:30.946	0.94192	0.94192			6
2024.02.08	00:41:30.975	0.94193	0.94193			6
2024.02.08	00:41:31.435	0.94196	0.94196			6
2024.02.08	00:41:32.939	0.94200	0.94200			6
2024.02.08	00:41:33.219	0.94202	0.94202			6
2024.02.08	00:41:38.313	0.94199	0.94199			6
2024.02.08	00:41:38.374	0.94200	0.94200			6
2024.02.08	00:41:40.413	0.94203	0.94203			6
2024.02.08	00:41:40.474	0.94197	0.94197			6
2024.02.08	00:41:40.626	0.94200	0.94200			6
2024.02.08	00:41:40.657	0.94197	0.94197			6
2024.02.08	00:41:40.777	0.94203	0.94203			6
2024.02.08	00:41:40.807	0.94197	0.94197			6
2024.02.08	00:41:41.219	0.94190	0.94190			6
2024.02.08	00:41:41.249	0.94194	0.94194			6
2024.02.08	00:41:41.368	0.94204	0.94204			6
2024.02.08	00:41:56.187	0.94200	0.94200			6
2024.02.08	00:41:56.333	0.94190	0.94190			6
2024.02.08	00:41:56.363	0.94194	0.94194			6
2024.02.08	00:41:56.392	0.94198	0.94198			6
2024.02.08	00:41:56.543	0.94203	0.94203			6
2024.02.08	00:41:56.573	0.94205	0.94205			6
2024.02.08	00:41:57.078	0.94203	0.94203			6
2024.02.08	00:41:58.006	0.94205	0.94205			6
2024.02.08	00:41:58.095	0.94202	0.94202			6
2024.02.08	00:41:58.185	0.94201	0.94201			6
2024.02.08	00:41:58.659	0.94206	0.94206			6
2024.02.08	00:41:58.939	0.94203	0.94203			6
2024.02.08	00:41:59.000	0.94206	0.94206			6
2024.02.08	00:42:04.673	0.94203	0.94203			6
2024.02.08	00:42:05.029	0.94200	0.94200			6
2024.02.08	00:42:05.313	0.94204	0.94204			6
2024.02.08	00:42:07.370	0.94202	0.94202			6
2024.02.08	00:42:07.430	0.94204	0.94204			6
2024.02.08	00:42:07.698	0.94202	0.94202			6
2024.02.08	00:42:07.947	0.94205	0.94205			6
2024.02.08	00:42:11.019	0.94202	0.94202			6
2024.02.08	00:42:11.049	0.94199	0.94199			6
2024.02.08	00:42:11.110	0.94198	0.94198			6
2024.02.08	00:42:27.996	0.94189	0.94189			6
2024.02.08	00:42:29.185	0.94194	0.94194			6
2024.02.08	00:42:29.275	0.94200	0.94200			6
2024.02.08	00:42:29.334	0.94197	0.94197			6
2024.02.08	00:42:29.372	0.94199	0.94199			6
2024.02.08	00:42:29.401	0.94202	0.94202			6
2024.02.08	00:42:29.680	0.94203	0.94203			6
2024.02.08	00:42:29.739	0.94198	0.94198			6
2024.02.08	00:42:29.903	0.94196	0.94196			6
2024.02.08	00:42:29.933	0.94188	0.94188			6
2024.02.08	00:42:29.963	0.94198	0.94198			6
2024.02.08	00:42:30.023	0.94202	0.94202			6
2024.02.08	00:42:30.053	0.94199	0.94199			6
2024.02.08	00:42:30.082	0.94203	0.94203			6
2024.02.08	00:42:34.183	0.94205	0.94205			6
2024.02.08	00:42:34.244	0.94203	0.94203			6
2024.02.08	00:42:34.496	0.94198	0.94198			6
2024.02.08	00:42:34.526	0.94199	0.94199			6
2024.02.08	00:42:34.556	0.94202	0.94202			6
2024.02.08	00:42:34.616	0.94198	0.94198			6
2024.02.08	00:42:34.808	0.94202	0.94202			6
2024.02.08	00:42:34.868	0.94199	0.94199			6
2024.02.08	00:42:35.091	0.94202	0.94202			6
2024.02.08	00:42:35.122	0.94200	0.94200			6
2024.02.08	00:42:35.182	0.94199	0.94199			6
2024.02.08	00:42:35.544	0.94202	0.94202			6
2024.02.08	00:42:35.574	0.94198	0.94198			6
2024.02.08	00:42:35.783	0.94204	0.94204			6
2024.02.08	00:42:35.813	0.94198	0.94198			6
2024.02.08	00:42:35.843	0.94202	0.94202			6
2024.02.08	00:42:35.874	0.94198	0.94198			6
2024.02.08	00:42:36.362	0.94202	0.94202			6
2024.02.08	00:42:36.422	0.94204	0.94204			6
2024.02.08	00:42:36.452	0.94198	0.94198			6
2024.02.08	00:42:36.511	0.94204	0.94204			6
2024.02.08	00:42:42.774	0.94200	0.94200			6
2024.02.08	00:42:42.834	0.94198	0.94198			6
2024.02.08	00:42:43.084	0.94202	0.94202			6
2024.02.08	00:42:43.174	0.94200	0.94200			6
2024.02.08	00:42:43.852	0.94202	0.94202			6
2024.02.08	00:43:01.813	0.94198	0.94198			6
2024.02.08	00:43:10.202	0.94203	0.94203			6
2024.02.08	00:43:25.194	0.94195	0.94195			6
2024.02.08	00:43:29.205	0.94200	0.94200			6
2024.02.08	00:43:42.065	0.94198	0.94198			6
2024.02.08	00:43:42.093	0.94195	0.94195			6
2024.02.08	00:43:42.124	0.94201	0.94201			6
2024.02.08	00:43:42.153	0.94198	0.94198			6
2024.02.08	00:43:42.213	0.94202	0.94202			6
2024.02.08	00:43:42.466	0.94200	0.94200			6
2024.02.08	00:43:42.526	0.94198	0.94198			6
2024.02.08	00:43:42.555	0.94202	0.94202			6
2024.02.08	00:43:42.586	0.94198	0.94198			6
2024.02.08	00:43:42.864	0.94202	0.94202			6
2024.02.08	00:43:42.894	0.94198	0.94198			6
2024.02.08	00:43:42.923	0.94201	0.94201			6
2024.02.08	00:43:43.153	0.94203	0.94203			6
2024.02.08	00:43:43.243	0.94198	0.94198			6
2024.02.08	00:43:43.339	0.94202	0.94202			6
2024.02.08	00:43:43.550	0.94200	0.94200			6
2024.02.08	00:43:43.580	0.94197	0.94197			6
2024.02.08	00:43:43.610	0.94200	0.94200			6
2024.02.08	00:43:43.640	0.94198	0.94198			6
2024.02.08	00:43:44.944	0.94200	0.94200			6
2024.02.08	00:43:45.005	0.94202	0.94202			6
2024.02.08	00:43:45.036	0.94199	0.94199			6
2024.02.08	00:43:45.066	0.94202	0.94202			6
2024.02.08	00:43:45.887	0.94198	0.94198			6
2024.02.08	00:43:45.917	0.94191	0.94191			6
2024.02.08	00:43:45.977	0.94198	0.94198			6
2024.02.08	00:43:46.076	0.94203	0.94203			6
2024.02.08	00:44:14.123	0.94202	0.94202			6
2024.02.08	00:44:14.154	0.94197	0.94197			6
2024.02.08	00:44:23.477	0.94200	0.94200			6
2024.02.08	00:44:23.902	0.94202	0.94202			6
2024.02.08	00:44:34.163	0.94200	0.94200			6
2024.02.08	00:44:34.253	0.94197	0.94197			6
2024.02.08	00:44:34.433	0.94195	0.94195			6
2024.02.08	00:44:34.583	0.94198	0.94198			6
2024.02.08	00:44:34.862	0.94200	0.94200			6
2024.02.08	00:44:56.859	0.94202	0.94202			6
2024.02.08	00:44:59.328	0.94199	0.94199			6
2024.02.08	00:44:59.387	0.94202	0.94202			6
2024.02.08	00:45:00.177	0.94199	0.94199			6
2024.02.08	00:45:00.207	0.94197	0.94197			6
2024.02.08	00:45:00.238	0.94192	0.94192			6
2024.02.08	00:45:00.269	0.94193	0.94193			6
2024.02.08	00:45:00.328	0.94196	0.94196			6
2024.02.08	00:45:00.388	0.94195	0.94195			6
2024.02.08	00:45:01.053	0.94196	0.94196			6
2024.02.08	00:45:01.114	0.94195	0.94195			6
2024.02.08	00:45:01.173	0.94196	0.94196			6
2024.02.08	00:45:01.203	0.94193	0.94193			6
2024.02.08	00:45:01.263	0.94192	0.94192			6
2024.02.08	00:45:01.293	0.94193	0.94193			6
2024.02.08	00:45:01.323	0.94194	0.94194			6
2024.02.08	00:45:01.355	0.94193	0.94193			6
2024.02.08	00:45:01.536	0.94196	0.94196			6
2024.02.08	00:45:01.566	0.94193	0.94193			6
2024.02.08	00:45:01.691	0.94192	0.94192			6
2024.02.08	00:45:01.752	0.94194	0.94194			6
2024.02.08	00:45:01.781	0.94195	0.94195			6
2024.02.08	00:45:01.912	0.94193	0.94193			6
2024.02.08	00:45:01.942	0.94192	0.94192			6
2024.02.08	00:45:02.072	0.94195	0.94195			6
2024.02.08	00:45:02.164	0.94192	0.94192			6
2024.02.08	00:45:02.224	0.94193	0.94193			6
2024.02.08	00:45:02.254	0.94192	0.94192			6
2024.02.08	00:45:02.283	0.94193	0.94193			6
2024.02.08	00:45:02.314	0.94195	0.94195			6
2024.02.08	00:45:02.343	0.94193	0.94193			6
2024.02.08	00:45:02.373	0.94192	0.94192			6
2024.02.08	00:45:02.494	0.94193	0.94193			6
2024.02.08	00:45:02.585	0.94195	0.94195			6
2024.02.08	00:45:08.113	0.94196	0.94196			6
2024.02.08	00:45:08.174	0.94193	0.94193			6
2024.02.08	00:45:08.204	0.94195	0.94195			6
2024.02.08	00:45:08.343	0.94194	0.94194			6
2024.02.08	00:45:08.403	0.94195	0.94195			6
2024.02.08	00:45:08.494	0.94196	0.94196			6
2024.02.08	00:45:08.584	0.94193	0.94193			6
2024.02.08	00:45:09.084	0.94195	0.94195			6
2024.02.08	00:45:09.113	0.94197	0.94197			6
2024.02.08	00:45:09.413	0.94196	0.94196			6
2024.02.08	00:45:09.945	0.94197	0.94197			6
2024.02.08	00:45:14.483	0.94196	0.94196			6
2024.02.08	00:45:21.338	0.94193	0.94193			6
2024.02.08	00:45:23.443	0.94196	0.94196			6
2024.02.08	00:45:23.690	0.94195	0.94195			6
2024.02.08	00:45:23.749	0.94193	0.94193			6
2024.02.08	00:45:24.103	0.94195	0.94195			6
2024.02.08	00:45:24.132	0.94193	0.94193			6
2024.02.08	00:45:26.512	0.94194	0.94194			6
2024.02.08	00:45:31.833	0.94196	0.94196			6
2024.02.08	00:45:31.993	0.94197	0.94197			6
2024.02.08	00:45:37.719	0.94198	0.94198			6
2024.02.08	00:45:42.631	0.94197	0.94197			6
2024.02.08	00:45:42.718	0.94195	0.94195			6
2024.02.08	00:45:42.748	0.94194	0.94194			6
2024.02.08	00:45:44.604	0.94198	0.94198			6
2024.02.08	00:45:49.733	0.94197	0.94197			6
2024.02.08	00:45:49.763	0.94201	0.94201			6
2024.02.08	00:45:50.154	0.94200	0.94200			6
2024.02.08	00:45:50.183	0.94201	0.94201			6
2024.02.08	00:45:50.354	0.94202	0.94202			6
2024.02.08	00:46:00.761	0.94202				2
2024.02.08	00:46:00.850	0.94201	0.94201			6
2024.02.08	00:46:02.806	0.94202	0.94202			6
2024.02.08	00:46:02.886	0.94201	0.94201			6
2024.02.08	00:46:02.915	0.94199	0.94199			6
2024.02.08	00:46:03.009	0.94203	0.94203			6
2024.02.08	00:46:03.074	0.94207	0.94207			6
2024.02.08	00:46:03.103	0.94203	0.94203			6
2024.02.08	00:46:03.163	0.94202	0.94202			6
2024.02.08	00:46:03.193	0.94199	0.94199			6
2024.02.08	00:46:03.223	0.94200	0.94200			6
2024.02.08	00:46:03.404	0.94203	0.94203			6
2024.02.08	00:46:14.072	0.94200	0.94200			6
2024.02.08	00:46:45.855	0.94202	0.94202			6
2024.02.08	00:46:56.002	0.94200	0.94200			6
2024.02.08	00:47:03.270	0.94199	0.94199			6
2024.02.08	00:47:03.360	0.94207	0.94207			6
2024.02.08	00:47:03.391	0.94203	0.94203			6
2024.02.08	00:47:03.420	0.94200	0.94200			6
2024.02.08	00:47:03.451	0.94204	0.94204			6
2024.02.08	00:47:03.481	0.94201	0.94201			6
2024.02.08	00:47:03.541	0.94207	0.94207			6
2024.02.08	00:47:04.778	0.94206	0.94206			6
2024.02.08	00:47:06.602	0.94204	0.94204			6
2024.02.08	00:47:06.632	0.94201	0.94201			6
2024.02.08	00:47:06.662	0.94200	0.94200			6
2024.02.08	00:47:06.692	0.94201	0.94201			6
2024.02.08	00:47:06.722	0.94202	0.94202			6
2024.02.08	00:47:08.354	0.94203	0.94203			6
2024.02.08	00:47:08.612	0.94206	0.94206			6
2024.02.08	00:47:13.941	0.94201	0.94201			6
2024.02.08	00:47:15.612	0.94199	0.94199			6
2024.02.08	00:47:15.641	0.94200	0.94200			6
2024.02.08	00:47:15.733	0.94199	0.94199			6
2024.02.08	00:47:15.763	0.94198	0.94198			6
2024.02.08	00:47:15.996	0.94199	0.94199			6
2024.02.08	00:47:16.026	0.94198	0.94198			6
2024.02.08	00:47:16.383	0.94200	0.94200			6
2024.02.08	00:47:16.774	0.94199	0.94199			6
2024.02.08	00:47:17.599	0.94198	0.94198			6
2024.02.08	00:47:30.133	0.94199	0.94199			6
2024.02.08	00:47:36.813	0.94201	0.94201			6
2024.02.08	00:47:52.282	0.94200	0.94200			6
2024.02.08	00:47:54.107	0.94201	0.94201			6
2024.02.08	00:47:54.167	0.94200	0.94200			6
2024.02.08	00:47:54.196	0.94198	0.94198			6
2024.02.08	00:47:54.522	0.94202	0.94202			6
2024.02.08	00:48:02.347	0.94202				2
2024.02.08	00:48:02.377	0.94205	0.94205			6
2024.02.08	00:48:04.063	0.94203	0.94203			6
2024.02.08	00:48:04.094	0.94202	0.94202			6
2024.02.08	00:48:16.498	0.94203	0.94203			6
2024.02.08	00:48:16.528	0.94205	0.94205			6
2024.02.08	00:48:27.444	0.94204	0.94204			6
2024.02.08	00:48:27.473	0.94200	0.94200			6
2024.02.08	00:48:33.112	0.94201	0.94201			6
2024.02.08	00:48:33.412	0.94200	0.94200			6
2024.02.08	00:48:52.603	0.94201	0.94201			6
2024.02.08	00:48:53.224	0.94200	0.94200			6
2024.02.08	00:49:25.828	0.94202	0.94202			6
2024.02.08	00:49:27.042	0.94203	0.94203			6
2024.02.08	00:49:27.071	0.94200	0.94200			6
2024.02.08	00:49:27.342	0.94201	0.94201			6
2024.02.08	00:49:31.342	0.94200	0.94200			6
2024.02.08	00:49:33.753	0.94202	0.94202			6
2024.02.08	00:49:33.783	0.94201	0.94201			6
2024.02.08	00:49:38.300	0.94200	0.94200			6
2024.02.08	00:49:55.272	0.94201	0.94201			6
2024.02.08	00:49:55.642	0.94200	0.94200			6
2024.02.08	00:49:55.726	0.94202	0.94202			6
2024.02.08	00:49:57.975	0.94204	0.94204			6
2024.02.08	00:49:58.576	0.94203	0.94203			6
2024.02.08	00:50:01.920	0.94203				2
2024.02.08	00:50:01.951	0.94204	0.94204			6
2024.02.08	00:50:01.981	0.94197	0.94197			6
2024.02.08	00:50:02.010	0.94194	0.94194			6
2024.02.08	00:50:02.041	0.94193	0.94193			6
2024.02.08	00:50:02.315	0.94194	0.94194			6
2024.02.08	00:50:02.346	0.94193	0.94193			6
2024.02.08	00:50:02.436	0.94196	0.94196			6
2024.02.08	00:50:02.466	0.94193	0.94193			6
2024.02.08	00:50:02.525	0.94192	0.94192			6
2024.02.08	00:50:02.754	0.94194	0.94194			6
2024.02.08	00:50:02.783	0.94195	0.94195			6
2024.02.08	00:50:02.814	0.94191	0.94191			6
2024.02.08	00:50:02.964	0.94195	0.94195			6
2024.02.08	00:50:03.085	0.94196	0.94196			6
2024.02.08	00:50:03.399	0.94197	0.94197			6
2024.02.08	00:50:04.063	0.94196	0.94196			6
2024.02.08	00:50:04.093	0.94190	0.94190			6
2024.02.08	00:50:04.458	0.94189	0.94189			6
2024.02.08	00:50:04.613	0.94190	0.94190			6
2024.02.08	00:50:04.643	0.94191	0.94191			6
2024.02.08	00:50:04.922	0.94195	0.94195			6
2024.02.08	00:50:05.781	0.94187	0.94187			6
2024.02.08	00:50:05.812	0.94188	0.94188			6
2024.02.08	00:50:06.372	0.94200	0.94200			6
2024.02.08	00:50:08.713	0.94197	0.94197			6
2024.02.08	00:50:08.742	0.94200	0.94200			6
2024.02.08	00:50:09.233	0.94193	0.94193			6
2024.02.08	00:50:12.913	0.94200	0.94200			6
2024.02.08	00:50:18.854	0.94194	0.94194			6
2024.02.08	00:50:25.573	0.94192	0.94192			6
2024.02.08	00:50:25.845	0.94191	0.94191			6
2024.02.08	00:50:26.056	0.94193	0.94193			6
2024.02.08	00:50:26.086	0.94191	0.94191			6
2024.02.08	00:50:28.173	0.94193	0.94193			6
2024.02.08	00:50:28.265	0.94192	0.94192			6
2024.02.08	00:50:39.112	0.94193	0.94193			6
2024.02.08	00:50:39.141	0.94192	0.94192			6
2024.02.08	00:50:46.354	0.94193	0.94193			6
2024.02.08	00:50:46.646	0.94194	0.94194			6
2024.02.08	00:50:49.372	0.94192	0.94192			6
2024.02.08	00:50:59.404	0.94194	0.94194			6
2024.02.08	00:50:59.434	0.94193	0.94193			6
2024.02.08	00:51:09.553	0.94195	0.94195			6
2024.02.08	00:51:09.583	0.94194	0.94194			6
2024.02.08	00:51:10.015	0.94193	0.94193			6
2024.02.08	00:51:10.552	0.94199	0.94199			6
2024.02.08	00:51:10.581	0.94194	0.94194			6
2024.02.08	00:51:13.122	0.94195	0.94195			6
2024.02.08	00:51:19.694	0.94200	0.94200			6
2024.02.08	00:51:19.723	0.94195	0.94195			6
2024.02.08	00:51:21.822	0.94192	0.94192			6
2024.02.08	00:51:22.263	0.94193	0.94193			6
2024.02.08	00:51:22.293	0.94194	0.94194			6
2024.02.08	00:51:23.352	0.94195	0.94195			6
2024.02.08	00:51:27.740	0.94201	0.94201			6
2024.02.08	00:51:27.769	0.94196	0.94196			6
2024.02.08	00:51:27.986	0.94195	0.94195			6
2024.02.08	00:51:28.016	0.94192	0.94192			6
2024.02.08	00:51:28.287	0.94194	0.94194			6
2024.02.08	00:51:28.467	0.94193	0.94193			6
2024.02.08	00:51:30.074	0.94192	0.94192			6
2024.02.08	00:51:31.847	0.94193	0.94193			6
2024.02.08	00:51:31.877	0.94194	0.94194			6
2024.02.08	00:51:32.373	0.94195	0.94195			6
2024.02.08	00:51:35.085	0.94197	0.94197			6
2024.02.08	00:51:35.115	0.94202	0.94202			6
2024.02.08	00:51:39.980	0.94199	0.94199			6
2024.02.08	00:51:40.010	0.94196	0.94196			6
2024.02.08	00:51:40.040	0.94198	0.94198			6
2024.02.08	00:51:40.442	0.94197	0.94197			6
2024.02.08	00:51:40.472	0.94196	0.94196			6
2024.02.08	00:51:41.830	0.94199	0.94199			6
2024.02.08	00:51:41.860	0.94197	0.94197			6
2024.02.08	00:51:42.133	0.94196	0.94196			6
2024.02.08	00:51:42.163	0.94202	0.94202			6
2024.02.08	00:51:42.432	0.94200	0.94200			6
2024.02.08	00:51:42.463	0.94195	0.94195			6
2024.02.08	00:51:42.849	0.94198	0.94198			6
2024.02.08	00:51:42.879	0.94197	0.94197			6
2024.02.08	00:51:45.439	0.94196	0.94196			6
2024.02.08	00:51:46.645	0.94198	0.94198			6
2024.02.08	00:51:46.675	0.94196	0.94196			6
2024.02.08	00:51:46.920	0.94198	0.94198			6
2024.02.08	00:51:46.950	0.94196	0.94196			6
2024.02.08	00:51:50.120	0.94198	0.94198			6
2024.02.08	00:51:50.150	0.94195	0.94195			6
2024.02.08	00:51:50.890	0.94196	0.94196			6
2024.02.08	00:51:51.318	0.94195	0.94195			6
2024.02.08	00:51:51.698	0.94196	0.94196			6
2024.02.08	00:51:51.728	0.94198	0.94198			6
2024.02.08	00:51:54.446	0.94196	0.94196			6
2024.02.08	00:51:54.743	0.94197	0.94197			6
2024.02.08	00:51:58.331	0.94196	0.94196			6
2024.02.08	00:52:00.222	0.94196				2
2024.02.08	00:52:00.251	0.94197	0.94197			6
2024.02.08	00:52:00.592	0.94199	0.94199			6
2024.02.08	00:52:00.622	0.94202	0.94202			6
2024.02.08	00:52:03.981	0.94199	0.94199			6
2024.02.08	00:52:04.011	0.94198	0.94198			6
2024.02.08	00:52:04.266	0.94202	0.94202			6
2024.02.08	00:52:05.323	0.94198	0.94198			6
2024.02.08	00:52:05.384	0.94202	0.94202			6
2024.02.08	00:52:05.413	0.94198	0.94198			6
2024.02.08	00:52:05.727	0.94199	0.94199			6
2024.02.08	00:52:07.653	0.94198	0.94198			6
2024.02.08	00:52:10.403	0.94199	0.94199			6
2024.02.08	00:52:10.691	0.94198	0.94198			6
2024.02.08	00:52:11.422	0.94199	0.94199			6
2024.02.08	00:52:11.705	0.94198	0.94198			6
2024.02.08	00:52:12.362	0.94202	0.94202			6
2024.02.08	00:52:12.422	0.94203	0.94203			6
2024.02.08	00:52:12.602	0.94202	0.94202			6
2024.02.08	00:52:12.951	0.94200	0.94200			6
2024.02.08	00:52:12.981	0.94199	0.94199			6
2024.02.08	00:52:13.011	0.94198	0.94198			6
2024.02.08	00:52:18.343	0.94196	0.94196			6
2024.02.08	00:52:18.720	0.94195	0.94195			6
2024.02.08	00:52:18.753	0.94196	0.94196			6
2024.02.08	00:52:18.781	0.94202	0.94202			6
2024.02.08	00:52:25.571	0.94196	0.94196			6
2024.02.08	00:52:26.512	0.94197	0.94197			6
2024.02.08	00:52:26.543	0.94198	0.94198			6
2024.02.08	00:52:29.113	0.94202	0.94202			6
2024.02.08	00:52:29.682	0.94198	0.94198			6
2024.02.08	00:52:40.989	0.94199	0.94199			6
2024.02.08	00:52:50.943	0.94202	0.94202			6
2024.02.08	00:52:51.231	0.94199	0.94199			6
2024.02.08	00:52:58.804	0.94198	0.94198			6
2024.02.08	00:52:58.833	0.94199	0.94199			6
2024.02.08	00:52:58.864	0.94202	0.94202			6
2024.02.08	00:52:59.015	0.94192	0.94192			6
2024.02.08	00:52:59.164	0.94197	0.94197			6
2024.02.08	00:52:59.254	0.94201	0.94201			6
2024.02.08	00:53:00.401	0.94196	0.94196			6
2024.02.08	00:53:00.430	0.94194	0.94194			6
2024.02.08	00:53:00.490	0.94195	0.94195			6
2024.02.08	00:53:00.810	0.94202	0.94202			6
2024.02.08	00:53:00.840	0.94198	0.94198			6
2024.02.08	00:53:00.870	0.94202	0.94202			6
2024.02.08	00:53:01.371	0.94196	0.94196			6
2024.02.08	00:53:01.402	0.94202	0.94202			6
2024.02.08	00:53:01.643	0.94197	0.94197			6
2024.02.08	00:53:01.674	0.94193	0.94193			6
2024.02.08	00:53:01.958	0.94195	0.94195			6
2024.02.08	00:53:09.172	0.94200	0.94200			6
2024.02.08	00:53:09.202	0.94197	0.94197			6
2024.02.08	00:53:10.969	0.94195	0.94195			6
2024.02.08	00:53:10.999	0.94201	0.94201			6
2024.02.08	00:53:11.058	0.94204	0.94204			6
2024.02.08	00:53:13.761	0.94205	0.94205			6
2024.02.08	00:53:16.136	0.94197	0.94197			6
2024.02.08	00:53:16.196	0.94194	0.94194			6
2024.02.08	00:53:16.226	0.94193	0.94193			6
2024.02.08	00:53:16.569	0.94194	0.94194			6
2024.02.08	00:53:17.701	0.94193	0.94193			6
2024.02.08	00:53:19.377	0.94194	0.94194			6
2024.02.08	00:53:19.407	0.94195	0.94195			6
2024.02.08	00:53:19.437	0.94194	0.94194			6
2024.02.08	00:53:19.498	0.94193	0.94193			6
2024.02.08	00:53:19.528	0.94194	0.94194			6
2024.02.08	00:53:19.627	0.94195	0.94195			6
2024.02.08	00:53:19.746	0.94196	0.94196			6
2024.02.08	00:53:20.093	0.94195	0.94195			6
2024.02.08	00:53:20.244	0.94196	0.94196			6
2024.02.08	00:53:20.844	0.94193	0.94193			6
2024.02.08	00:53:20.936	0.94191	0.94191			6
2024.02.08	00:53:21.209	0.94190	0.94190			6
2024.02.08	00:53:21.600	0.94189	0.94189			6
2024.02.08	00:53:22.267	0.94190	0.94190			6
2024.02.08	00:53:22.398	0.94188	0.94188			6
2024.02.08	00:53:22.459	0.94187	0.94187			6
2024.02.08	00:53:22.489	0.94186	0.94186			6
2024.02.08	00:53:22.519	0.94189	0.94189			6
2024.02.08	00:53:26.331	0.94200	0.94200			6
2024.02.08	00:53:31.242	0.94201	0.94201			6
2024.02.08	00:53:33.753	0.94195	0.94195			6
2024.02.08	00:53:36.782	0.94194	0.94194			6
2024.02.08	00:53:37.131	0.94201	0.94201			6
2024.02.08	00:53:37.593	0.94200	0.94200			6
2024.02.08	00:53:37.854	0.94198	0.94198			6
2024.02.08	00:53:38.127	0.94197	0.94197			6
2024.02.08	00:53:38.356	0.94198	0.94198			6
2024.02.08	00:53:46.185	0.94199	0.94199			6
2024.02.08	00:53:46.274	0.94193	0.94193			6
2024.02.08	00:53:46.305	0.94195	0.94195			6
2024.02.08	00:53:49.179	0.94202	0.94202			6
2024.02.08	00:53:49.210	0.94201	0.94201			6
2024.02.08	00:53:49.408	0.94202	0.94202			6
2024.02.08	00:53:51.000	0.94201	0.94201			6
2024.02.08	00:53:51.121	0.94200	0.94200			6
2024.02.08	00:53:51.793	0.94199	0.94199			6
2024.02.08	00:53:51.823	0.94194	0.94194			6
2024.02.08	00:53:52.372	0.94196	0.94196			6
2024.02.08	00:53:55.783	0.94195	0.94195			6
2024.02.08	00:53:55.813	0.94196	0.94196			6
2024.02.08	00:53:56.068	0.94202	0.94202			6
2024.02.08	00:53:56.129	0.94196	0.94196			6
2024.02.08	00:53:56.190	0.94197	0.94197			6
2024.02.08	00:53:56.392	0.94196	0.94196			6
2024.02.08	00:53:56.603	0.94202	0.94202			6
2024.02.08	00:53:56.633	0.94196	0.94196			6
2024.02.08	00:54:00.195	0.94197	0.94197			6
2024.02.08	00:54:00.872	0.94198	0.94198			6
2024.02.08	00:54:01.622	0.94202	0.94202			6
2024.02.08	00:54:01.899	0.94199	0.94199			6
2024.02.08	00:54:02.210	0.94202	0.94202			6
2024.02.08	00:54:02.515	0.94198	0.94198			6
2024.02.08	00:54:06.108	0.94195	0.94195			6
2024.02.08	00:54:06.199	0.94193	0.94193			6
2024.02.08	00:54:06.601	0.94195	0.94195			6
2024.02.08	00:54:06.661	0.94202	0.94202			6
2024.02.08	00:54:06.754	0.94197	0.94197			6
2024.02.08	00:54:07.127	0.94198	0.94198			6
2024.02.08	00:54:07.300	0.94199	0.94199			6
2024.02.08	00:54:07.329	0.94198	0.94198			6
2024.02.08	00:54:07.371	0.94199	0.94199			6
2024.02.08	00:54:07.532	0.94198	0.94198			6
2024.02.08	00:54:07.563	0.94196	0.94196			6
2024.02.08	00:54:07.683	0.94198	0.94198			6
2024.02.08	00:54:07.773	0.94200	0.94200			6
2024.02.08	00:54:07.832	0.94194	0.94194			6
2024.02.08	00:54:07.892	0.94193	0.94193			6
2024.02.08	00:54:09.670	0.94194	0.94194			6
2024.02.08	00:54:09.783	0.94203	0.94203			6
2024.02.08	00:54:10.196	0.94202	0.94202			6
2024.02.08	00:54:16.143	0.94203	0.94203			6
2024.02.08	00:54:19.743	0.94204	0.94204			6
2024.02.08	00:54:20.062	0.94203	0.94203			6
2024.02.08	00:54:20.163	0.94204	0.94204			6
2024.02.08	00:54:35.725	0.94201	0.94201			6
2024.02.08	00:54:36.831	0.94204	0.94204			6
2024.02.08	00:54:58.053	0.94201	0.94201			6
2024.02.08	00:54:58.907	0.94204	0.94204			6
2024.02.08	00:55:02.192	0.94203	0.94203			6
2024.02.08	00:55:02.222	0.94197	0.94197			6
2024.02.08	00:55:02.703	0.94196	0.94196			6
2024.02.08	00:55:02.733	0.94199	0.94199			6
2024.02.08	00:55:03.583	0.94204	0.94204			6
2024.02.08	00:55:04.241	0.94208	0.94208			6
2024.02.08	00:55:05.721	0.94204	0.94204			6
2024.02.08	00:55:06.947	0.94209	0.94209			6
2024.02.08	00:55:10.992	0.94204	0.94204			6
2024.02.08	00:55:17.331	0.94208	0.94208			6
2024.02.08	00:55:17.421	0.94204	0.94204			6
2024.02.08	00:55:17.974	0.94208	0.94208			6
2024.02.08	00:55:18.034	0.94203	0.94203			6
2024.02.08	00:55:18.064	0.94208	0.94208			6
2024.02.08	00:55:20.081	0.94204	0.94204			6
2024.02.08	00:55:27.609	0.94203	0.94203			6
2024.02.08	00:55:27.695	0.94204	0.94204			6
2024.02.08	00:55:30.660	0.94199	0.94199			6
2024.02.08	00:55:30.720	0.94204	0.94204			6
2024.02.08	00:55:35.031	0.94203	0.94203			6
2024.02.08	00:55:35.403	0.94204	0.94204			6
2024.02.08	00:55:35.764	0.94206	0.94206			6
2024.02.08	00:55:35.794	0.94204	0.94204			6
2024.02.08	00:55:35.853	0.94207	0.94207			6
2024.02.08	00:55:39.542	0.94206	0.94206			6
2024.02.08	00:55:40.313	0.94207	0.94207			6
2024.02.08	00:55:40.811	0.94205	0.94205			6
2024.02.08	00:55:40.995	0.94203	0.94203			6
2024.02.08	00:55:41.025	0.94204	0.94204			6
2024.02.08	00:55:41.348	0.94202	0.94202			6
2024.02.08	00:55:41.378	0.94204	0.94204			6
2024.02.08	00:55:46.362	0.94203	0.94203			6
2024.02.08	00:55:54.844	0.94204	0.94204			6
2024.02.08	00:55:55.136	0.94203	0.94203			6
2024.02.08	00:55:55.196	0.94204	0.94204			6
2024.02.08	00:55:55.436	0.94203	0.94203			6
2024.02.08	00:55:55.466	0.94204	0.94204			6
2024.02.08	00:55:55.528	0.94203	0.94203			6
2024.02.08	00:56:00.160	0.94203				2
2024.02.08	00:56:03.603	0.94204	0.94204			6
2024.02.08	00:56:03.661	0.94203	0.94203			6
2024.02.08	00:56:06.041	0.94204	0.94204			6
2024.02.08	00:56:06.233	0.94202	0.94202			6
2024.02.08	00:56:06.350	0.94203	0.94203			6
2024.02.08	00:56:06.444	0.94204	0.94204			6
2024.02.08	00:56:11.015	0.94203	0.94203			6
2024.02.08	00:56:18.641	0.94205	0.94205			6
2024.02.08	00:56:18.701	0.94203	0.94203			6
2024.02.08	00:56:20.385	0.94205	0.94205			6
2024.02.08	00:56:21.276	0.94203	0.94203			6
2024.02.08	00:56:21.306	0.94206	0.94206			6
2024.02.08	00:56:21.712	0.94205	0.94205			6
2024.02.08	00:56:21.803	0.94203	0.94203			6
2024.02.08	00:56:26.948	0.94204	0.94204			6
2024.02.08	00:56:27.661	0.94203	0.94203			6
2024.02.08	00:56:27.961	0.94204	0.94204			6
2024.02.08	00:56:28.812	0.94202	0.94202			6
2024.02.08	00:56:31.084	0.94204	0.94204			6
2024.02.08	00:56:31.172	0.94203	0.94203			6
2024.02.08	00:56:31.765	0.94204	0.94204			6
2024.02.08	00:56:36.024	0.94200	0.94200			6
2024.02.08	00:56:36.313	0.94198	0.94198			6
2024.02.08	00:56:48.861	0.94202	0.94202			6
2024.02.08	00:56:48.890	0.94201	0.94201			6
2024.02.08	00:56:49.331	0.94202	0.94202			6
2024.02.08	00:56:49.421	0.94199	0.94199			6
2024.02.08	00:56:49.712	0.94200	0.94200			6
2024.02.08	00:56:49.742	0.94199	0.94199			6
2024.02.08	00:56:50.598	0.94200	0.94200			6
2024.02.08	00:56:50.627	0.94203	0.94203			6
2024.02.08	00:56:50.656	0.94199	0.94199			6
2024.02.08	00:56:50.686	0.94200	0.94200			6
2024.02.08	00:56:51.051	0.94199	0.94199			6
2024.02.08	00:56:51.866	0.94200	0.94200			6
2024.02.08	00:56:53.002	0.94205	0.94205			6
2024.02.08	00:56:53.421	0.94209	0.94209			6
2024.02.08	00:56:54.311	0.94202	0.94202			6
2024.02.08	00:56:54.342	0.94199	0.94199			6
2024.02.08	00:56:54.613	0.94202	0.94202			6
2024.02.08	00:56:54.643	0.94204	0.94204			6
2024.02.08	00:57:02.240	0.94199	0.94199			6
2024.02.08	00:57:03.889	0.94202	0.94202			6
2024.02.08	00:57:03.919	0.94201	0.94201			6
2024.02.08	00:57:03.949	0.94200	0.94200			6
2024.02.08	00:57:04.431	0.94199	0.94199			6
2024.02.08	00:57:04.491	0.94202	0.94202			6
2024.02.08	00:57:04.522	0.94204	0.94204			6
2024.02.08	00:57:04.581	0.94203	0.94203			6
2024.02.08	00:57:12.293	0.94204	0.94204			6
2024.02.08	00:57:12.702	0.94207	0.94207			6
2024.02.08	00:57:12.965	0.94204	0.94204			6
2024.02.08	00:57:13.962	0.94199	0.94199			6
2024.02.08	00:57:15.805	0.94204	0.94204			6
2024.02.08	00:57:15.836	0.94199	0.94199			6
2024.02.08	00:57:15.986	0.94200	0.94200			6
2024.02.08	00:57:16.242	0.94202	0.94202			6
2024.02.08	00:57:16.303	0.94207	0.94207			6
2024.02.08	00:57:24.614	0.94204	0.94204			6
2024.02.08	00:57:24.644	0.94207	0.94207			6
2024.02.08	00:57:24.674	0.94206	0.94206			6
2024.02.08	00:57:24.793	0.94200	0.94200			6
2024.02.08	00:57:24.824	0.94199	0.94199			6
2024.02.08	00:57:25.132	0.94198	0.94198			6
2024.02.08	00:57:25.162	0.94199	0.94199			6
2024.02.08	00:57:31.013	0.94200	0.94200			6
2024.02.08	00:57:34.981	0.94199	0.94199			6
2024.02.08	00:57:35.131	0.94201	0.94201			6
2024.02.08	00:57:35.419	0.94203	0.94203			6
2024.02.08	00:57:35.448	0.94205	0.94205			6
2024.02.08	00:57:35.510	0.94206	0.94206			6
2024.02.08	00:57:35.570	0.94204	0.94204			6
2024.02.08	00:57:35.692	0.94206	0.94206			6
2024.02.08	00:57:35.722	0.94204	0.94204			6
2024.02.08	00:57:35.781	0.94198	0.94198			6
2024.02.08	00:57:36.061	0.94201	0.94201			6
2024.02.08	00:57:36.092	0.94204	0.94204			6
2024.02.08	00:57:37.402	0.94200	0.94200			6
2024.02.08	00:57:37.432	0.94197	0.94197			6
2024.02.08	00:57:37.678	0.94202	0.94202			6
2024.02.08	00:57:37.708	0.94204	0.94204			6
2024.02.08	00:57:38.002	0.94207	0.94207			6
2024.02.08	00:57:38.033	0.94204	0.94204			6
2024.02.08	00:57:40.152	0.94200	0.94200			6
2024.02.08	00:57:40.182	0.94198	0.94198			6
2024.02.08	00:57:40.211	0.94195	0.94195			6
2024.02.08	00:57:40.241	0.94204	0.94204			6
2024.02.08	00:57:40.542	0.94198	0.94198			6
2024.02.08	00:57:40.823	0.94202	0.94202			6
2024.02.08	00:57:43.982	0.94203	0.94203			6
2024.02.08	00:57:46.515	0.94204	0.94204			6
2024.02.08	00:57:46.573	0.94203	0.94203			6
2024.02.08	00:57:46.604	0.94197	0.94197			6
2024.02.08	00:57:47.152	0.94195	0.94195			6
2024.02.08	00:57:47.405	0.94196	0.94196			6
2024.02.08	00:57:47.495	0.94201	0.94201			6
2024.02.08	00:57:47.526	0.94203	0.94203			6
2024.02.08	00:57:48.606	0.94202	0.94202			6
2024.02.08	00:57:49.168	0.94203	0.94203			6
2024.02.08	00:57:49.475	0.94202	0.94202			6
2024.02.08	00:57:55.682	0.94203	0.94203			6
2024.02.08	00:57:57.482	0.94199	0.94199			6
2024.02.08	00:58:01.521	0.94198	0.94198			6
2024.02.08	00:58:03.742	0.94202	0.94202			6
2024.02.08	00:58:03.772	0.94199	0.94199			6
2024.02.08	00:58:06.241	0.94198	0.94198			6
2024.02.08	00:58:06.534	0.94197	0.94197			6
2024.02.08	00:58:11.520	0.94199	0.94199			6
2024.02.08	00:58:11.610	0.94207	0.94207			6
2024.02.08	00:58:11.640	0.94208	0.94208			6
2024.02.08	00:58:12.092	0.94204	0.94204			6
2024.02.08	00:58:12.204	0.94202	0.94202			6
2024.02.08	00:58:12.234	0.94198	0.94198			6
2024.02.08	00:58:19.647	0.94200	0.94200			6
2024.02.08	00:58:19.980	0.94199	0.94199			6
2024.02.08	00:58:20.011	0.94203	0.94203			6
2024.02.08	00:58:25.829	0.94200	0.94200			6
2024.02.08	00:58:25.860	0.94203	0.94203			6
2024.02.08	00:58:34.762	0.94200	0.94200			6
2024.02.08	00:58:34.790	0.94195	0.94195			6
2024.02.08	00:58:34.820	0.94201	0.94201			6
2024.02.08	00:58:34.850	0.94200	0.94200			6
2024.02.08	00:58:35.001	0.94192	0.94192			6
2024.02.08	00:58:35.239	0.94196	0.94196			6
2024.02.08	00:58:35.270	0.94201	0.94201			6
2024.02.08	00:58:36.487	0.94202	0.94202			6
2024.02.08	00:58:38.821	0.94209	0.94209			6
2024.02.08	00:58:41.947	0.94204	0.94204			6
2024.02.08	00:58:41.977	0.94208	0.94208			6
2024.02.08	00:58:42.038	0.94204	0.94204			6
2024.02.08	00:58:42.069	0.94205	0.94205			6
2024.02.08	00:58:42.098	0.94200	0.94200			6
2024.02.08	00:58:42.128	0.94193	0.94193			6
2024.02.08	00:58:45.841	0.94201	0.94201			6
2024.02.08	00:58:45.871	0.94204	0.94204			6
2024.02.08	00:58:45.900	0.94197	0.94197			6
2024.02.08	00:58:46.340	0.94200	0.94200			6
2024.02.08	00:58:46.370	0.94203	0.94203			6
2024.02.08	00:58:46.400	0.94204	0.94204			6
2024.02.08	00:58:48.544	0.94200	0.94200			6
2024.02.08	00:58:48.574	0.94196	0.94196			6
2024.02.08	00:58:48.967	0.94194	0.94194			6
2024.02.08	00:58:49.034	0.94197	0.94197			6
2024.02.08	00:58:51.952	0.94202	0.94202			6
2024.02.08	00:58:52.226	0.94203	0.94203			6
2024.02.08	00:58:52.286	0.94202	0.94202			6
2024.02.08	00:58:55.961	0.94203	0.94203			6
2024.02.08	00:59:01.123	0.94202	0.94202			6
2024.02.08	00:59:01.152	0.94201	0.94201			6
2024.02.08	00:59:01.432	0.94203	0.94203			6
2024.02.08	00:59:01.462	0.94202	0.94202			6
2024.02.08	00:59:01.630	0.94201	0.94201			6
2024.02.08	00:59:01.661	0.94202	0.94202			6
2024.02.08	00:59:01.720	0.94201	0.94201			6
2024.02.08	00:59:01.898	0.94203	0.94203			6
2024.02.08	00:59:01.928	0.94202	0.94202			6
2024.02.08	00:59:02.263	0.94201	0.94201			6
2024.02.08	00:59:03.482	0.94200	0.94200			6
2024.02.08	00:59:03.512	0.94201	0.94201			6
2024.02.08	00:59:03.632	0.94202	0.94202			6
2024.02.08	00:59:03.661	0.94200	0.94200			6
2024.02.08	00:59:03.759	0.94201	0.94201			6
2024.02.08	00:59:03.789	0.94196	0.94196			6
2024.02.08	00:59:03.819	0.94201	0.94201			6
2024.02.08	00:59:11.425	0.94200	0.94200			6
2024.02.08	00:59:11.455	0.94201	0.94201			6
2024.02.08	00:59:13.709	0.94202	0.94202			6
2024.02.08	00:59:13.768	0.94203	0.94203			6
2024.02.08	00:59:13.829	0.94202	0.94202			6
2024.02.08	00:59:14.041	0.94201	0.94201			6
2024.02.08	00:59:14.486	0.94202	0.94202			6
2024.02.08	00:59:21.094	0.94203	0.94203			6
2024.02.08	00:59:21.244	0.94202	0.94202			6
2024.02.08	00:59:21.512	0.94203	0.94203			6
2024.02.08	00:59:21.542	0.94201	0.94201			6
2024.02.08	00:59:21.632	0.94203	0.94203			6
2024.02.08	00:59:26.163	0.94196	0.94196			6
2024.02.08	00:59:26.193	0.94203	0.94203			6
2024.02.08	00:59:26.405	0.94196	0.94196			6
2024.02.08	00:59:26.435	0.94203	0.94203			6
2024.02.08	00:59:26.466	0.94198	0.94198			6
2024.02.08	00:59:26.555	0.94197	0.94197			6
2024.02.08	00:59:26.585	0.94203	0.94203			6
2024.02.08	00:59:26.735	0.94205	0.94205			6
2024.02.08	00:59:26.795	0.94203	0.94203			6
2024.02.08	00:59:27.186	0.94202	0.94202			6
2024.02.08	00:59:27.305	0.94203	0.94203			6
2024.02.08	00:59:27.335	0.94202	0.94202			6
2024.02.08	00:59:27.455	0.94201	0.94201			6
2024.02.08	00:59:27.544	0.94202	0.94202			6
2024.02.08	00:59:28.983	0.94201	0.94201			6
2024.02.08	00:59:29.424	0.94202	0.94202			6
2024.02.08	00:59:30.142	0.94201	0.94201			6
2024.02.08	00:59:30.171	0.94202	0.94202			6
2024.02.08	00:59:30.201	0.94201	0.94201			6
2024.02.08	00:59:30.490	0.94200	0.94200			6
2024.02.08	00:59:30.647	0.94201	0.94201			6
2024.02.08	00:59:30.767	0.94202	0.94202			6
2024.02.08	00:59:30.797	0.94203	0.94203			6
2024.02.08	00:59:31.672	0.94202	0.94202			6
2024.02.08	00:59:31.731	0.94203	0.94203			6
2024.02.08	00:59:31.761	0.94201	0.94201			6
2024.02.08	00:59:32.116	0.94202	0.94202			6
2024.02.08	00:59:33.422	0.94201	0.94201			6
2024.02.08	00:59:33.452	0.94202	0.94202			6
2024.02.08	00:59:33.484	0.94203	0.94203			6
2024.02.08	00:59:33.514	0.94204	0.94204			6
2024.02.08	00:59:34.621	0.94202	0.94202			6
2024.02.08	00:59:35.097	0.94198	0.94198			6
2024.02.08	00:59:35.422	0.94197	0.94197			6
2024.02.08	00:59:35.453	0.94196	0.94196			6
2024.02.08	00:59:35.482	0.94198	0.94198			6
2024.02.08	00:59:35.513	0.94199	0.94199			6
2024.02.08	00:59:35.783	0.94198	0.94198			6
2024.02.08	00:59:35.813	0.94206	0.94206			6
2024.02.08	00:59:36.138	0.94207	0.94207			6
2024.02.08	00:59:36.169	0.94204	0.94204			6
2024.02.08	00:59:36.199	0.94205	0.94205			6
2024.02.08	00:59:36.229	0.94203	0.94203			6
2024.02.08	00:59:36.259	0.94202	0.94202			6
2024.02.08	00:59:36.431	0.94203	0.94203			6
2024.02.08	00:59:36.552	0.94204	0.94204			6
2024.02.08	00:59:36.767	0.94206	0.94206			6
2024.02.08	00:59:37.418	0.94205	0.94205			6
2024.02.08	00:59:37.689	0.94203	0.94203			6
2024.02.08	00:59:38.097	0.94202	0.94202			6
2024.02.08	00:59:39.611	0.94203	0.94203			6
2024.02.08	00:59:39.671	0.94204	0.94204			6
2024.02.08	00:59:40.393	0.94202	0.94202			6
2024.02.08	00:59:40.632	0.94204	0.94204			6
2024.02.08	00:59:40.701	0.94202	0.94202			6
2024.02.08	00:59:40.790	0.94203	0.94203			6
2024.02.08	00:59:40.850	0.94202	0.94202			6
2024.02.08	00:59:42.180	0.94201	0.94201			6
2024.02.08	00:59:42.379	0.94202	0.94202			6
2024.02.08	00:59:42.474	0.94203	0.94203			6
2024.02.08	00:59:42.564	0.94201	0.94201			6
2024.02.08	00:59:42.594	0.94200	0.94200			6
2024.02.08	00:59:43.050	0.94201	0.94201			6
2024.02.08	00:59:46.875	0.94203	0.94203			6
2024.02.08	00:59:46.936	0.94202	0.94202			6
2024.02.08	00:59:48.035	0.94200	0.94200			6
2024.02.08	00:59:48.065	0.94197	0.94197			6
2024.02.08	00:59:49.116	0.94200	0.94200			6
2024.02.08	00:59:49.548	0.94201	0.94201			6
2024.02.08	00:59:49.851	0.94200	0.94200			6
2024.02.08	00:59:52.330	0.94201	0.94201			6
2024.02.08	00:59:53.144	0.94200	0.94200			6
2024.02.08	00:59:55.031	0.94201	0.94201			6
2024.02.08	00:59:56.042	0.94202	0.94202			6
2024.02.08	00:59:56.073	0.94201	0.94201			6
2024.02.08	00:59:57.994	0.94202	0.94202			6
2024.02.08	00:59:58.053	0.94203	0.94203			6
2024.02.08	00:59:58.143	0.94202	0.94202			6
2024.02.08	00:59:58.924	0.94203	0.94203			6
2024.02.08	00:59:59.315	0.94196	0.94196			6
2024.02.08	00:59:59.345	0.94202	0.94202			6
2024.02.08	01:00:00.018	0.94201	0.94201			6
2024.02.08	01:00:00.047	0.94202	0.94202			6
2024.02.08	01:00:00.138	0.94203	0.94203			6
2024.02.08	01:00:00.376	0.94204	0.94204			6
2024.02.08	01:00:00.437	0.94203	0.94203			6
2024.02.08	01:00:00.588	0.94201	0.94201			6
2024.02.08	01:00:00.618	0.94202	0.94202			6
2024.02.08	01:00:00.858	0.94201	0.94201			6
2024.02.08	01:00:01.009	0.94202	0.94202			6
2024.02.08	01:00:01.190	0.94201	0.94201			6
2024.02.08	01:00:01.220	0.94197	0.94197			6
2024.02.08	01:00:01.249	0.94190	0.94190			6
2024.02.08	01:00:01.279	0.94188	0.94188			6
2024.02.08	01:00:01.310	0.94189	0.94189			6
2024.02.08	01:00:01.369	0.94188	0.94188			6
2024.02.08	01:00:01.671	0.94190	0.94190			6
2024.02.08	01:00:01.851	0.94191	0.94191			6
2024.02.08	01:00:01.911	0.94189	0.94189			6
2024.02.08	01:00:01.971	0.94196	0.94196			6
2024.02.08	01:00:02.000	0.94190	0.94190			6
2024.02.08	01:00:02.753	0.94194	0.94194			6
2024.02.08	01:00:02.874	0.94196	0.94196			6
2024.02.08	01:00:02.994	0.94197	0.94197			6
2024.02.08	01:00:03.266	0.94196	0.94196			6
2024.02.08	01:00:05.303	0.94197	0.94197			6
2024.02.08	01:00:05.575	0.94196	0.94196			6
2024.02.08	01:00:06.569	0.94195	0.94195			6
2024.02.08	01:00:07.108	0.94197	0.94197			6
2024.02.08	01:00:08.535	0.94193	0.94193			6
2024.02.08	01:00:08.564	0.94197	0.94197			6
2024.02.08	01:00:18.064	0.94198	0.94198			6
2024.02.08	01:00:18.094	0.94196	0.94196			6
2024.02.08	01:00:18.185	0.94195	0.94195			6
2024.02.08	01:00:18.305	0.94196	0.94196			6
2024.02.08	01:00:18.335	0.94197	0.94197			6
2024.02.08	01:00:18.727	0.94196	0.94196			6
2024.02.08	01:00:19.240	0.94199	0.94199			6
2024.02.08	01:00:19.301	0.94200	0.94200			6
2024.02.08	01:00:19.362	0.94202	0.94202			6
2024.02.08	01:00:19.451	0.94201	0.94201			6
2024.02.08	01:00:22.964	0.94196	0.94196			6
2024.02.08	01:00:24.624	0.94207	0.94207			6
2024.02.08	01:00:24.654	0.94209	0.94209			6
2024.02.08	01:00:25.134	0.94207	0.94207			6
2024.02.08	01:00:25.859	0.94206	0.94206			6
2024.02.08	01:00:26.251	0.94205	0.94205			6
2024.02.08	01:00:26.474	0.94206	0.94206			6
2024.02.08	01:00:31.561	0.94205	0.94205			6
2024.02.08	01:00:32.879	0.94206	0.94206			6
2024.02.08	01:00:34.040	0.94205	0.94205			6
2024.02.08	01:00:34.069	0.94206	0.94206			6
2024.02.08	01:00:36.571	0.94207	0.94207			6
2024.02.08	01:00:39.480	0.94208	0.94208			6
2024.02.08	01:00:43.431	0.94209	0.94209			6
2024.02.08	01:00:45.426	0.94208	0.94208			6
2024.02.08	01:00:47.453	0.94209	0.94209			6
2024.02.08	01:00:48.086	0.94208	0.94208			6
2024.02.08	01:00:48.176	0.94207	0.94207			6
2024.02.08	01:00:48.759	0.94205	0.94205			6
2024.02.08	01:00:48.789	0.94206	0.94206			6
2024.02.08	01:00:48.819	0.94205	0.94205			6
2024.02.08	01:00:53.972	0.94206	0.94206			6
2024.02.08	01:00:56.349	0.94205	0.94205			6
2024.02.08	01:00:56.380	0.94206	0.94206			6
2024.02.08	01:01:02.212	0.94205	0.94205			6
2024.02.08	01:01:12.508	0.94207	0.94207			6
2024.02.08	01:01:31.206	0.94214	0.94214			6
2024.02.08	01:01:31.236	0.94213	0.94213			6
2024.02.08	01:01:38.237	0.94215	0.94215			6
2024.02.08	01:01:38.266	0.94216	0.94216			6
2024.02.08	01:01:38.567	0.94217	0.94217			6
2024.02.08	01:01:47.932	0.94216	0.94216			6
2024.02.08	01:01:52.572	0.94217	0.94217			6
2024.02.08	01:02:06.902	0.94216	0.94216			6
2024.02.08	01:02:13.791	0.94213	0.94213			6
2024.02.08	01:02:13.820	0.94217	0.94217			6
2024.02.08	01:02:13.911	0.94216	0.94216			6
2024.02.08	01:02:14.380	0.94217	0.94217			6
2024.02.08	01:02:15.632	0.94214	0.94214			6
2024.02.08	01:02:15.661	0.94216	0.94216			6
2024.02.08	01:02:15.690	0.94217	0.94217			6
2024.02.08	01:02:19.271	0.94216	0.94216			6
2024.02.08	01:02:19.632	0.94217	0.94217			6
2024.02.08	01:02:19.754	0.94215	0.94215			6
2024.02.08	01:02:19.871	0.94213	0.94213			6
2024.02.08	01:02:44.223	0.94212	0.94212			6
2024.02.08	01:02:44.253	0.94213	0.94213			6
2024.02.08	01:02:45.003	0.94212	0.94212			6
2024.02.08	01:02:45.034	0.94213	0.94213			6
2024.02.08	01:02:52.581	0.94214	0.94214			6
2024.02.08	01:02:55.373	0.94213	0.94213			6
2024.02.08	01:02:58.252	0.94212	0.94212			6
2024.02.08	01:02:58.282	0.94214	0.94214			6
2024.02.08	01:03:00.472	0.94213	0.94213			6
2024.02.08	01:03:07.224	0.94209	0.94209			6
2024.02.08	01:03:07.253	0.94211	0.94211			6
2024.02.08	01:03:17.194	0.94213	0.94213			6
2024.02.08	01:03:17.224	0.94214	0.94214			6
2024.02.08	01:03:17.465	0.94215	0.94215			6
2024.02.08	01:03:25.882	0.94214	0.94214			6
2024.02.08	01:03:26.579	0.94211	0.94211			6
2024.02.08	01:03:26.698	0.94210	0.94210			6
2024.02.08	01:03:40.549	0.94208	0.94208			6
2024.02.08	01:03:41.351	0.94210	0.94210			6
2024.02.08	01:03:49.221	0.94209	0.94209			6
2024.02.08	01:03:50.366	0.94210	0.94210			6
2024.02.08	01:03:50.700	0.94207	0.94207			6
2024.02.08	01:03:51.269	0.94210	0.94210			6
2024.02.08	01:03:59.101	0.94209	0.94209			6
2024.02.08	01:04:00.019	0.94210	0.94210			6
2024.02.08	01:04:08.545	0.94208	0.94208			6
2024.02.08	01:04:10.090	0.94209	0.94209			6
2024.02.08	01:04:10.401	0.94210	0.94210			6
2024.02.08	01:04:13.110	0.94209	0.94209			6
2024.02.08	01:04:13.830	0.94208	0.94208			6
2024.02.08	01:04:14.959	0.94210	0.94210			6
2024.02.08	01:04:20.942	0.94209	0.94209			6
2024.02.08	01:04:21.335	0.94208	0.94208			6
2024.02.08	01:04:22.660	0.94209	0.94209			6
2024.02.08	01:04:24.118	0.94208	0.94208			6
2024.02.08	01:04:25.267	0.94209	0.94209			6
2024.02.08	01:04:26.485	0.94205	0.94205			6
2024.02.08	01:04:27.026	0.94204	0.94204			6
2024.02.08	01:04:27.118	0.94202	0.94202			6
2024.02.08	01:04:27.416	0.94203	0.94203			6
2024.02.08	01:04:27.789	0.94202	0.94202			6
2024.02.08	01:04:28.398	0.94203	0.94203			6
2024.02.08	01:04:33.592	0.94201	0.94201			6
2024.02.08	01:04:33.772	0.94200	0.94200			6
2024.02.08	01:04:34.820	0.94201	0.94201			6
2024.02.08	01:04:34.881	0.94202	0.94202			6
2024.02.08	01:04:46.262	0.94201	0.94201			6
2024.02.08	01:04:47.085	0.94202	0.94202			6
2024.02.08	01:04:47.759	0.94201	0.94201			6
2024.02.08	01:04:48.708	0.94202	0.94202			6
2024.02.08	01:04:52.962	0.94200	0.94200			6
2024.02.08	01:04:54.193	0.94201	0.94201			6
2024.02.08	01:04:57.764	0.94202	0.94202			6
2024.02.08	01:04:58.053	0.94200	0.94200			6
2024.02.08	01:05:01.072	0.94199	0.94199			6
2024.02.08	01:05:01.102	0.94202	0.94202			6
2024.02.08	01:05:01.547	0.94200	0.94200			6
2024.02.08	01:05:01.637	0.94203	0.94203			6
2024.02.08	01:05:01.698	0.94202	0.94202			6
2024.02.08	01:05:01.729	0.94203	0.94203			6
2024.02.08	01:05:08.537	0.94202	0.94202			6
2024.02.08	01:05:10.180	0.94203	0.94203			6
2024.02.08	01:05:10.481	0.94202	0.94202			6
2024.02.08	01:05:10.844	0.94203	0.94203			6
2024.02.08	01:05:13.384	0.94202	0.94202			6
2024.02.08	01:05:13.653	0.94201	0.94201			6
2024.02.08	01:05:14.358	0.94202	0.94202			6
2024.02.08	01:05:14.748	0.94199	0.94199			6
2024.02.08	01:05:14.808	0.94198	0.94198			6
2024.02.08	01:05:16.781	0.94197	0.94197			6
2024.02.08	01:05:19.494	0.94196	0.94196			6
2024.02.08	01:05:20.941	0.94197	0.94197			6
2024.02.08	01:05:32.313	0.94196	0.94196			6
2024.02.08	01:05:33.223	0.94197	0.94197			6
2024.02.08	01:05:35.595	0.94196	0.94196			6
2024.02.08	01:05:42.388	0.94197	0.94197			6
2024.02.08	01:05:49.643	0.94199	0.94199			6
2024.02.08	01:05:49.732	0.94197	0.94197			6
2024.02.08	01:05:49.794	0.94198	0.94198			6
2024.02.08	01:05:50.004	0.94197	0.94197			6
2024.02.08	01:05:51.375	0.94198	0.94198			6
2024.02.08	01:05:51.405	0.94200	0.94200			6
2024.02.08	01:05:51.494	0.94201	0.94201			6
2024.02.08	01:05:51.524	0.94202	0.94202			6
2024.02.08	01:05:52.036	0.94203	0.94203			6
2024.02.08	01:05:52.066	0.94202	0.94202			6
2024.02.08	01:05:52.335	0.94203	0.94203			6
2024.02.08	01:05:59.649	0.94204	0.94204			6
2024.02.08	01:05:59.680	0.94205	0.94205			6
2024.02.08	01:06:07.319	0.94206	0.94206			6
2024.02.08	01:06:07.591	0.94208	0.94208			6
2024.02.08	01:06:11.041	0.94207	0.94207			6
2024.02.08	01:06:11.101	0.94208	0.94208			6
2024.02.08	01:06:11.646	0.94207	0.94207			6
2024.02.08	01:06:13.580	0.94208	0.94208			6
2024.02.08	01:06:13.790	0.94209	0.94209			6
2024.02.08	01:06:14.634	0.94208	0.94208			6
2024.02.08	01:06:43.137	0.94209	0.94209			6
2024.02.08	01:06:51.480	0.94208	0.94208			6
2024.02.08	01:06:54.854	0.94204	0.94204			6
2024.02.08	01:07:01.859	0.94207	0.94207			6
2024.02.08	01:07:14.826	0.94208	0.94208			6
2024.02.08	01:07:15.246	0.94209	0.94209			6
2024.02.08	01:07:21.290	0.94210	0.94210			6
2024.02.08	01:07:23.951	0.94209	0.94209			6
2024.02.08	01:07:45.506	0.94211	0.94211			6
2024.02.08	01:07:45.746	0.94215	0.94215			6
2024.02.08	01:07:45.865	0.94214	0.94214			6
2024.02.08	01:07:45.895	0.94213	0.94213			6
2024.02.08	01:07:46.365	0.94212	0.94212			6
2024.02.08	01:07:46.545	0.94211	0.94211			6
2024.02.08	01:07:50.138	0.94212	0.94212			6
2024.02.08	01:07:50.167	0.94211	0.94211			6
2024.02.08	01:08:00.060	0.94211				2
2024.02.08	01:08:17.320	0.94212	0.94212			6
2024.02.08	01:08:36.331	0.94214	0.94214			6
2024.02.08	01:08:36.361	0.94213	0.94213			6
2024.02.08	01:08:36.391	0.94212	0.94212			6
2024.02.08	01:08:36.421	0.94209	0.94209			6
2024.02.08	01:08:36.510	0.94208	0.94208			6
2024.02.08	01:08:37.967	0.94207	0.94207			6
2024.02.08	01:08:46.096	0.94210	0.94210			6
2024.02.08	01:08:46.246	0.94215	0.94215			6
2024.02.08	01:08:46.274	0.94216	0.94216			6
2024.02.08	01:08:46.304	0.94219	0.94219			6
2024.02.08	01:08:46.547	0.94216	0.94216			6
2024.02.08	01:08:46.577	0.94213	0.94213			6
2024.02.08	01:08:46.667	0.94212	0.94212			6
2024.02.08	01:08:46.695	0.94209	0.94209			6
2024.02.08	01:08:46.849	0.94210	0.94210			6
2024.02.08	01:09:19.089	0.94209	0.94209			6
2024.02.08	01:09:19.119	0.94207	0.94207			6
2024.02.08	01:09:41.624	0.94205	0.94205			6
2024.02.08	01:09:41.739	0.94207	0.94207			6
2024.02.08	01:09:45.557	0.94206	0.94206			6
2024.02.08	01:09:48.939	0.94207	0.94207			6
2024.02.08	01:09:51.056	0.94206	0.94206			6
2024.02.08	01:09:57.249	0.94205	0.94205			6
2024.02.08	01:10:00.080	0.94205				2
2024.02.08	01:10:30.373	0.94207	0.94207			6
2024.02.08	01:10:31.095	0.94206	0.94206			6
2024.02.08	01:10:37.451	0.94207	0.94207			6
2024.02.08	01:10:39.756	0.94206	0.94206			6
2024.02.08	01:10:41.362	0.94207	0.94207			6
2024.02.08	01:10:41.452	0.94208	0.94208			6
2024.02.08	01:10:44.040	0.94209	0.94209			6
2024.02.08	01:10:44.229	0.94208	0.94208			6
2024.02.08	01:11:00.998	0.94212	0.94212			6
2024.02.08	01:11:04.420	0.94211	0.94211			6
2024.02.08	01:11:04.660	0.94210	0.94210			6
2024.02.08	01:11:04.781	0.94211	0.94211			6
2024.02.08	01:11:04.841	0.94210	0.94210			6
2024.02.08	01:11:04.931	0.94211	0.94211			6
2024.02.08	01:11:05.681	0.94210	0.94210			6
2024.02.08	01:11:05.860	0.94211	0.94211			6
2024.02.08	01:11:06.310	0.94210	0.94210			6
2024.02.08	01:11:06.401	0.94211	0.94211			6
2024.02.08	01:11:06.900	0.94210	0.94210			6
2024.02.08	01:11:07.129	0.94211	0.94211			6
2024.02.08	01:11:07.558	0.94210	0.94210			6
2024.02.08	01:11:07.736	0.94211	0.94211			6
2024.02.08	01:11:08.029	0.94210	0.94210			6
2024.02.08	01:11:08.907	0.94213	0.94213			6
2024.02.08	01:11:08.966	0.94214	0.94214			6
2024.02.08	01:11:08.996	0.94212	0.94212			6
2024.02.08	01:11:16.690	0.94211	0.94211			6
2024.02.08	01:11:26.261	0.94210	0.94210			6
2024.02.08	01:11:26.370	0.94211	0.94211			6
2024.02.08	01:11:26.460	0.94210	0.94210			6
2024.02.08	01:11:26.568	0.94211	0.94211			6
2024.02.08	01:11:26.669	0.94210	0.94210			6
2024.02.08	01:11:26.779	0.94211	0.94211			6
2024.02.08	01:11:26.894	0.94210	0.94210			6
2024.02.08	01:11:26.966	0.94211	0.94211			6
2024.02.08	01:11:27.087	0.94210	0.94210			6
2024.02.08	01:11:27.180	0.94211	0.94211			6
2024.02.08	01:11:27.290	0.94210	0.94210			6
2024.02.08	01:11:27.376	0.94211	0.94211			6
2024.02.08	01:11:35.998	0.94212	0.94212			6
2024.02.08	01:11:37.109	0.94213	0.94213			6
2024.02.08	01:11:37.141	0.94212	0.94212			6
2024.02.08	01:11:37.320	0.94213	0.94213			6
2024.02.08	01:11:37.349	0.94212	0.94212			6
2024.02.08	01:11:37.418	0.94213	0.94213			6
2024.02.08	01:11:37.790	0.94212	0.94212			6
2024.02.08	01:11:41.335	0.94214	0.94214			6
2024.02.08	01:11:41.365	0.94216	0.94216			6
2024.02.08	01:11:41.728	0.94217	0.94217			6
2024.02.08	01:11:44.530	0.94216	0.94216			6
2024.02.08	01:11:45.189	0.94217	0.94217			6
2024.02.08	01:11:45.520	0.94216	0.94216			6
2024.02.08	01:11:47.238	0.94214	0.94214			6
2024.02.08	01:11:47.508	0.94215	0.94215			6
2024.02.08	01:11:48.596	0.94216	0.94216			6
2024.02.08	01:11:48.656	0.94214	0.94214			6
2024.02.08	01:12:00.200	0.94215	0.94215			6
2024.02.08	01:12:00.320	0.94216	0.94216			6
2024.02.08	01:12:00.351	0.94215	0.94215			6
2024.02.08	01:12:00.501	0.94216	0.94216			6
2024.02.08	01:12:00.531	0.94215	0.94215			6
2024.02.08	01:12:00.560	0.94216	0.94216			6
2024.02.08	01:12:11.308	0.94215	0.94215			6
2024.02.08	01:12:18.900	0.94216	0.94216			6
2024.02.08	01:12:41.784	0.94215	0.94215			6
2024.02.08	01:12:42.046	0.94216	0.94216			6
2024.02.08	01:12:44.202	0.94215	0.94215			6
2024.02.08	01:12:46.400	0.94214	0.94214			6
2024.02.08	01:13:00.460	0.94215	0.94215			6
2024.02.08	01:13:00.559	0.94214	0.94214			6
2024.02.08	01:13:00.590	0.94215	0.94215			6
2024.02.08	01:13:00.621	0.94216	0.94216			6
2024.02.08	01:13:00.680	0.94215	0.94215			6
2024.02.08	01:13:00.800	0.94216	0.94216			6
2024.02.08	01:13:00.949	0.94215	0.94215			6
2024.02.08	01:13:00.980	0.94214	0.94214			6
2024.02.08	01:13:01.010	0.94213	0.94213			6
2024.02.08	01:13:05.819	0.94211	0.94211			6
2024.02.08	01:13:06.361	0.94216	0.94216			6
2024.02.08	01:13:06.710	0.94215	0.94215			6
2024.02.08	01:13:07.181	0.94214	0.94214			6
2024.02.08	01:13:07.210	0.94213	0.94213			6
2024.02.08	01:13:07.240	0.94212	0.94212			6
2024.02.08	01:13:08.337	0.94211	0.94211			6
2024.02.08	01:13:11.671	0.94212	0.94212			6
2024.02.08	01:13:11.701	0.94211	0.94211			6
2024.02.08	01:13:11.731	0.94212	0.94212			6
2024.02.08	01:13:11.761	0.94211	0.94211			6
2024.02.08	01:13:11.791	0.94212	0.94212			6
2024.02.08	01:13:11.851	0.94211	0.94211			6
2024.02.08	01:13:12.024	0.94212	0.94212			6
2024.02.08	01:13:12.144	0.94211	0.94211			6
2024.02.08	01:13:12.174	0.94212	0.94212			6
2024.02.08	01:13:12.841	0.94213	0.94213			6
2024.02.08	01:13:14.411	0.94212	0.94212			6
2024.02.08	01:13:14.472	0.94213	0.94213			6
2024.02.08	01:13:14.592	0.94212	0.94212			6
2024.02.08	01:13:15.291	0.94213	0.94213			6
2024.02.08	01:13:15.381	0.94212	0.94212			6
2024.02.08	01:13:15.410	0.94213	0.94213			6
2024.02.08	01:13:15.470	0.94212	0.94212			6
2024.02.08	01:13:16.009	0.94213	0.94213			6
2024.02.08	01:13:17.090	0.94210	0.94210			6
2024.02.08	01:13:17.120	0.94209	0.94209			6
2024.02.08	01:13:17.151	0.94207	0.94207			6
2024.02.08	01:13:17.181	0.94206	0.94206			6
2024.02.08	01:13:17.211	0.94205	0.94205			6
2024.02.08	01:13:19.584	0.94204	0.94204			6
2024.02.08	01:13:22.808	0.94203	0.94203			6
2024.02.08	01:13:25.340	0.94204	0.94204			6
2024.02.08	01:13:26.176	0.94205	0.94205			6
2024.02.08	01:13:26.237	0.94206	0.94206			6
2024.02.08	01:13:26.327	0.94207	0.94207			6
2024.02.08	01:13:48.840	0.94206	0.94206			6
2024.02.08	01:13:53.890	0.94207	0.94207			6
2024.02.08	01:13:59.231	0.94209	0.94209			6
2024.02.08	01:13:59.261	0.94212	0.94212			6
2024.02.08	01:13:59.320	0.94213	0.94213			6
2024.02.08	01:13:59.350	0.94214	0.94214			6
2024.02.08	01:14:01.019	0.94214				2
2024.02.08	01:14:02.470	0.94213	0.94213			6
2024.02.08	01:14:03.219	0.94214	0.94214			6
2024.02.08	01:14:03.930	0.94215	0.94215			6
2024.02.08	01:14:03.961	0.94216	0.94216			6
2024.02.08	01:14:09.210	0.94215	0.94215			6
2024.02.08	01:14:13.031	0.94214	0.94214			6
2024.02.08	01:14:13.585	0.94215	0.94215			6
2024.02.08	01:14:14.731	0.94214	0.94214			6
2024.02.08	01:15:00.090	0.94214				2
2024.02.08	01:15:03.825	0.94215	0.94215			6
2024.02.08	01:15:11.713	0.94216	0.94216			6
2024.02.08	01:15:11.743	0.94215	0.94215			6
2024.02.08	01:15:12.047	0.94214	0.94214			6
2024.02.08	01:15:12.860	0.94215	0.94215			6
2024.02.08	01:15:31.138	0.94214	0.94214			6
2024.02.08	01:15:32.232	0.94215	0.94215			6
2024.02.08	01:15:34.933	0.94214	0.94214			6
2024.02.08	01:15:37.443	0.94215	0.94215			6
2024.02.08	01:15:38.323	0.94214	0.94214			6
2024.02.08	01:15:39.959	0.94215	0.94215			6
2024.02.08	01:15:40.924	0.94216	0.94216			6
2024.02.08	01:15:47.631	0.94215	0.94215			6
2024.02.08	01:15:58.094	0.94216	0.94216			6
2024.02.08	01:15:58.212	0.94215	0.94215			6
2024.02.08	01:15:58.664	0.94216	0.94216			6
2024.02.08	01:15:58.920	0.94215	0.94215			6
2024.02.08	01:16:05.310	0.94215				2
2024.02.08	01:16:18.049	0.94212	0.94212			6
2024.02.08	01:16:18.078	0.94211	0.94211			6
2024.02.08	01:16:18.108	0.94209	0.94209			6
2024.02.08	01:16:19.262	0.94208	0.94208			6
2024.02.08	01:16:19.291	0.94207	0.94207			6
2024.02.08	01:16:19.321	0.94208	0.94208			6
2024.02.08	01:16:19.590	0.94210	0.94210			6
2024.02.08	01:16:20.381	0.94209	0.94209			6
2024.02.08	01:16:21.590	0.94210	0.94210			6
2024.02.08	01:16:21.880	0.94209	0.94209			6
2024.02.08	01:16:22.146	0.94210	0.94210			6
2024.02.08	01:16:22.177	0.94209	0.94209			6
2024.02.08	01:16:22.386	0.94208	0.94208			6
2024.02.08	01:16:25.581	0.94209	0.94209			6
2024.02.08	01:16:31.884	0.94212	0.94212			6
2024.02.08	01:16:31.913	0.94213	0.94213			6
2024.02.08	01:16:32.151	0.94212	0.94212			6
2024.02.08	01:16:32.969	0.94213	0.94213			6
2024.02.08	01:16:33.702	0.94212	0.94212			6
2024.02.08	01:16:34.063	0.94211	0.94211			6
2024.02.08	01:16:35.051	0.94212	0.94212			6
2024.02.08	01:16:39.239	0.94211	0.94211			6
2024.02.08	01:16:40.798	0.94212	0.94212			6
2024.02.08	01:16:43.079	0.94211	0.94211			6
2024.02.08	01:16:43.856	0.94212	0.94212			6
2024.02.08	01:16:49.309	0.94210	0.94210			6
2024.02.08	01:16:49.581	0.94211	0.94211			6
2024.02.08	01:16:51.025	0.94210	0.94210			6
2024.02.08	01:16:54.001	0.94211	0.94211			6
2024.02.08	01:16:54.268	0.94210	0.94210			6
2024.02.08	01:16:54.420	0.94211	0.94211			6
2024.02.08	01:16:57.228	0.94212	0.94212			6
2024.02.08	01:16:57.288	0.94213	0.94213			6
2024.02.08	01:17:02.649	0.94213				2
2024.02.08	01:17:10.986	0.94212	0.94212			6
2024.02.08	01:17:16.070	0.94213	0.94213			6
2024.02.08	01:17:16.101	0.94214	0.94214			6
2024.02.08	01:17:16.339	0.94213	0.94213			6
2024.02.08	01:17:20.300	0.94214	0.94214			6
2024.02.08	01:17:21.157	0.94213	0.94213			6
2024.02.08	01:17:30.208	0.94214	0.94214			6
2024.02.08	01:17:37.216	0.94215	0.94215			6
2024.02.08	01:17:44.183	0.94214	0.94214			6
2024.02.08	01:17:46.012	0.94215	0.94215			6
2024.02.08	01:17:46.292	0.94214	0.94214			6
2024.02.08	01:17:48.419	0.94215	0.94215			6
2024.02.08	01:17:55.144	0.94214	0.94214			6
2024.02.08	01:17:55.234	0.94215	0.94215			6
2024.02.08	01:18:00.079	0.94215				2
2024.02.08	01:18:00.709	0.94214	0.94214			6
2024.02.08	01:18:01.131	0.94215	0.94215			6
2024.02.08	01:19:30.889	0.94215	0.94215			6
2024.02.08	01:19:31.134	0.94214	0.94214			6
2024.02.08	01:19:55.879	0.94215	0.94215			6
2024.02.08	01:19:56.000	0.94214	0.94214			6
2024.02.08	01:19:56.479	0.94213	0.94213			6
2024.02.08	01:20:00.612	0.94214	0.94214			6
2024.02.08	01:20:12.931	0.94215	0.94215			6
2024.02.08	01:20:14.961	0.94216	0.94216			6
2024.02.08	01:20:15.232	0.94217	0.94217			6
2024.02.08	01:20:32.949	0.94216	0.94216			6
2024.02.08	01:20:36.057	0.94215	0.94215			6
2024.02.08	01:20:36.339	0.94216	0.94216			6
2024.02.08	01:20:37.992	0.94215	0.94215			6
2024.02.08	01:20:38.415	0.94216	0.94216			6
2024.02.08	01:20:46.711	0.94215	0.94215			6
2024.02.08	01:20:48.618	0.94216	0.94216			6
2024.02.08	01:21:05.044	0.94215	0.94215			6
2024.02.08	01:21:12.460	0.94216	0.94216			6
2024.02.08	01:21:12.944	0.94217	0.94217			6
2024.02.08	01:21:12.974	0.94216	0.94216			6
2024.02.08	01:21:15.489	0.94217	0.94217			6
2024.02.08	01:21:19.991	0.94216	0.94216			6
2024.02.08	01:21:20.575	0.94215	0.94215			6
2024.02.08	01:21:25.257	0.94216	0.94216			6
2024.02.08	01:21:25.649	0.94215	0.94215			6
2024.02.08	01:21:26.137	0.94216	0.94216			6
2024.02.08	01:21:30.767	0.94215	0.94215			6
2024.02.08	01:21:31.697	0.94216	0.94216			6
2024.02.08	01:21:35.488	0.94217	0.94217			6
2024.02.08	01:21:36.955	0.94216	0.94216			6
2024.02.08	01:21:37.994	0.94215	0.94215			6
2024.02.08	01:21:39.261	0.94216	0.94216			6
2024.02.08	01:21:40.047	0.94215	0.94215			6
2024.02.08	01:22:02.209	0.94215				2
2024.02.08	01:22:05.314	0.94216	0.94216			6
2024.02.08	01:22:05.372	0.94215	0.94215			6
2024.02.08	01:22:07.669	0.94216	0.94216			6
2024.02.08	01:22:13.636	0.94215	0.94215			6
2024.02.08	01:22:15.937	0.94216	0.94216			6
2024.02.08	01:22:18.698	0.94215	0.94215			6
2024.02.08	01:22:21.701	0.94216	0.94216			6
2024.02.08	01:22:38.798	0.94215	0.94215			6
2024.02.08	01:22:46.079	0.94214	0.94214			6
2024.02.08	01:22:46.558	0.94215	0.94215			6
2024.02.08	01:22:46.786	0.94214	0.94214			6
2024.02.08	01:22:48.067	0.94215	0.94215			6
2024.02.08	01:22:58.669	0.94214	0.94214			6
2024.02.08	01:22:58.842	0.94215	0.94215			6
2024.02.08	01:22:59.008	0.94216	0.94216			6
2024.02.08	01:23:00.121	0.94216				2
2024.02.08	01:23:03.774	0.94215	0.94215			6
2024.02.08	01:23:08.479	0.94216	0.94216			6
2024.02.08	01:23:09.588	0.94215	0.94215			6
2024.02.08	01:23:10.499	0.94216	0.94216			6
2024.02.08	01:23:10.848	0.94215	0.94215			6
2024.02.08	01:23:11.184	0.94216	0.94216			6
2024.02.08	01:23:20.028	0.94219	0.94219			6
2024.02.08	01:23:20.057	0.94220	0.94220			6
2024.02.08	01:23:20.298	0.94219	0.94219			6
2024.02.08	01:23:22.409	0.94218	0.94218			6
2024.02.08	01:23:33.088	0.94219	0.94219			6
2024.02.08	01:23:36.819	0.94221	0.94221			6
2024.02.08	01:23:37.069	0.94220	0.94220			6
2024.02.08	01:23:37.809	0.94219	0.94219			6
2024.02.08	01:23:45.839	0.94218	0.94218			6
2024.02.08	01:23:51.919	0.94219	0.94219			6
2024.02.08	01:23:52.530	0.94218	0.94218			6
2024.02.08	01:23:53.689	0.94219	0.94219			6
2024.02.08	01:23:58.797	0.94220	0.94220			6
2024.02.08	01:23:58.949	0.94224	0.94224			6
2024.02.08	01:23:58.979	0.94225	0.94225			6
2024.02.08	01:23:59.098	0.94226	0.94226			6
2024.02.08	01:23:59.849	0.94227	0.94227			6
2024.02.08	01:24:00.549	0.94227				2
2024.02.08	01:24:00.751	0.94226	0.94226			6
2024.02.08	01:24:01.787	0.94227	0.94227			6
2024.02.08	01:24:14.759	0.94226	0.94226			6
2024.02.08	01:24:20.840	0.94223	0.94223			6
2024.02.08	01:24:20.960	0.94224	0.94224			6
2024.02.08	01:24:21.141	0.94226	0.94226			6
2024.02.08	01:24:24.818	0.94225	0.94225			6
2024.02.08	01:24:25.087	0.94226	0.94226			6
2024.02.08	01:24:25.696	0.94225	0.94225			6
2024.02.08	01:24:29.083	0.94226	0.94226			6
2024.02.08	01:24:34.868	0.94227	0.94227			6
2024.02.08	01:24:37.809	0.94226	0.94226			6
2024.02.08	01:24:39.819	0.94227	0.94227			6
2024.02.08	01:24:56.216	0.94226	0.94226			6
2024.02.08	01:24:56.752	0.94227	0.94227			6
2024.02.08	01:25:01.877	0.94227				2
2024.02.08	01:25:08.197	0.94228	0.94228			6
2024.02.08	01:25:08.377	0.94229	0.94229			6
2024.02.08	01:25:18.689	0.94230	0.94230			6
2024.02.08	01:25:19.086	0.94229	0.94229			6
2024.02.08	01:25:24.192	0.94228	0.94228			6
2024.02.08	01:25:40.968	0.94227	0.94227			6
2024.02.08	01:25:53.417	0.94228	0.94228			6
2024.02.08	01:25:53.685	0.94227	0.94227			6
2024.02.08	01:25:57.648	0.94228	0.94228			6
2024.02.08	01:25:58.178	0.94227	0.94227			6
2024.02.08	01:25:59.177	0.94228	0.94228			6
2024.02.08	01:26:00.092	0.94227	0.94227			6
2024.02.08	01:26:00.332	0.94226	0.94226			6
2024.02.08	01:26:02.395	0.94227	0.94227			6
2024.02.08	01:26:02.697	0.94228	0.94228			6
2024.02.08	01:26:03.808	0.94227	0.94227			6
2024.02.08	01:26:16.220	0.94226	0.94226			6
