<DATE>	<TIME>	<BID>	<ASK>	<LAST>	<VOLUME>	<FLAGS>
2024.05.13	00:00:01.348	0.97652	0.97652			6
2024.05.13	00:00:13.461	0.97642	0.97642			6
2024.05.13	00:04:01.648	0.97635	0.97635			6
2024.05.13	00:05:51.617	0.97631	0.97631			6
2024.05.13	00:05:51.646	0.97624	0.97624			6
2024.05.13	00:10:56.292	0.97637	0.97637			6
2024.05.13	00:10:59.473	0.97636	0.97636			6
2024.05.13	00:12:08.465	0.97637	0.97637			6
2024.05.13	00:12:08.494	0.97639	0.97639			6
2024.05.13	00:12:08.555	0.97637	0.97637			6
2024.05.13	00:12:20.089	0.97636	0.97636			6
2024.05.13	00:12:29.725	0.97637	0.97637			6
2024.05.13	00:12:38.099	0.97636	0.97636			6
2024.05.13	00:13:11.578	0.97635	0.97635			6
2024.05.13	00:14:00.356	0.97636	0.97636			6
2024.05.13	00:14:22.802	0.97635	0.97635			6
2024.05.13	00:14:49.869	0.97636	0.97636			6
2024.05.13	00:15:00.415	0.97637	0.97637			6
2024.05.13	00:15:10.013	0.97636	0.97636			6
2024.05.13	00:15:40.831	0.97635	0.97635			6
2024.05.13	00:16:04.743	0.97632	0.97632			6
2024.05.13	00:16:07.333	0.97633	0.97633			6
2024.05.13	00:16:09.131	0.97627	0.97627			6
2024.05.13	00:16:09.251	0.97626	0.97626			6
2024.05.13	00:16:09.319	0.97628	0.97628			6
2024.05.13	00:16:09.348	0.97625	0.97625			6
2024.05.13	00:16:16.697	0.97624	0.97624			6
2024.05.13	00:16:16.727	0.97623	0.97623			6
2024.05.13	00:16:16.756	0.97622	0.97622			6
2024.05.13	00:16:17.268	0.97621	0.97621			6
2024.05.13	00:16:20.530	0.97618	0.97618			6
2024.05.13	00:16:20.560	0.97623	0.97623			6
2024.05.13	00:16:20.590	0.97621	0.97621			6
2024.05.13	00:16:20.620	0.97620	0.97620			6
2024.05.13	00:16:22.113	0.97623	0.97623			6
2024.05.13	00:16:22.143	0.97620	0.97620			6
2024.05.13	00:16:22.173	0.97622	0.97622			6
2024.05.13	00:16:31.180	0.97620	0.97620			6
2024.05.13	00:16:31.210	0.97607	0.97607			6
2024.05.13	00:16:33.561	0.97605	0.97605			6
2024.05.13	00:16:36.830	0.97603	0.97603			6
2024.05.13	00:16:39.242	0.97606	0.97606			6
2024.05.13	00:16:40.330	0.97604	0.97604			6
2024.05.13	00:16:41.760	0.97601	0.97601			6
2024.05.13	00:16:43.563	0.97602	0.97602			6
2024.05.13	00:16:44.328	0.97601	0.97601			6
2024.05.13	00:16:50.427	0.97598	0.97598			6
2024.05.13	00:16:51.335	0.97596	0.97596			6
2024.05.13	00:16:51.827	0.97594	0.97594			6
2024.05.13	00:16:52.319	0.97595	0.97595			6
2024.05.13	00:16:52.379	0.97597	0.97597			6
2024.05.13	00:17:05.322	0.97595	0.97595			6
2024.05.13	00:17:05.352	0.97596	0.97596			6
2024.05.13	00:17:05.382	0.97594	0.97594			6
2024.05.13	00:17:06.357	0.97595	0.97595			6
2024.05.13	00:17:50.419	0.97594	0.97594			6
2024.05.13	00:17:52.629	0.97595	0.97595			6
2024.05.13	00:17:52.689	0.97593	0.97593			6
2024.05.13	00:17:53.741	0.97594	0.97594			6
2024.05.13	00:18:00.471	0.97595	0.97595			6
2024.05.13	00:18:00.531	0.97593	0.97593			6
2024.05.13	00:18:01.578	0.97595	0.97595			6
2024.05.13	00:18:03.171	0.97596	0.97596			6
2024.05.13	00:18:03.229	0.97595	0.97595			6
2024.05.13	00:18:05.994	0.97594	0.97594			6
2024.05.13	00:18:10.288	0.97595	0.97595			6
2024.05.13	00:18:14.839	0.97596	0.97596			6
2024.05.13	00:18:16.030	0.97591	0.97591			6
2024.05.13	00:18:16.062	0.97593	0.97593			6
2024.05.13	00:18:16.089	0.97592	0.97592			6
2024.05.13	00:18:17.072	0.97596	0.97596			6
2024.05.13	00:18:20.810	0.97595	0.97595			6
2024.05.13	00:18:20.839	0.97598	0.97598			6
2024.05.13	00:18:32.271	0.97599	0.97599			6
2024.05.13	00:18:32.331	0.97595	0.97595			6
2024.05.13	00:18:57.659	0.97602	0.97602			6
2024.05.13	00:18:58.707	0.97598	0.97598			6
2024.05.13	00:19:15.964	0.97596	0.97596			6
2024.05.13	00:19:15.994	0.97597	0.97597			6
2024.05.13	00:19:16.024	0.97593	0.97593			6
2024.05.13	00:19:16.432	0.97594	0.97594			6
2024.05.13	00:19:16.461	0.97592	0.97592			6
2024.05.13	00:19:16.996	0.97594	0.97594			6
2024.05.13	00:19:17.025	0.97596	0.97596			6
2024.05.13	00:19:19.519	0.97597	0.97597			6
2024.05.13	00:19:24.833	0.97595	0.97595			6
2024.05.13	00:19:25.806	0.97598	0.97598			6
2024.05.13	00:19:25.836	0.97595	0.97595			6
2024.05.13	00:19:27.069	0.97594	0.97594			6
2024.05.13	00:19:35.834	0.97596	0.97596			6
2024.05.13	00:19:35.864	0.97597	0.97597			6
2024.05.13	00:19:53.770	0.97596	0.97596			6
2024.05.13	00:20:03.875	0.97593	0.97593			6
2024.05.13	00:20:05.902	0.97600	0.97600			6
2024.05.13	00:20:06.318	0.97597	0.97597			6
2024.05.13	00:20:30.246	0.97599	0.97599			6
2024.05.13	00:20:35.344	0.97594	0.97594			6
2024.05.13	00:20:37.734	0.97595	0.97595			6
2024.05.13	00:20:37.765	0.97597	0.97597			6
2024.05.13	00:20:38.760	0.97596	0.97596			6
2024.05.13	00:20:38.820	0.97595	0.97595			6
2024.05.13	00:20:38.878	0.97598	0.97598			6
2024.05.13	00:20:44.864	0.97597	0.97597			6
2024.05.13	00:20:44.893	0.97596	0.97596			6
2024.05.13	00:20:45.892	0.97598	0.97598			6
2024.05.13	00:20:46.889	0.97596	0.97596			6
2024.05.13	00:20:47.886	0.97598	0.97598			6
2024.05.13	00:20:48.871	0.97597	0.97597			6
2024.05.13	00:20:49.902	0.97598	0.97598			6
2024.05.13	00:20:50.883	0.97597	0.97597			6
2024.05.13	00:20:51.877	0.97598	0.97598			6
2024.05.13	00:20:52.900	0.97597	0.97597			6
2024.05.13	00:20:53.874	0.97596	0.97596			6
2024.05.13	00:20:53.904	0.97598	0.97598			6
2024.05.13	00:20:54.904	0.97597	0.97597			6
2024.05.13	00:20:55.912	0.97598	0.97598			6
2024.05.13	00:20:56.914	0.97597	0.97597			6
2024.05.13	00:20:57.932	0.97598	0.97598			6
2024.05.13	00:20:58.912	0.97597	0.97597			6
2024.05.13	00:20:59.911	0.97598	0.97598			6
2024.05.13	00:21:00.889	0.97597	0.97597			6
2024.05.13	00:21:01.919	0.97598	0.97598			6
2024.05.13	00:21:02.309	0.97593	0.97593			6
2024.05.13	00:21:02.339	0.97590	0.97590			6
2024.05.13	00:21:02.370	0.97592	0.97592			6
2024.05.13	00:21:02.399	0.97593	0.97593			6
2024.05.13	00:21:02.430	0.97592	0.97592			6
2024.05.13	00:21:02.521	0.97591	0.97591			6
2024.05.13	00:21:03.327	0.97592	0.97592			6
2024.05.13	00:21:03.358	0.97595	0.97595			6
2024.05.13	00:21:03.978	0.97597	0.97597			6
2024.05.13	00:21:04.008	0.97598	0.97598			6
2024.05.13	00:21:05.492	0.97596	0.97596			6
2024.05.13	00:21:05.522	0.97595	0.97595			6
2024.05.13	00:21:05.552	0.97593	0.97593			6
2024.05.13	00:21:05.582	0.97592	0.97592			6
2024.05.13	00:21:06.219	0.97591	0.97591			6
2024.05.13	00:21:06.581	0.97592	0.97592			6
2024.05.13	00:21:06.611	0.97595	0.97595			6
2024.05.13	00:21:07.217	0.97597	0.97597			6
2024.05.13	00:21:08.214	0.97596	0.97596			6
2024.05.13	00:21:09.213	0.97597	0.97597			6
2024.05.13	00:21:10.193	0.97596	0.97596			6
2024.05.13	00:21:11.217	0.97597	0.97597			6
2024.05.13	00:21:12.221	0.97596	0.97596			6
2024.05.13	00:21:13.224	0.97597	0.97597			6
2024.05.13	00:21:14.218	0.97596	0.97596			6
2024.05.13	00:21:15.205	0.97597	0.97597			6
2024.05.13	00:21:17.229	0.97598	0.97598			6
2024.05.13	00:21:18.200	0.97597	0.97597			6
2024.05.13	00:21:19.154	0.97596	0.97596			6
2024.05.13	00:21:19.215	0.97597	0.97597			6
2024.05.13	00:21:20.703	0.97596	0.97596			6
2024.05.13	00:21:21.207	0.97597	0.97597			6
2024.05.13	00:21:22.260	0.97596	0.97596			6
2024.05.13	00:21:23.242	0.97597	0.97597			6
2024.05.13	00:21:27.101	0.97586	0.97586			6
2024.05.13	00:21:27.554	0.97588	0.97588			6
2024.05.13	00:21:37.251	0.97587	0.97587			6
2024.05.13	00:21:38.264	0.97588	0.97588			6
2024.05.13	00:21:39.287	0.97587	0.97587			6
2024.05.13	00:21:40.271	0.97588	0.97588			6
2024.05.13	00:21:49.252	0.97587	0.97587			6
2024.05.13	00:21:50.283	0.97588	0.97588			6
2024.05.13	00:21:55.291	0.97587	0.97587			6
2024.05.13	00:21:56.293	0.97588	0.97588			6
2024.05.13	00:21:58.263	0.97587	0.97587			6
2024.05.13	00:21:59.252	0.97588	0.97588			6
2024.05.13	00:22:00.659	0.97587	0.97587			6
2024.05.13	00:22:01.279	0.97588	0.97588			6
2024.05.13	00:22:07.269	0.97587	0.97587			6
2024.05.13	00:22:08.285	0.97588	0.97588			6
2024.05.13	00:22:08.375	0.97577	0.97577			6
2024.05.13	00:22:08.434	0.97579	0.97579			6
2024.05.13	00:22:09.140	0.97583	0.97583			6
2024.05.13	00:22:09.390	0.97582	0.97582			6
2024.05.13	00:22:11.142	0.97583	0.97583			6
2024.05.13	00:22:11.202	0.97585	0.97585			6
2024.05.13	00:22:12.144	0.97586	0.97586			6
2024.05.13	00:22:13.120	0.97585	0.97585			6
2024.05.13	00:22:22.150	0.97587	0.97587			6
2024.05.13	00:22:23.152	0.97586	0.97586			6
2024.05.13	00:22:24.151	0.97587	0.97587			6
2024.05.13	00:22:25.156	0.97586	0.97586			6
2024.05.13	00:22:26.151	0.97587	0.97587			6
2024.05.13	00:22:27.153	0.97586	0.97586			6
2024.05.13	00:22:29.079	0.97587	0.97587			6
2024.05.13	00:22:29.170	0.97586	0.97586			6
2024.05.13	00:22:30.154	0.97587	0.97587			6
2024.05.13	00:22:31.152	0.97586	0.97586			6
2024.05.13	00:22:32.143	0.97587	0.97587			6
2024.05.13	00:22:36.161	0.97586	0.97586			6
2024.05.13	00:22:37.176	0.97587	0.97587			6
2024.05.13	00:22:38.176	0.97586	0.97586			6
2024.05.13	00:22:39.175	0.97587	0.97587			6
2024.05.13	00:22:56.176	0.97586	0.97586			6
2024.05.13	00:22:57.170	0.97587	0.97587			6
2024.05.13	00:22:58.191	0.97586	0.97586			6
2024.05.13	00:22:59.186	0.97587	0.97587			6
2024.05.13	00:22:59.758	0.97578	0.97578			6
2024.05.13	00:23:00.252	0.97581	0.97581			6
2024.05.13	00:23:00.555	0.97582	0.97582			6
2024.05.13	00:23:00.806	0.97586	0.97586			6
2024.05.13	00:23:00.926	0.97587	0.97587			6
2024.05.13	00:23:01.556	0.97586	0.97586			6
2024.05.13	00:23:06.552	0.97587	0.97587			6
2024.05.13	00:23:16.565	0.97586	0.97586			6
2024.05.13	00:23:17.587	0.97587	0.97587			6
2024.05.13	00:23:18.588	0.97586	0.97586			6
2024.05.13	00:23:19.588	0.97587	0.97587			6
2024.05.13	00:23:20.588	0.97586	0.97586			6
2024.05.13	00:23:21.597	0.97587	0.97587			6
2024.05.13	00:23:22.588	0.97586	0.97586			6
2024.05.13	00:23:23.601	0.97587	0.97587			6
2024.05.13	00:23:24.589	0.97586	0.97586			6
2024.05.13	00:23:25.581	0.97587	0.97587			6
2024.05.13	00:23:36.608	0.97586	0.97586			6
2024.05.13	00:23:37.623	0.97587	0.97587			6
2024.05.13	00:23:38.608	0.97586	0.97586			6
2024.05.13	00:23:39.632	0.97587	0.97587			6
2024.05.13	00:23:40.621	0.97586	0.97586			6
2024.05.13	00:23:41.633	0.97587	0.97587			6
2024.05.13	00:23:42.609	0.97586	0.97586			6
2024.05.13	00:23:43.637	0.97587	0.97587			6
2024.05.13	00:23:43.910	0.97579	0.97579			6
2024.05.13	00:23:43.970	0.97581	0.97581			6
2024.05.13	00:23:44.642	0.97582	0.97582			6
2024.05.13	00:23:44.966	0.97584	0.97584			6
2024.05.13	00:23:44.996	0.97586	0.97586			6
2024.05.13	00:23:45.620	0.97587	0.97587			6
2024.05.13	00:23:45.650	0.97586	0.97586			6
2024.05.13	00:23:46.651	0.97587	0.97587			6
2024.05.13	00:23:56.654	0.97586	0.97586			6
2024.05.13	00:23:57.674	0.97587	0.97587			6
2024.05.13	00:23:58.669	0.97586	0.97586			6
2024.05.13	00:23:59.675	0.97587	0.97587			6
2024.05.13	00:24:00.680	0.97586	0.97586			6
2024.05.13	00:24:01.652	0.97587	0.97587			6
2024.05.13	00:24:04.663	0.97586	0.97586			6
2024.05.13	00:24:05.688	0.97587	0.97587			6
2024.05.13	00:24:12.702	0.97586	0.97586			6
2024.05.13	00:24:13.682	0.97588	0.97588			6
2024.05.13	00:24:14.684	0.97587	0.97587			6
2024.05.13	00:24:15.710	0.97588	0.97588			6
2024.05.13	00:24:16.697	0.97586	0.97586			6
2024.05.13	00:24:17.312	0.97587	0.97587			6
2024.05.13	00:24:17.341	0.97588	0.97588			6
2024.05.13	00:24:18.352	0.97587	0.97587			6
2024.05.13	00:24:19.208	0.97588	0.97588			6
2024.05.13	00:24:20.214	0.97587	0.97587			6
2024.05.13	00:24:21.216	0.97588	0.97588			6
2024.05.13	00:24:22.210	0.97587	0.97587			6
2024.05.13	00:24:23.221	0.97588	0.97588			6
2024.05.13	00:24:24.210	0.97587	0.97587			6
2024.05.13	00:24:25.197	0.97588	0.97588			6
2024.05.13	00:24:26.209	0.97587	0.97587			6
2024.05.13	00:24:27.228	0.97588	0.97588			6
2024.05.13	00:24:28.212	0.97587	0.97587			6
2024.05.13	00:24:29.222	0.97588	0.97588			6
2024.05.13	00:24:30.209	0.97587	0.97587			6
2024.05.13	00:24:31.233	0.97588	0.97588			6
2024.05.13	00:24:32.246	0.97587	0.97587			6
2024.05.13	00:24:33.218	0.97588	0.97588			6
2024.05.13	00:24:34.231	0.97587	0.97587			6
2024.05.13	00:24:35.243	0.97588	0.97588			6
2024.05.13	00:24:37.211	0.97587	0.97587			6
2024.05.13	00:24:37.860	0.97588	0.97588			6
2024.05.13	00:24:44.551	0.97592	0.97592			6
2024.05.13	00:24:45.121	0.97591	0.97591			6
2024.05.13	00:24:45.150	0.97589	0.97589			6
2024.05.13	00:24:45.582	0.97588	0.97588			6
2024.05.13	00:24:45.921	0.97587	0.97587			6
2024.05.13	00:24:45.951	0.97586	0.97586			6
2024.05.13	00:24:45.981	0.97588	0.97588			6
2024.05.13	00:24:46.010	0.97586	0.97586			6
2024.05.13	00:24:46.191	0.97589	0.97589			6
2024.05.13	00:24:46.221	0.97590	0.97590			6
2024.05.13	00:24:46.943	0.97592	0.97592			6
2024.05.13	00:24:47.843	0.97589	0.97589			6
2024.05.13	00:24:48.496	0.97588	0.97588			6
2024.05.13	00:24:48.597	0.97586	0.97586			6
2024.05.13	00:24:49.551	0.97587	0.97587			6
2024.05.13	00:24:49.580	0.97589	0.97589			6
2024.05.13	00:24:50.559	0.97590	0.97590			6
2024.05.13	00:24:50.590	0.97591	0.97591			6
2024.05.13	00:24:50.619	0.97589	0.97589			6
2024.05.13	00:24:51.597	0.97590	0.97590			6
2024.05.13	00:24:53.598	0.97591	0.97591			6
2024.05.13	00:24:54.612	0.97590	0.97590			6
2024.05.13	00:24:55.611	0.97591	0.97591			6
2024.05.13	00:24:55.781	0.97592	0.97592			6
2024.05.13	00:24:56.586	0.97590	0.97590			6
2024.05.13	00:24:57.600	0.97591	0.97591			6
2024.05.13	00:24:58.609	0.97590	0.97590			6
2024.05.13	00:24:59.590	0.97591	0.97591			6
2024.05.13	00:25:01.853	0.97592	0.97592			6
2024.05.13	00:25:01.883	0.97606	0.97606			6
2024.05.13	00:25:08.612	0.97607	0.97607			6
2024.05.13	00:25:09.621	0.97606	0.97606			6
2024.05.13	00:25:10.602	0.97607	0.97607			6
2024.05.13	00:25:11.638	0.97606	0.97606			6
2024.05.13	00:25:12.638	0.97607	0.97607			6
2024.05.13	00:25:13.622	0.97606	0.97606			6
2024.05.13	00:25:14.642	0.97607	0.97607			6
2024.05.13	00:25:16.643	0.97606	0.97606			6
2024.05.13	00:25:17.638	0.97607	0.97607			6
2024.05.13	00:25:20.643	0.97606	0.97606			6
2024.05.13	00:25:21.560	0.97605	0.97605			6
2024.05.13	00:25:21.650	0.97607	0.97607			6
2024.05.13	00:25:22.063	0.97606	0.97606			6
2024.05.13	00:25:22.124	0.97603	0.97603			6
2024.05.13	00:25:23.073	0.97605	0.97605			6
2024.05.13	00:25:24.009	0.97604	0.97604			6
2024.05.13	00:25:24.068	0.97607	0.97607			6
2024.05.13	00:25:24.371	0.97606	0.97606			6
2024.05.13	00:25:24.461	0.97605	0.97605			6
2024.05.13	00:25:25.374	0.97606	0.97606			6
2024.05.13	00:25:25.405	0.97607	0.97607			6
2024.05.13	00:25:26.398	0.97606	0.97606			6
2024.05.13	00:25:27.383	0.97607	0.97607			6
2024.05.13	00:25:29.402	0.97605	0.97605			6
2024.05.13	00:25:37.417	0.97607	0.97607			6
2024.05.13	00:25:46.460	0.97606	0.97606			6
2024.05.13	00:25:47.431	0.97605	0.97605			6
2024.05.13	00:25:48.430	0.97607	0.97607			6
2024.05.13	00:25:49.411	0.97606	0.97606			6
2024.05.13	00:25:49.441	0.97605	0.97605			6
2024.05.13	00:25:50.411	0.97606	0.97606			6
2024.05.13	00:25:50.441	0.97607	0.97607			6
2024.05.13	00:25:51.432	0.97606	0.97606			6
2024.05.13	00:25:52.351	0.97605	0.97605			6
2024.05.13	00:25:52.441	0.97607	0.97607			6
2024.05.13	00:25:53.444	0.97606	0.97606			6
2024.05.13	00:25:54.353	0.97605	0.97605			6
2024.05.13	00:25:54.443	0.97607	0.97607			6
2024.05.13	00:25:55.443	0.97605	0.97605			6
2024.05.13	00:25:56.445	0.97607	0.97607			6
2024.05.13	00:25:58.445	0.97605	0.97605			6
2024.05.13	00:25:59.461	0.97607	0.97607			6
2024.05.13	00:26:00.443	0.97606	0.97606			6
2024.05.13	00:26:01.460	0.97607	0.97607			6
2024.05.13	00:26:02.382	0.97606	0.97606			6
2024.05.13	00:26:02.443	0.97605	0.97605			6
2024.05.13	00:26:02.473	0.97611	0.97611			6
2024.05.13	00:26:03.368	0.97610	0.97610			6
2024.05.13	00:26:03.459	0.97606	0.97606			6
2024.05.13	00:26:04.455	0.97605	0.97605			6
2024.05.13	00:26:05.368	0.97604	0.97604			6
2024.05.13	00:26:05.459	0.97606	0.97606			6
2024.05.13	00:26:06.460	0.97605	0.97605			6
2024.05.13	00:26:07.454	0.97606	0.97606			6
2024.05.13	00:26:08.455	0.97605	0.97605			6
2024.05.13	00:26:09.448	0.97606	0.97606			6
2024.05.13	00:26:10.462	0.97605	0.97605			6
2024.05.13	00:26:11.474	0.97606	0.97606			6
2024.05.13	00:26:12.443	0.97605	0.97605			6
2024.05.13	00:26:13.452	0.97606	0.97606			6
2024.05.13	00:26:14.466	0.97605	0.97605			6
2024.05.13	00:26:15.478	0.97606	0.97606			6
2024.05.13	00:26:16.462	0.97605	0.97605			6
2024.05.13	00:26:17.482	0.97606	0.97606			6
2024.05.13	00:26:18.460	0.97605	0.97605			6
2024.05.13	00:26:19.482	0.97606	0.97606			6
2024.05.13	00:26:20.469	0.97605	0.97605			6
2024.05.13	00:26:20.656	0.97606	0.97606			6
2024.05.13	00:26:21.232	0.97605	0.97605			6
2024.05.13	00:26:22.250	0.97606	0.97606			6
2024.05.13	00:26:23.262	0.97605	0.97605			6
2024.05.13	00:26:24.252	0.97606	0.97606			6
2024.05.13	00:26:25.229	0.97605	0.97605			6
2024.05.13	00:26:26.258	0.97606	0.97606			6
2024.05.13	00:26:27.260	0.97605	0.97605			6
2024.05.13	00:26:28.261	0.97606	0.97606			6
2024.05.13	00:26:30.169	0.97607	0.97607			6
2024.05.13	00:26:38.258	0.97606	0.97606			6
2024.05.13	00:26:38.288	0.97605	0.97605			6
2024.05.13	00:26:39.250	0.97606	0.97606			6
2024.05.13	00:26:40.267	0.97605	0.97605			6
2024.05.13	00:26:41.260	0.97607	0.97607			6
2024.05.13	00:26:48.288	0.97606	0.97606			6
2024.05.13	00:26:49.303	0.97607	0.97607			6
2024.05.13	00:26:50.269	0.97606	0.97606			6
2024.05.13	00:26:50.299	0.97605	0.97605			6
2024.05.13	00:26:51.292	0.97606	0.97606			6
2024.05.13	00:26:51.899	0.97607	0.97607			6
2024.05.13	00:26:58.302	0.97606	0.97606			6
2024.05.13	00:26:59.306	0.97607	0.97607			6
2024.05.13	00:27:00.299	0.97606	0.97606			6
2024.05.13	00:27:01.317	0.97607	0.97607			6
2024.05.13	00:27:02.299	0.97606	0.97606			6
2024.05.13	00:27:03.301	0.97607	0.97607			6
2024.05.13	00:27:04.315	0.97606	0.97606			6
2024.05.13	00:27:05.319	0.97607	0.97607			6
2024.05.13	00:27:49.385	0.97606	0.97606			6
2024.05.13	00:27:50.376	0.97607	0.97607			6
2024.05.13	00:27:51.382	0.97606	0.97606			6
2024.05.13	00:27:52.396	0.97607	0.97607			6
2024.05.13	00:27:53.401	0.97606	0.97606			6
2024.05.13	00:27:54.406	0.97607	0.97607			6
2024.05.13	00:27:55.418	0.97606	0.97606			6
2024.05.13	00:27:56.399	0.97607	0.97607			6
2024.05.13	00:27:57.390	0.97606	0.97606			6
2024.05.13	00:27:58.069	0.97607	0.97607			6
2024.05.13	00:27:59.059	0.97606	0.97606			6
2024.05.13	00:27:59.089	0.97605	0.97605			6
2024.05.13	00:28:00.072	0.97607	0.97607			6
2024.05.13	00:28:00.366	0.97606	0.97606			6
2024.05.13	00:28:01.360	0.97607	0.97607			6
2024.05.13	00:28:02.388	0.97606	0.97606			6
2024.05.13	00:28:02.448	0.97605	0.97605			6
2024.05.13	00:28:03.396	0.97607	0.97607			6
2024.05.13	00:28:09.386	0.97606	0.97606			6
2024.05.13	00:28:10.385	0.97607	0.97607			6
2024.05.13	00:28:11.388	0.97606	0.97606			6
2024.05.13	00:28:12.382	0.97607	0.97607			6
2024.05.13	00:28:15.982	0.97613	0.97613			6
2024.05.13	00:28:19.413	0.97611	0.97611			6
2024.05.13	00:28:20.399	0.97612	0.97612			6
2024.05.13	00:28:21.399	0.97611	0.97611			6
2024.05.13	00:28:22.398	0.97612	0.97612			6
2024.05.13	00:28:22.428	0.97613	0.97613			6
2024.05.13	00:28:29.429	0.97612	0.97612			6
2024.05.13	00:28:29.460	0.97611	0.97611			6
2024.05.13	00:28:30.118	0.97610	0.97610			6
2024.05.13	00:28:30.436	0.97612	0.97612			6
2024.05.13	00:29:30.426	0.97614	0.97614			6
2024.05.13	00:29:30.636	0.97613	0.97613			6
2024.05.13	00:29:30.666	0.97612	0.97612			6
2024.05.13	00:29:30.728	0.97608	0.97608			6
2024.05.13	00:29:30.787	0.97609	0.97609			6
2024.05.13	00:29:31.654	0.97611	0.97611			6
2024.05.13	00:29:36.650	0.97610	0.97610			6
2024.05.13	00:29:36.680	0.97609	0.97609			6
2024.05.13	00:29:37.656	0.97610	0.97610			6
2024.05.13	00:29:39.675	0.97611	0.97611			6
2024.05.13	00:29:40.686	0.97610	0.97610			6
2024.05.13	00:29:41.664	0.97612	0.97612			6
2024.05.13	00:29:42.668	0.97610	0.97610			6
2024.05.13	00:29:43.680	0.97611	0.97611			6
2024.05.13	00:29:44.666	0.97610	0.97610			6
2024.05.13	00:29:45.708	0.97612	0.97612			6
2024.05.13	00:29:50.686	0.97613	0.97613			6
2024.05.13	00:29:51.595	0.97612	0.97612			6
2024.05.13	00:29:51.685	0.97613	0.97613			6
2024.05.13	00:29:52.698	0.97612	0.97612			6
2024.05.13	00:29:53.643	0.97611	0.97611			6
2024.05.13	00:29:53.674	0.97613	0.97613			6
2024.05.13	00:30:00.051	0.97614	0.97614			6
2024.05.13	00:30:00.108	0.97626	0.97626			6
2024.05.13	00:30:00.683	0.97625	0.97625			6
2024.05.13	00:30:00.714	0.97623	0.97623			6
2024.05.13	00:30:00.863	0.97624	0.97624			6
2024.05.13	00:30:00.923	0.97625	0.97625			6
2024.05.13	00:30:01.013	0.97624	0.97624			6
2024.05.13	00:30:01.044	0.97621	0.97621			6
2024.05.13	00:30:01.072	0.97622	0.97622			6
2024.05.13	00:30:01.840	0.97625	0.97625			6
2024.05.13	00:30:02.081	0.97626	0.97626			6
2024.05.13	00:30:02.829	0.97625	0.97625			6
2024.05.13	00:30:02.859	0.97624	0.97624			6
2024.05.13	00:30:03.851	0.97626	0.97626			6
2024.05.13	00:30:04.833	0.97625	0.97625			6
2024.05.13	00:30:05.861	0.97626	0.97626			6
2024.05.13	00:30:06.861	0.97625	0.97625			6
2024.05.13	00:30:07.856	0.97627	0.97627			6
2024.05.13	00:30:08.861	0.97625	0.97625			6
2024.05.13	00:30:09.859	0.97626	0.97626			6
2024.05.13	00:30:10.860	0.97625	0.97625			6
2024.05.13	00:30:10.918	0.97624	0.97624			6
2024.05.13	00:30:11.851	0.97625	0.97625			6
2024.05.13	00:30:11.881	0.97626	0.97626			6
2024.05.13	00:30:12.568	0.97627	0.97627			6
2024.05.13	00:30:12.598	0.97620	0.97620			6
2024.05.13	00:30:17.851	0.97619	0.97619			6
2024.05.13	00:30:17.882	0.97607	0.97607			6
2024.05.13	00:30:18.887	0.97608	0.97608			6
2024.05.13	00:30:19.069	0.97603	0.97603			6
2024.05.13	00:30:19.099	0.97609	0.97609			6
2024.05.13	00:30:19.875	0.97607	0.97607			6
2024.05.13	00:30:20.201	0.97606	0.97606			6
2024.05.13	00:30:20.871	0.97608	0.97608			6
2024.05.13	00:30:21.786	0.97609	0.97609			6
2024.05.13	00:30:21.876	0.97608	0.97608			6
2024.05.13	00:30:22.878	0.97609	0.97609			6
2024.05.13	00:30:23.866	0.97608	0.97608			6
2024.05.13	00:30:23.896	0.97606	0.97606			6
2024.05.13	00:30:24.884	0.97609	0.97609			6
2024.05.13	00:30:25.884	0.97608	0.97608			6
2024.05.13	00:30:26.908	0.97609	0.97609			6
2024.05.13	00:30:27.868	0.97608	0.97608			6
2024.05.13	00:30:27.897	0.97607	0.97607			6
2024.05.13	00:30:28.866	0.97608	0.97608			6
2024.05.13	00:30:28.897	0.97609	0.97609			6
2024.05.13	00:30:29.889	0.97608	0.97608			6
2024.05.13	00:30:30.910	0.97609	0.97609			6
2024.05.13	00:31:21.503	0.97611	0.97611			6
2024.05.13	00:31:21.895	0.97608	0.97608			6
2024.05.13	00:31:28.758	0.97611	0.97611			6
2024.05.13	00:31:31.725	0.97610	0.97610			6
2024.05.13	00:31:31.756	0.97612	0.97612			6
2024.05.13	00:31:31.785	0.97610	0.97610			6
2024.05.13	00:31:32.814	0.97609	0.97609			6
2024.05.13	00:31:38.167	0.97608	0.97608			6
2024.05.13	00:32:04.953	0.97609	0.97609			6
2024.05.13	00:32:08.453	0.97608	0.97608			6
2024.05.13	00:32:23.138	0.97619	0.97619			6
2024.05.13	00:32:52.752	0.97633	0.97633			6
2024.05.13	00:32:55.583	0.97635	0.97635			6
2024.05.13	00:32:56.752	0.97632	0.97632			6
2024.05.13	00:32:57.383	0.97635	0.97635			6
2024.05.13	00:33:01.858	0.97634	0.97634			6
2024.05.13	00:33:05.070	0.97632	0.97632			6
2024.05.13	00:33:05.452	0.97633	0.97633			6
2024.05.13	00:33:08.781	0.97632	0.97632			6
2024.05.13	00:33:11.180	0.97633	0.97633			6
2024.05.13	00:33:11.812	0.97634	0.97634			6
2024.05.13	00:33:12.483	0.97633	0.97633			6
2024.05.13	00:33:15.951	0.97632	0.97632			6
2024.05.13	00:33:19.564	0.97633	0.97633			6
2024.05.13	00:33:24.052	0.97632	0.97632			6
2024.05.13	00:33:27.951	0.97633	0.97633			6
2024.05.13	00:33:32.815	0.97632	0.97632			6
2024.05.13	00:33:33.918	0.97630	0.97630			6
2024.05.13	00:33:35.079	0.97631	0.97631			6
2024.05.13	00:33:35.111	0.97633	0.97633			6
2024.05.13	00:33:42.737	0.97632	0.97632			6
2024.05.13	00:33:47.451	0.97633	0.97633			6
2024.05.13	00:34:00.548	0.97632	0.97632			6
2024.05.13	00:34:03.659	0.97633	0.97633			6
2024.05.13	00:34:20.582	0.97636	0.97636			6
2024.05.13	00:34:20.613	0.97635	0.97635			6
2024.05.13	00:34:20.642	0.97634	0.97634			6
2024.05.13	00:34:20.702	0.97636	0.97636			6
2024.05.13	00:34:22.100	0.97633	0.97633			6
2024.05.13	00:34:23.180	0.97632	0.97632			6
2024.05.13	00:34:27.951	0.97633	0.97633			6
2024.05.13	00:34:35.690	0.97632	0.97632			6
2024.05.13	00:34:47.941	0.97633	0.97633			6
2024.05.13	00:34:51.082	0.97632	0.97632			6
2024.05.13	00:34:53.050	0.97634	0.97634			6
2024.05.13	00:34:54.754	0.97633	0.97633			6
2024.05.13	00:34:56.895	0.97636	0.97636			6
2024.05.13	00:34:57.622	0.97635	0.97635			6
2024.05.13	00:35:07.943	0.97636	0.97636			6
2024.05.13	00:35:12.052	0.97635	0.97635			6
2024.05.13	00:35:27.051	0.97636	0.97636			6
2024.05.13	00:35:32.151	0.97635	0.97635			6
2024.05.13	00:35:36.356	0.97636	0.97636			6
2024.05.13	00:35:56.973	0.97633	0.97633			6
2024.05.13	00:35:57.097	0.97634	0.97634			6
2024.05.13	00:35:57.464	0.97635	0.97635			6
2024.05.13	00:36:07.141	0.97636	0.97636			6
2024.05.13	00:36:14.894	0.97637	0.97637			6
2024.05.13	00:36:28.851	0.97636	0.97636			6
2024.05.13	00:36:39.051	0.97635	0.97635			6
2024.05.13	00:36:56.462	0.97636	0.97636			6
2024.05.13	00:37:00.070	0.97634	0.97634			6
2024.05.13	00:37:01.175	0.97635	0.97635			6
2024.05.13	00:37:03.357	0.97634	0.97634			6
2024.05.13	00:37:03.388	0.97631	0.97631			6
2024.05.13	00:37:03.417	0.97634	0.97634			6
2024.05.13	00:37:03.449	0.97631	0.97631			6
2024.05.13	00:37:03.609	0.97634	0.97634			6
2024.05.13	00:37:04.440	0.97636	0.97636			6
2024.05.13	00:37:16.400	0.97634	0.97634			6
2024.05.13	00:37:24.978	0.97633	0.97633			6
2024.05.13	00:37:43.455	0.97636	0.97636			6
2024.05.13	00:37:44.507	0.97634	0.97634			6
2024.05.13	00:38:13.127	0.97635	0.97635			6
2024.05.13	00:38:13.159	0.97633	0.97633			6
2024.05.13	00:40:19.949	0.97630	0.97630			6
2024.05.13	00:40:27.053	0.97629	0.97629			6
2024.05.13	00:40:30.137	0.97627	0.97627			6
2024.05.13	00:40:30.167	0.97632	0.97632			6
2024.05.13	00:40:30.197	0.97629	0.97629			6
2024.05.13	00:40:46.685	0.97630	0.97630			6
2024.05.13	00:41:14.536	0.97629	0.97629			6
2024.05.13	00:41:48.050	0.97632	0.97632			6
2024.05.13	00:41:49.009	0.97631	0.97631			6
2024.05.13	00:41:49.039	0.97630	0.97630			6
2024.05.13	00:42:05.538	0.97626	0.97626			6
2024.05.13	00:42:05.569	0.97625	0.97625			6
2024.05.13	00:42:06.327	0.97624	0.97624			6
2024.05.13	00:42:06.358	0.97623	0.97623			6
2024.05.13	00:42:06.417	0.97622	0.97622			6
2024.05.13	00:42:06.597	0.97627	0.97627			6
2024.05.13	00:42:06.657	0.97630	0.97630			6
2024.05.13	00:42:09.275	0.97627	0.97627			6
2024.05.13	00:42:09.526	0.97631	0.97631			6
2024.05.13	00:42:09.556	0.97629	0.97629			6
2024.05.13	00:42:09.586	0.97627	0.97627			6
2024.05.13	00:43:19.930	0.97631	0.97631			6
2024.05.13	00:43:19.957	0.97629	0.97629			6
2024.05.13	00:43:19.987	0.97627	0.97627			6
2024.05.13	00:44:25.074	0.97628	0.97628			6
2024.05.13	00:44:25.104	0.97631	0.97631			6
2024.05.13	00:44:25.134	0.97629	0.97629			6
2024.05.13	00:44:25.164	0.97628	0.97628			6
2024.05.13	00:44:53.184	0.97631	0.97631			6
2024.05.13	00:44:53.244	0.97629	0.97629			6
2024.05.13	00:44:54.240	0.97628	0.97628			6
2024.05.13	00:45:01.458	0.97627	0.97627			6
2024.05.13	00:45:30.680	0.97628	0.97628			6
2024.05.13	00:45:30.710	0.97630	0.97630			6
2024.05.13	00:45:49.400	0.97632	0.97632			6
2024.05.13	00:45:49.430	0.97633	0.97633			6
2024.05.13	00:45:50.460	0.97632	0.97632			6
2024.05.13	00:46:19.699	0.97631	0.97631			6
2024.05.13	00:46:53.280	0.97630	0.97630			6
2024.05.13	00:46:53.432	0.97629	0.97629			6
2024.05.13	00:46:58.748	0.97630	0.97630			6
2024.05.13	00:46:58.813	0.97628	0.97628			6
2024.05.13	00:46:58.842	0.97627	0.97627			6
2024.05.13	00:47:32.215	0.97628	0.97628			6
2024.05.13	00:47:32.244	0.97627	0.97627			6
2024.05.13	00:47:52.652	0.97631	0.97631			6
2024.05.13	00:47:52.682	0.97633	0.97633			6
2024.05.13	00:47:52.712	0.97629	0.97629			6
2024.05.13	00:47:53.705	0.97628	0.97628			6
2024.05.13	00:47:54.182	0.97627	0.97627			6
2024.05.13	00:47:54.212	0.97620	0.97620			6
2024.05.13	00:47:54.301	0.97623	0.97623			6
2024.05.13	00:47:54.421	0.97620	0.97620			6
2024.05.13	00:47:54.691	0.97618	0.97618			6
2024.05.13	00:47:54.901	0.97619	0.97619			6
2024.05.13	00:47:54.932	0.97618	0.97618			6
2024.05.13	00:47:55.054	0.97619	0.97619			6
2024.05.13	00:47:55.083	0.97618	0.97618			6
2024.05.13	00:47:55.143	0.97617	0.97617			6
2024.05.13	00:47:55.173	0.97618	0.97618			6
2024.05.13	00:47:55.264	0.97619	0.97619			6
2024.05.13	00:47:55.293	0.97625	0.97625			6
2024.05.13	00:47:55.323	0.97627	0.97627			6
2024.05.13	00:47:55.385	0.97628	0.97628			6
2024.05.13	00:48:00.045	0.97629	0.97629			6
2024.05.13	00:48:05.445	0.97628	0.97628			6
2024.05.13	00:48:10.402	0.97630	0.97630			6
2024.05.13	00:48:53.448	0.97631	0.97631			6
2024.05.13	00:49:00.919	0.97630	0.97630			6
2024.05.13	00:49:00.949	0.97635	0.97635			6
2024.05.13	00:49:00.979	0.97632	0.97632			6
2024.05.13	00:49:15.998	0.97633	0.97633			6
2024.05.13	00:49:16.572	0.97634	0.97634			6
2024.05.13	00:49:26.360	0.97633	0.97633			6
2024.05.13	00:49:26.719	0.97634	0.97634			6
2024.05.13	00:49:27.693	0.97633	0.97633			6
2024.05.13	00:50:00.129	0.97632	0.97632			6
2024.05.13	00:50:39.899	0.97633	0.97633			6
2024.05.13	00:51:11.074	0.97632	0.97632			6
2024.05.13	00:51:30.986	0.97633	0.97633			6
2024.05.13	00:51:41.552	0.97634	0.97634			6
2024.05.13	00:51:42.031	0.97633	0.97633			6
2024.05.13	00:51:52.794	0.97634	0.97634			6
2024.05.13	00:51:54.743	0.97633	0.97633			6
2024.05.13	00:51:59.474	0.97634	0.97634			6
2024.05.13	00:52:02.589	0.97630	0.97630			6
2024.05.13	00:52:05.475	0.97629	0.97629			6
2024.05.13	00:52:24.650	0.97628	0.97628			6
2024.05.13	00:52:25.674	0.97629	0.97629			6
2024.05.13	00:52:29.534	0.97630	0.97630			6
2024.05.13	00:52:53.075	0.97631	0.97631			6
2024.05.13	00:53:53.135	0.97630	0.97630			6
2024.05.13	00:53:57.341	0.97631	0.97631			6
2024.05.13	00:53:57.371	0.97632	0.97632			6
2024.05.13	00:53:57.401	0.97631	0.97631			6
2024.05.13	00:54:06.587	0.97633	0.97633			6
2024.05.13	00:54:06.646	0.97631	0.97631			6
2024.05.13	00:54:07.646	0.97630	0.97630			6
2024.05.13	00:54:08.738	0.97629	0.97629			6
2024.05.13	00:54:14.713	0.97630	0.97630			6
2024.05.13	00:54:14.743	0.97631	0.97631			6
2024.05.13	00:54:20.538	0.97629	0.97629			6
2024.05.13	00:54:20.567	0.97626	0.97626			6
2024.05.13	00:54:20.598	0.97629	0.97629			6
2024.05.13	00:54:22.007	0.97627	0.97627			6
2024.05.13	00:54:22.067	0.97626	0.97626			6
2024.05.13	00:54:22.097	0.97625	0.97625			6
2024.05.13	00:54:24.841	0.97624	0.97624			6
2024.05.13	00:54:29.111	0.97618	0.97618			6
2024.05.13	00:54:29.170	0.97625	0.97625			6
2024.05.13	00:54:29.200	0.97613	0.97613			6
2024.05.13	00:54:29.623	0.97599	0.97599			6
2024.05.13	00:54:29.654	0.97602	0.97602			6
2024.05.13	00:54:31.218	0.97592	0.97592			6
2024.05.13	00:54:31.833	0.97600	0.97600			6
2024.05.13	00:54:31.895	0.97586	0.97586			6
2024.05.13	00:54:32.640	0.97581	0.97581			6
2024.05.13	00:54:32.956	0.97589	0.97589			6
2024.05.13	00:54:32.986	0.97594	0.97594			6
2024.05.13	00:54:33.527	0.97595	0.97595			6
2024.05.13	00:54:36.369	0.97587	0.97587			6
2024.05.13	00:54:36.917	0.97585	0.97585			6
2024.05.13	00:54:36.981	0.97572	0.97572			6
2024.05.13	00:54:37.393	0.97580	0.97580			6
2024.05.13	00:54:39.553	0.97586	0.97586			6
2024.05.13	00:54:39.583	0.97575	0.97575			6
2024.05.13	00:54:40.468	0.97582	0.97582			6
2024.05.13	00:54:40.907	0.97588	0.97588			6
2024.05.13	00:54:41.028	0.97595	0.97595			6
2024.05.13	00:54:41.057	0.97599	0.97599			6
2024.05.13	00:54:42.139	0.97596	0.97596			6
2024.05.13	00:54:42.860	0.97601	0.97601			6
2024.05.13	00:54:42.920	0.97596	0.97596			6
2024.05.13	00:54:43.947	0.97590	0.97590			6
2024.05.13	00:54:46.902	0.97596	0.97596			6
2024.05.13	00:54:47.039	0.97594	0.97594			6
2024.05.13	00:54:47.099	0.97587	0.97587			6
2024.05.13	00:54:47.129	0.97591	0.97591			6
2024.05.13	00:54:48.858	0.97594	0.97594			6
2024.05.13	00:54:48.917	0.97587	0.97587			6
2024.05.13	00:54:48.947	0.97583	0.97583			6
2024.05.13	00:54:50.247	0.97600	0.97600			6
2024.05.13	00:54:51.230	0.97592	0.97592			6
2024.05.13	00:54:51.259	0.97583	0.97583			6
2024.05.13	00:54:51.289	0.97579	0.97579			6
2024.05.13	00:54:52.713	0.97583	0.97583			6
2024.05.13	00:54:52.744	0.97594	0.97594			6
2024.05.13	00:54:54.941	0.97599	0.97599			6
2024.05.13	00:54:55.000	0.97588	0.97588			6
2024.05.13	00:54:57.558	0.97595	0.97595			6
2024.05.13	00:54:57.618	0.97588	0.97588			6
2024.05.13	00:54:57.648	0.97590	0.97590			6
2024.05.13	00:54:58.130	0.97597	0.97597			6
2024.05.13	00:54:58.967	0.97589	0.97589			6
2024.05.13	00:54:58.997	0.97584	0.97584			6
2024.05.13	00:55:00.726	0.97590	0.97590			6
2024.05.13	00:55:17.546	0.97584	0.97584			6
2024.05.13	00:55:17.575	0.97579	0.97579			6
2024.05.13	00:55:17.605	0.97575	0.97575			6
2024.05.13	00:55:18.077	0.97580	0.97580			6
2024.05.13	00:55:22.248	0.97578	0.97578			6
2024.05.13	00:55:28.514	0.97602	0.97602			6
2024.05.13	00:55:28.543	0.97607	0.97607			6
2024.05.13	00:55:28.603	0.97597	0.97597			6
2024.05.13	00:55:38.965	0.97592	0.97592			6
2024.05.13	00:55:45.884	0.97603	0.97603			6
2024.05.13	00:55:45.914	0.97610	0.97610			6
2024.05.13	00:55:46.802	0.97606	0.97606			6
2024.05.13	00:55:46.883	0.97620	0.97620			6
2024.05.13	00:55:46.962	0.97621	0.97621			6
2024.05.13	00:55:57.614	0.97612	0.97612			6
2024.05.13	00:55:57.765	0.97688	0.97688			6
2024.05.13	00:55:58.678	0.97690	0.97690			6
2024.05.13	00:55:58.708	0.97688	0.97688			6
2024.05.13	00:55:59.327	0.97687	0.97687			6
2024.05.13	00:55:59.711	0.97683	0.97683			6
2024.05.13	00:56:00.332	0.97684	0.97684			6
2024.05.13	00:56:01.256	0.97696	0.97696			6
2024.05.13	00:56:01.286	0.97694	0.97694			6
2024.05.13	00:56:01.316	0.97693	0.97693			6
2024.05.13	00:56:01.348	0.97692	0.97692			6
2024.05.13	00:56:01.445	0.97690	0.97690			6
2024.05.13	00:56:03.090	0.97684	0.97684			6
2024.05.13	00:56:03.308	0.97683	0.97683			6
2024.05.13	00:56:18.726	0.97602	0.97602			6
2024.05.13	00:56:18.785	0.97593	0.97593			6
2024.05.13	00:56:18.875	0.97592	0.97592			6
2024.05.13	00:56:19.263	0.97594	0.97594			6
2024.05.13	00:56:19.674	0.97602	0.97602			6
2024.05.13	00:56:23.395	0.97555	0.97555			6
2024.05.13	00:56:23.515	0.97553	0.97553			6
2024.05.13	00:56:23.864	0.97555	0.97555			6
2024.05.13	00:56:24.014	0.97553	0.97553			6
2024.05.13	00:56:24.106	0.97555	0.97555			6
2024.05.13	00:56:24.416	0.97553	0.97553			6
2024.05.13	00:56:24.535	0.97558	0.97558			6
2024.05.13	00:56:25.407	0.97554	0.97554			6
2024.05.13	00:56:25.491	0.97559	0.97559			6
2024.05.13	00:56:25.744	0.97555	0.97555			6
2024.05.13	00:56:25.833	0.97553	0.97553			6
2024.05.13	00:56:25.863	0.97556	0.97556			6
2024.05.13	00:56:25.923	0.97553	0.97553			6
2024.05.13	00:56:26.227	0.97554	0.97554			6
2024.05.13	00:56:28.209	0.97556	0.97556			6
2024.05.13	00:56:30.797	0.97554	0.97554			6
2024.05.13	00:56:31.284	0.97555	0.97555			6
2024.05.13	00:56:36.084	0.97559	0.97559			6
2024.05.13	00:56:36.444	0.97652	0.97652			6
2024.05.13	00:56:36.866	0.97651	0.97651			6
2024.05.13	00:56:37.046	0.97650	0.97650			6
2024.05.13	00:56:38.184	0.97652	0.97652			6
2024.05.13	00:56:41.976	0.97651	0.97651			6
2024.05.13	00:56:43.162	0.97612	0.97612			6
2024.05.13	00:56:43.579	0.97608	0.97608			6
2024.05.13	00:56:44.148	0.97612	0.97612			6
2024.05.13	00:56:44.243	0.97607	0.97607			6
2024.05.13	00:56:45.215	0.97617	0.97617			6
2024.05.13	00:56:45.814	0.97607	0.97607			6
2024.05.13	00:56:46.933	0.97605	0.97605			6
2024.05.13	00:56:46.963	0.97607	0.97607			6
2024.05.13	00:56:47.933	0.97612	0.97612			6
2024.05.13	00:56:49.171	0.97620	0.97620			6
2024.05.13	00:56:49.633	0.97607	0.97607			6
2024.05.13	00:56:50.342	0.97620	0.97620			6
2024.05.13	00:56:50.550	0.97607	0.97607			6
2024.05.13	00:56:51.837	0.97615	0.97615			6
2024.05.13	00:56:53.777	0.97602	0.97602			6
2024.05.13	00:56:57.088	0.97598	0.97598			6
2024.05.13	00:56:57.814	0.97604	0.97604			6
2024.05.13	00:56:58.139	0.97605	0.97605			6
2024.05.13	00:56:58.205	0.97613	0.97613			6
2024.05.13	00:56:58.396	0.97614	0.97614			6
2024.05.13	00:57:18.562	0.97616	0.97616			6
2024.05.13	00:57:22.871	0.97618	0.97618			6
2024.05.13	00:57:26.874	0.97616	0.97616			6
2024.05.13	00:57:43.548	0.97619	0.97619			6
2024.05.13	00:57:43.577	0.97621	0.97621			6
2024.05.13	00:58:01.204	0.97610	0.97610			6
2024.05.13	00:58:01.234	0.97605	0.97605			6
2024.05.13	00:58:01.263	0.97595	0.97595			6
2024.05.13	00:58:01.444	0.97569	0.97569			6
2024.05.13	00:58:01.654	0.97570	0.97570			6
2024.05.13	00:58:01.685	0.97574	0.97574			6
2024.05.13	00:58:01.804	0.97573	0.97573			6
2024.05.13	00:58:02.198	0.97575	0.97575			6
2024.05.13	00:58:02.935	0.97620	0.97620			6
2024.05.13	00:58:02.995	0.97621	0.97621			6
2024.05.13	00:58:03.656	0.97568	0.97568			6
2024.05.13	00:58:06.654	0.97569	0.97569			6
2024.05.13	00:58:07.300	0.97568	0.97568			6
2024.05.13	00:58:07.331	0.97569	0.97569			6
2024.05.13	00:58:07.613	0.97568	0.97568			6
2024.05.13	00:58:07.824	0.97569	0.97569			6
2024.05.13	00:58:07.854	0.97568	0.97568			6
2024.05.13	00:58:10.549	0.97569	0.97569			6
2024.05.13	00:58:13.491	0.97568	0.97568			6
2024.05.13	00:58:17.419	0.97569	0.97569			6
2024.05.13	00:58:17.508	0.97568	0.97568			6
2024.05.13	00:58:18.534	0.97569	0.97569			6
2024.05.13	00:58:18.564	0.97568	0.97568			6
2024.05.13	00:58:18.684	0.97569	0.97569			6
2024.05.13	00:58:18.804	0.97570	0.97570			6
2024.05.13	00:58:19.104	0.97571	0.97571			6
2024.05.13	00:58:20.026	0.97569	0.97569			6
2024.05.13	00:58:20.056	0.97570	0.97570			6
2024.05.13	00:58:20.126	0.97569	0.97569			6
2024.05.13	00:58:27.587	0.97568	0.97568			6
2024.05.13	00:58:28.432	0.97566	0.97566			6
2024.05.13	00:58:28.753	0.97565	0.97565			6
2024.05.13	00:58:29.714	0.97566	0.97566			6
2024.05.13	00:58:31.137	0.97565	0.97565			6
2024.05.13	00:58:34.745	0.97566	0.97566			6
2024.05.13	00:58:37.569	0.97565	0.97565			6
2024.05.13	00:58:37.629	0.97566	0.97566			6
2024.05.13	00:58:49.342	0.97571	0.97571			6
2024.05.13	00:58:51.254	0.97569	0.97569			6
2024.05.13	00:58:51.665	0.97570	0.97570			6
2024.05.13	00:58:59.638	0.97569	0.97569			6
2024.05.13	00:59:00.484	0.97611	0.97611			6
2024.05.13	00:59:01.777	0.97612	0.97612			6
2024.05.13	00:59:01.806	0.97606	0.97606			6
2024.05.13	00:59:01.927	0.97609	0.97609			6
2024.05.13	00:59:01.957	0.97603	0.97603			6
2024.05.13	00:59:01.987	0.97610	0.97610			6
2024.05.13	00:59:02.081	0.97612	0.97612			6
2024.05.13	00:59:02.111	0.97614	0.97614			6
2024.05.13	00:59:02.201	0.97613	0.97613			6
2024.05.13	00:59:02.406	0.97611	0.97611			6
2024.05.13	00:59:04.975	0.97612	0.97612			6
2024.05.13	00:59:11.462	0.97611	0.97611			6
2024.05.13	00:59:20.463	0.97610	0.97610			6
2024.05.13	00:59:29.654	0.97613	0.97613			6
2024.05.13	00:59:29.684	0.97608	0.97608			6
2024.05.13	00:59:29.714	0.97607	0.97607			6
2024.05.13	00:59:31.454	0.97608	0.97608			6
2024.05.13	00:59:35.683	0.97605	0.97605			6
2024.05.13	00:59:35.713	0.97607	0.97607			6
2024.05.13	00:59:35.742	0.97605	0.97605			6
2024.05.13	00:59:35.810	0.97608	0.97608			6
2024.05.13	00:59:36.262	0.97605	0.97605			6
2024.05.13	00:59:36.674	0.97606	0.97606			6
2024.05.13	00:59:39.086	0.97610	0.97610			6
2024.05.13	00:59:39.146	0.97613	0.97613			6
2024.05.13	00:59:41.126	0.97609	0.97609			6
2024.05.13	00:59:41.154	0.97610	0.97610			6
2024.05.13	00:59:41.214	0.97607	0.97607			6
2024.05.13	00:59:41.243	0.97614	0.97614			6
2024.05.13	00:59:41.395	0.97617	0.97617			6
2024.05.13	00:59:41.485	0.97616	0.97616			6
2024.05.13	00:59:41.998	0.97610	0.97610			6
2024.05.13	00:59:42.143	0.97609	0.97609			6
2024.05.13	00:59:42.296	0.97608	0.97608			6
2024.05.13	00:59:42.977	0.97613	0.97613			6
2024.05.13	00:59:45.835	0.97614	0.97614			6
2024.05.13	00:59:48.031	0.97613	0.97613			6
2024.05.13	00:59:48.122	0.97608	0.97608			6
2024.05.13	00:59:48.302	0.97611	0.97611			6
2024.05.13	00:59:48.362	0.97607	0.97607			6
2024.05.13	00:59:48.604	0.97606	0.97606			6
2024.05.13	00:59:53.075	0.97605	0.97605			6
2024.05.13	00:59:54.796	0.97606	0.97606			6
2024.05.13	01:00:00.019	0.97605	0.97605			6
2024.05.13	01:00:00.080	0.97592	0.97592			6
2024.05.13	01:00:00.140	0.97587	0.97587			6
2024.05.13	01:00:00.171	0.97576	0.97576			6
2024.05.13	01:00:00.199	0.97575	0.97575			6
2024.05.13	01:00:00.289	0.97582	0.97582			6
2024.05.13	01:00:00.319	0.97580	0.97580			6
2024.05.13	01:00:00.469	0.97582	0.97582			6
2024.05.13	01:00:00.800	0.97581	0.97581			6
2024.05.13	01:00:00.862	0.97584	0.97584			6
2024.05.13	01:00:00.891	0.97589	0.97589			6
2024.05.13	01:00:01.100	0.97576	0.97576			6
2024.05.13	01:00:01.132	0.97589	0.97589			6
2024.05.13	01:00:01.310	0.97594	0.97594			6
2024.05.13	01:00:01.371	0.97599	0.97599			6
2024.05.13	01:00:01.400	0.97594	0.97594			6
2024.05.13	01:00:01.520	0.97600	0.97600			6
2024.05.13	01:00:01.550	0.97594	0.97594			6
2024.05.13	01:00:01.610	0.97599	0.97599			6
2024.05.13	01:00:01.731	0.97592	0.97592			6
2024.05.13	01:00:01.880	0.97597	0.97597			6
2024.05.13	01:00:02.091	0.97592	0.97592			6
2024.05.13	01:00:02.181	0.97599	0.97599			6
2024.05.13	01:00:02.392	0.97594	0.97594			6
2024.05.13	01:00:02.422	0.97599	0.97599			6
2024.05.13	01:00:02.452	0.97600	0.97600			6
2024.05.13	01:00:02.661	0.97596	0.97596			6
2024.05.13	01:00:03.084	0.97600	0.97600			6
2024.05.13	01:00:03.205	0.97598	0.97598			6
2024.05.13	01:00:04.161	0.97599	0.97599			6
2024.05.13	01:00:05.067	0.97602	0.97602			6
2024.05.13	01:00:05.430	0.97599	0.97599			6
2024.05.13	01:00:05.999	0.97602	0.97602			6
2024.05.13	01:00:06.089	0.97598	0.97598			6
2024.05.13	01:00:08.444	0.97601	0.97601			6
2024.05.13	01:00:08.474	0.97602	0.97602			6
2024.05.13	01:00:09.163	0.97598	0.97598			6
2024.05.13	01:00:11.251	0.97602	0.97602			6
2024.05.13	01:00:12.837	0.97599	0.97599			6
2024.05.13	01:00:13.048	0.97602	0.97602			6
2024.05.13	01:00:13.077	0.97599	0.97599			6
2024.05.13	01:00:13.320	0.97597	0.97597			6
2024.05.13	01:00:13.469	0.97595	0.97595			6
2024.05.13	01:00:13.739	0.97598	0.97598			6
2024.05.13	01:00:13.829	0.97595	0.97595			6
2024.05.13	01:00:15.407	0.97597	0.97597			6
2024.05.13	01:00:15.466	0.97601	0.97601			6
2024.05.13	01:00:16.219	0.97603	0.97603			6
2024.05.13	01:00:16.942	0.97605	0.97605			6
2024.05.13	01:00:19.161	0.97607	0.97607			6
2024.05.13	01:00:19.386	0.97600	0.97600			6
2024.05.13	01:00:20.895	0.97598	0.97598			6
2024.05.13	01:00:20.926	0.97601	0.97601			6
2024.05.13	01:00:25.789	0.97603	0.97603			6
2024.05.13	01:00:25.819	0.97601	0.97601			6
2024.05.13	01:00:25.879	0.97596	0.97596			6
2024.05.13	01:00:26.977	0.97595	0.97595			6
2024.05.13	01:00:27.006	0.97603	0.97603			6
2024.05.13	01:00:27.248	0.97619	0.97619			6
2024.05.13	01:00:27.338	0.97620	0.97620			6
2024.05.13	01:00:27.458	0.97621	0.97621			6
2024.05.13	01:00:30.238	0.97620	0.97620			6
2024.05.13	01:00:33.543	0.97617	0.97617			6
2024.05.13	01:00:33.574	0.97616	0.97616			6
2024.05.13	01:00:33.605	0.97614	0.97614			6
2024.05.13	01:00:33.947	0.97608	0.97608			6
2024.05.13	01:00:33.978	0.97607	0.97607			6
2024.05.13	01:00:34.007	0.97606	0.97606			6
2024.05.13	01:00:34.068	0.97605	0.97605			6
2024.05.13	01:00:34.098	0.97604	0.97604			6
2024.05.13	01:00:34.402	0.97606	0.97606			6
2024.05.13	01:00:34.552	0.97605	0.97605			6
2024.05.13	01:00:34.580	0.97606	0.97606			6
2024.05.13	01:00:34.641	0.97605	0.97605			6
2024.05.13	01:00:37.156	0.97603	0.97603			6
2024.05.13	01:00:37.215	0.97604	0.97604			6
2024.05.13	01:00:43.845	0.97603	0.97603			6
2024.05.13	01:00:43.875	0.97604	0.97604			6
2024.05.13	01:00:43.965	0.97603	0.97603			6
2024.05.13	01:00:49.969	0.97604	0.97604			6
2024.05.13	01:00:50.300	0.97603	0.97603			6
2024.05.13	01:00:50.330	0.97602	0.97602			6
2024.05.13	01:00:51.045	0.97603	0.97603			6
2024.05.13	01:00:51.287	0.97602	0.97602			6
2024.05.13	01:00:51.317	0.97603	0.97603			6
2024.05.13	01:00:51.767	0.97602	0.97602			6
2024.05.13	01:00:53.482	0.97604	0.97604			6
2024.05.13	01:00:56.161	0.97602	0.97602			6
2024.05.13	01:00:59.031	0.97599	0.97599			6
2024.05.13	01:00:59.124	0.97598	0.97598			6
2024.05.13	01:00:59.215	0.97599	0.97599			6
2024.05.13	01:01:00.376	0.97600	0.97600			6
2024.05.13	01:01:00.436	0.97599	0.97599			6
2024.05.13	01:01:01.856	0.97600	0.97600			6
2024.05.13	01:01:01.886	0.97599	0.97599			6
2024.05.13	01:01:15.084	0.97600	0.97600			6
2024.05.13	01:01:15.115	0.97603	0.97603			6
2024.05.13	01:01:15.174	0.97606	0.97606			6
2024.05.13	01:01:41.037	0.97607	0.97607			6
2024.05.13	01:01:58.454	0.97605	0.97605			6
2024.05.13	01:02:02.019	0.97602	0.97602			6
2024.05.13	01:02:03.861	0.97603	0.97603			6
2024.05.13	01:02:04.914	0.97602	0.97602			6
2024.05.13	01:02:11.465	0.97603	0.97603			6
2024.05.13	01:02:11.956	0.97602	0.97602			6
2024.05.13	01:02:14.897	0.97603	0.97603			6
2024.05.13	01:02:18.793	0.97602	0.97602			6
2024.05.13	01:02:18.823	0.97598	0.97598			6
2024.05.13	01:02:19.376	0.97597	0.97597			6
2024.05.13	01:02:24.802	0.97598	0.97598			6
2024.05.13	01:02:27.140	0.97597	0.97597			6
2024.05.13	01:02:32.888	0.97599	0.97599			6
2024.05.13	01:03:10.733	0.97597	0.97597			6
2024.05.13	01:03:10.792	0.97599	0.97599			6
2024.05.13	01:03:11.036	0.97600	0.97600			6
2024.05.13	01:03:56.758	0.97601	0.97601			6
2024.05.13	01:03:56.820	0.97598	0.97598			6
2024.05.13	01:03:56.850	0.97596	0.97596			6
2024.05.13	01:03:57.121	0.97597	0.97597			6
2024.05.13	01:03:57.392	0.97595	0.97595			6
2024.05.13	01:04:07.083	0.97593	0.97593			6
2024.05.13	01:04:07.941	0.97592	0.97592			6
2024.05.13	01:04:08.242	0.97593	0.97593			6
2024.05.13	01:04:10.213	0.97595	0.97595			6
2024.05.13	01:04:12.467	0.97596	0.97596			6
2024.05.13	01:04:31.173	0.97597	0.97597			6
2024.05.13	01:04:35.783	0.97595	0.97595			6
2024.05.13	01:04:35.813	0.97594	0.97594			6
2024.05.13	01:04:35.844	0.97593	0.97593			6
2024.05.13	01:04:40.642	0.97594	0.97594			6
2024.05.13	01:04:43.279	0.97593	0.97593			6
2024.05.13	01:04:52.531	0.97594	0.97594			6
2024.05.13	01:04:52.903	0.97595	0.97595			6
2024.05.13	01:05:00.902	0.97593	0.97593			6
2024.05.13	01:05:00.932	0.97591	0.97591			6
2024.05.13	01:05:00.963	0.97593	0.97593			6
2024.05.13	01:05:01.285	0.97592	0.97592			6
2024.05.13	01:05:02.044	0.97590	0.97590			6
2024.05.13	01:05:03.130	0.97589	0.97589			6
2024.05.13	01:05:03.160	0.97590	0.97590			6
2024.05.13	01:05:03.191	0.97589	0.97589			6
2024.05.13	01:05:03.220	0.97590	0.97590			6
2024.05.13	01:05:05.086	0.97589	0.97589			6
2024.05.13	01:05:05.388	0.97590	0.97590			6
2024.05.13	01:05:05.980	0.97589	0.97589			6
2024.05.13	01:05:06.864	0.97590	0.97590			6
2024.05.13	01:05:10.173	0.97588	0.97588			6
2024.05.13	01:05:10.384	0.97586	0.97586			6
2024.05.13	01:05:12.428	0.97585	0.97585			6
2024.05.13	01:05:22.562	0.97586	0.97586			6
2024.05.13	01:05:28.690	0.97584	0.97584			6
2024.05.13	01:05:32.473	0.97586	0.97586			6
2024.05.13	01:06:04.281	0.97587	0.97587			6
2024.05.13	01:06:05.747	0.97586	0.97586			6
2024.05.13	01:06:17.041	0.97587	0.97587			6
2024.05.13	01:06:24.571	0.97586	0.97586			6
2024.05.13	01:06:29.859	0.97585	0.97585			6
2024.05.13	01:06:34.345	0.97586	0.97586			6
2024.05.13	01:07:03.083	0.97585	0.97585			6
2024.05.13	01:07:12.706	0.97584	0.97584			6
2024.05.13	01:07:15.052	0.97585	0.97585			6
2024.05.13	01:07:23.965	0.97584	0.97584			6
2024.05.13	01:07:24.092	0.97585	0.97585			6
2024.05.13	01:07:27.939	0.97584	0.97584			6
2024.05.13	01:07:27.969	0.97585	0.97585			6
2024.05.13	01:07:28.436	0.97584	0.97584			6
2024.05.13	01:07:52.275	0.97585	0.97585			6
2024.05.13	01:07:53.482	0.97584	0.97584			6
2024.05.13	01:07:54.535	0.97583	0.97583			6
2024.05.13	01:07:54.564	0.97582	0.97582			6
2024.05.13	01:07:54.693	0.97583	0.97583			6
2024.05.13	01:07:55.036	0.97584	0.97584			6
2024.05.13	01:07:55.593	0.97583	0.97583			6
2024.05.13	01:07:56.667	0.97584	0.97584			6
2024.05.13	01:08:11.218	0.97581	0.97581			6
2024.05.13	01:08:11.248	0.97580	0.97580			6
2024.05.13	01:08:11.337	0.97581	0.97581			6
2024.05.13	01:08:11.367	0.97582	0.97582			6
2024.05.13	01:08:11.699	0.97585	0.97585			6
2024.05.13	01:08:13.314	0.97583	0.97583			6
2024.05.13	01:08:17.330	0.97585	0.97585			6
2024.05.13	01:08:27.439	0.97583	0.97583			6
2024.05.13	01:08:27.497	0.97581	0.97581			6
2024.05.13	01:08:27.618	0.97584	0.97584			6
2024.05.13	01:08:28.211	0.97585	0.97585			6
2024.05.13	01:08:44.472	0.97584	0.97584			6
2024.05.13	01:08:47.454	0.97585	0.97585			6
2024.05.13	01:09:00.655	0.97584	0.97584			6
2024.05.13	01:09:11.827	0.97585	0.97585			6
2024.05.13	01:10:01.249	0.97584	0.97584			6
2024.05.13	01:10:18.565	0.97587	0.97587			6
2024.05.13	01:10:18.684	0.97588	0.97588			6
2024.05.13	01:10:19.033	0.97587	0.97587			6
2024.05.13	01:10:24.456	0.97586	0.97586			6
2024.05.13	01:10:32.157	0.97587	0.97587			6
2024.05.13	01:10:36.056	0.97586	0.97586			6
2024.05.13	01:11:00.976	0.97586				2
2024.05.13	01:11:23.419	0.97592	0.97592			6
2024.05.13	01:11:23.479	0.97593	0.97593			6
2024.05.13	01:11:24.081	0.97594	0.97594			6
2024.05.13	01:11:25.483	0.97593	0.97593			6
2024.05.13	01:11:26.671	0.97594	0.97594			6
2024.05.13	01:11:38.003	0.97593	0.97593			6
2024.05.13	01:11:50.137	0.97595	0.97595			6
2024.05.13	01:11:50.167	0.97596	0.97596			6
2024.05.13	01:11:51.154	0.97595	0.97595			6
2024.05.13	01:11:51.534	0.97596	0.97596			6
2024.05.13	01:11:51.844	0.97595	0.97595			6
2024.05.13	01:11:51.903	0.97596	0.97596			6
2024.05.13	01:12:00.284	0.97596				2
2024.05.13	01:12:00.966	0.97597	0.97597			6
2024.05.13	01:12:35.650	0.97598	0.97598			6
2024.05.13	01:12:35.680	0.97599	0.97599			6
2024.05.13	01:12:36.066	0.97598	0.97598			6
2024.05.13	01:12:42.893	0.97597	0.97597			6
2024.05.13	01:12:42.952	0.97596	0.97596			6
2024.05.13	01:12:43.298	0.97597	0.97597			6
2024.05.13	01:12:43.358	0.97596	0.97596			6
2024.05.13	01:12:43.505	0.97595	0.97595			6
2024.05.13	01:12:51.530	0.97596	0.97596			6
2024.05.13	01:12:51.561	0.97597	0.97597			6
2024.05.13	01:13:19.390	0.97596	0.97596			6
2024.05.13	01:13:29.443	0.97594	0.97594			6
2024.05.13	01:13:29.562	0.97593	0.97593			6
2024.05.13	01:13:29.777	0.97592	0.97592			6
2024.05.13	01:13:53.524	0.97591	0.97591			6
2024.05.13	01:14:04.371	0.97592	0.97592			6
2024.05.13	01:14:08.844	0.97591	0.97591			6
2024.05.13	01:14:10.136	0.97592	0.97592			6
2024.05.13	01:14:11.899	0.97590	0.97590			6
2024.05.13	01:14:12.199	0.97589	0.97589			6
2024.05.13	01:14:49.236	0.97590	0.97590			6
2024.05.13	01:14:49.296	0.97592	0.97592			6
2024.05.13	01:14:50.284	0.97591	0.97591			6
2024.05.13	01:15:00.256	0.97592	0.97592			6
2024.05.13	01:15:01.206	0.97591	0.97591			6
2024.05.13	01:15:01.544	0.97592	0.97592			6
2024.05.13	01:15:09.166	0.97593	0.97593			6
2024.05.13	01:15:09.197	0.97594	0.97594			6
2024.05.13	01:15:09.568	0.97595	0.97595			6
2024.05.13	01:15:09.658	0.97594	0.97594			6
2024.05.13	01:15:11.037	0.97593	0.97593			6
2024.05.13	01:15:11.156	0.97592	0.97592			6
2024.05.13	01:15:11.455	0.97591	0.97591			6
2024.05.13	01:15:11.727	0.97592	0.97592			6
2024.05.13	01:15:12.638	0.97591	0.97591			6
2024.05.13	01:15:14.150	0.97592	0.97592			6
2024.05.13	01:15:14.925	0.97593	0.97593			6
2024.05.13	01:15:15.783	0.97592	0.97592			6
2024.05.13	01:15:16.992	0.97593	0.97593			6
2024.05.13	01:15:17.696	0.97592	0.97592			6
2024.05.13	01:15:26.774	0.97593	0.97593			6
2024.05.13	01:15:27.223	0.97594	0.97594			6
2024.05.13	01:15:31.525	0.97593	0.97593			6
2024.05.13	01:15:32.547	0.97594	0.97594			6
2024.05.13	01:15:32.787	0.97593	0.97593			6
2024.05.13	01:15:33.996	0.97594	0.97594			6
2024.05.13	01:16:07.342	0.97595	0.97595			6
2024.05.13	01:16:08.228	0.97594	0.97594			6
2024.05.13	01:16:08.469	0.97595	0.97595			6
2024.05.13	01:16:10.808	0.97594	0.97594			6
2024.05.13	01:16:11.562	0.97595	0.97595			6
2024.05.13	01:16:15.069	0.97594	0.97594			6
2024.05.13	01:16:15.713	0.97595	0.97595			6
2024.05.13	01:16:21.439	0.97594	0.97594			6
2024.05.13	01:16:54.595	0.97595	0.97595			6
2024.05.13	01:16:54.692	0.97594	0.97594			6
2024.05.13	01:16:55.109	0.97595	0.97595			6
2024.05.13	01:17:00.744	0.97594	0.97594			6
2024.05.13	01:17:01.343	0.97595	0.97595			6
2024.05.13	01:17:02.795	0.97594	0.97594			6
2024.05.13	01:17:03.415	0.97595	0.97595			6
2024.05.13	01:17:04.257	0.97594	0.97594			6
2024.05.13	01:17:04.519	0.97595	0.97595			6
2024.05.13	01:17:08.153	0.97594	0.97594			6
2024.05.13	01:17:08.592	0.97595	0.97595			6
2024.05.13	01:17:11.255	0.97594	0.97594			6
2024.05.13	01:17:18.895	0.97595	0.97595			6
2024.05.13	01:17:21.879	0.97594	0.97594			6
2024.05.13	01:17:23.094	0.97595	0.97595			6
2024.05.13	01:17:23.868	0.97594	0.97594			6
2024.05.13	01:17:24.178	0.97595	0.97595			6
2024.05.13	01:17:25.072	0.97594	0.97594			6
2024.05.13	01:17:26.210	0.97595	0.97595			6
2024.05.13	01:17:26.452	0.97594	0.97594			6
2024.05.13	01:17:26.709	0.97595	0.97595			6
2024.05.13	01:17:26.738	0.97597	0.97597			6
2024.05.13	01:17:27.905	0.97600	0.97600			6
2024.05.13	01:17:27.935	0.97602	0.97602			6
2024.05.13	01:17:39.095	0.97606	0.97606			6
2024.05.13	01:17:48.544	0.97607	0.97607			6
2024.05.13	01:17:48.867	0.97608	0.97608			6
2024.05.13	01:17:51.690	0.97610	0.97610			6
2024.05.13	01:17:52.176	0.97611	0.97611			6
2024.05.13	01:18:20.175	0.97610	0.97610			6
2024.05.13	01:18:20.204	0.97608	0.97608			6
2024.05.13	01:18:23.455	0.97609	0.97609			6
2024.05.13	01:18:25.834	0.97608	0.97608			6
2024.05.13	01:18:32.231	0.97609	0.97609			6
2024.05.13	01:18:40.488	0.97610	0.97610			6
2024.05.13	01:18:40.607	0.97609	0.97609			6
2024.05.13	01:18:42.491	0.97610	0.97610			6
2024.05.13	01:18:52.074	0.97609	0.97609			6
2024.05.13	01:18:53.117	0.97610	0.97610			6
2024.05.13	01:18:56.454	0.97609	0.97609			6
2024.05.13	01:19:00.535	0.97610	0.97610			6
2024.05.13	01:19:00.722	0.97612	0.97612			6
2024.05.13	01:19:00.752	0.97610	0.97610			6
2024.05.13	01:19:00.872	0.97607	0.97607			6
2024.05.13	01:19:11.025	0.97608	0.97608			6
2024.05.13	01:19:48.844	0.97609	0.97609			6
2024.05.13	01:19:49.144	0.97607	0.97607			6
2024.05.13	01:20:00.731	0.97608	0.97608			6
2024.05.13	01:20:04.193	0.97607	0.97607			6
2024.05.13	01:20:04.282	0.97608	0.97608			6
2024.05.13	01:20:04.312	0.97609	0.97609			6
2024.05.13	01:20:16.428	0.97608	0.97608			6
2024.05.13	01:20:21.052	0.97609	0.97609			6
2024.05.13	01:20:23.548	0.97608	0.97608			6
2024.05.13	01:20:23.789	0.97609	0.97609			6
2024.05.13	01:20:25.628	0.97610	0.97610			6
2024.05.13	01:20:25.783	0.97609	0.97609			6
2024.05.13	01:20:26.346	0.97608	0.97608			6
2024.05.13	01:20:28.625	0.97609	0.97609			6
2024.05.13	01:20:35.054	0.97607	0.97607			6
2024.05.13	01:20:35.085	0.97609	0.97609			6
2024.05.13	01:20:35.263	0.97607	0.97607			6
2024.05.13	01:20:35.325	0.97606	0.97606			6
2024.05.13	01:20:35.894	0.97607	0.97607			6
2024.05.13	01:20:36.135	0.97606	0.97606			6
2024.05.13	01:20:39.531	0.97607	0.97607			6
2024.05.13	01:20:40.972	0.97606	0.97606			6
2024.05.13	01:20:41.355	0.97605	0.97605			6
2024.05.13	01:20:41.972	0.97606	0.97606			6
2024.05.13	01:20:42.866	0.97607	0.97607			6
2024.05.13	01:20:43.391	0.97606	0.97606			6
2024.05.13	01:20:44.328	0.97607	0.97607			6
2024.05.13	01:20:49.397	0.97606	0.97606			6
2024.05.13	01:20:49.818	0.97607	0.97607			6
2024.05.13	01:20:49.969	0.97606	0.97606			6
2024.05.13	01:20:52.269	0.97608	0.97608			6
2024.05.13	01:20:53.342	0.97607	0.97607			6
2024.05.13	01:21:02.220	0.97607				2
2024.05.13	01:21:07.395	0.97608	0.97608			6
2024.05.13	01:21:10.502	0.97607	0.97607			6
2024.05.13	01:21:10.691	0.97604	0.97604			6
2024.05.13	01:21:10.750	0.97603	0.97603			6
2024.05.13	01:21:12.919	0.97604	0.97604			6
2024.05.13	01:21:14.678	0.97603	0.97603			6
2024.05.13	01:21:15.964	0.97604	0.97604			6
2024.05.13	01:21:43.003	0.97605	0.97605			6
2024.05.13	01:21:43.334	0.97604	0.97604			6
2024.05.13	01:21:43.520	0.97614	0.97614			6
2024.05.13	01:21:43.547	0.97616	0.97616			6
2024.05.13	01:21:43.576	0.97617	0.97617			6
2024.05.13	01:21:44.056	0.97616	0.97616			6
2024.05.13	01:21:47.122	0.97615	0.97615			6
2024.05.13	01:21:47.151	0.97618	0.97618			6
2024.05.13	01:21:53.391	0.97619	0.97619			6
2024.05.13	01:22:01.532	0.97619				2
2024.05.13	01:22:33.726	0.97621	0.97621			6
2024.05.13	01:22:33.757	0.97622	0.97622			6
2024.05.13	01:22:34.026	0.97623	0.97623			6
2024.05.13	01:22:34.799	0.97622	0.97622			6
2024.05.13	01:22:45.947	0.97621	0.97621			6
2024.05.13	01:22:47.051	0.97622	0.97622			6
2024.05.13	01:23:00.670	0.97621	0.97621			6
2024.05.13	01:23:00.699	0.97620	0.97620			6
2024.05.13	01:23:01.007	0.97621	0.97621			6
2024.05.13	01:23:01.111	0.97620	0.97620			6
2024.05.13	01:23:01.991	0.97621	0.97621			6
2024.05.13	01:23:02.155	0.97620	0.97620			6
2024.05.13	01:23:03.035	0.97621	0.97621			6
2024.05.13	01:23:03.187	0.97620	0.97620			6
2024.05.13	01:23:03.947	0.97619	0.97619			6
2024.05.13	01:23:04.006	0.97617	0.97617			6
2024.05.13	01:23:04.067	0.97618	0.97618			6
2024.05.13	01:23:04.216	0.97617	0.97617			6
2024.05.13	01:23:04.636	0.97616	0.97616			6
2024.05.13	01:23:06.585	0.97617	0.97617			6
2024.05.13	01:23:06.644	0.97619	0.97619			6
2024.05.13	01:23:10.123	0.97617	0.97617			6
2024.05.13	01:23:18.652	0.97616	0.97616			6
2024.05.13	01:23:21.564	0.97617	0.97617			6
2024.05.13	01:23:22.032	0.97616	0.97616			6
2024.05.13	01:23:25.268	0.97617	0.97617			6
2024.05.13	01:23:27.209	0.97616	0.97616			6
2024.05.13	01:23:29.329	0.97617	0.97617			6
2024.05.13	01:23:29.607	0.97616	0.97616			6
2024.05.13	01:23:30.234	0.97617	0.97617			6
2024.05.13	01:24:04.694	0.97618	0.97618			6
2024.05.13	01:24:04.815	0.97617	0.97617			6
2024.05.13	01:24:05.087	0.97616	0.97616			6
2024.05.13	01:24:05.479	0.97617	0.97617			6
2024.05.13	01:24:15.197	0.97616	0.97616			6
2024.05.13	01:24:16.237	0.97617	0.97617			6
2024.05.13	01:24:19.813	0.97616	0.97616			6
2024.05.13	01:24:19.872	0.97617	0.97617			6
2024.05.13	01:24:19.931	0.97618	0.97618			6
2024.05.13	01:24:46.145	0.97617	0.97617			6
2024.05.13	01:24:46.797	0.97618	0.97618			6
2024.05.13	01:24:49.570	0.97616	0.97616			6
2024.05.13	01:24:50.031	0.97617	0.97617			6
2024.05.13	01:24:53.753	0.97619	0.97619			6
2024.05.13	01:24:55.539	0.97617	0.97617			6
2024.05.13	01:25:00.458	0.97618	0.97618			6
2024.05.13	01:25:01.064	0.97617	0.97617			6
2024.05.13	01:25:01.462	0.97618	0.97618			6
2024.05.13	01:25:08.468	0.97617	0.97617			6
2024.05.13	01:25:09.230	0.97618	0.97618			6
2024.05.13	01:25:11.629	0.97616	0.97616			6
2024.05.13	01:25:14.112	0.97619	0.97619			6
2024.05.13	01:25:14.141	0.97620	0.97620			6
2024.05.13	01:25:14.320	0.97618	0.97618			6
2024.05.13	01:25:14.469	0.97620	0.97620			6
2024.05.13	01:25:14.773	0.97619	0.97619			6
2024.05.13	01:25:15.175	0.97621	0.97621			6
2024.05.13	01:25:16.121	0.97620	0.97620			6
2024.05.13	01:25:16.422	0.97619	0.97619			6
2024.05.13	01:25:19.605	0.97620	0.97620			6
2024.05.13	01:25:27.484	0.97618	0.97618			6
2024.05.13	01:25:32.241	0.97619	0.97619			6
2024.05.13	01:25:37.094	0.97620	0.97620			6
2024.05.13	01:25:43.721	0.97619	0.97619			6
2024.05.13	01:25:45.095	0.97618	0.97618			6
2024.05.13	01:25:45.215	0.97617	0.97617			6
2024.05.13	01:25:56.697	0.97618	0.97618			6
2024.05.13	01:25:56.758	0.97620	0.97620			6
2024.05.13	01:25:58.221	0.97619	0.97619			6
2024.05.13	01:26:09.014	0.97620	0.97620			6
2024.05.13	01:26:09.134	0.97619	0.97619			6
2024.05.13	01:26:16.248	0.97618	0.97618			6
2024.05.13	01:26:16.399	0.97617	0.97617			6
2024.05.13	01:26:17.063	0.97618	0.97618			6
2024.05.13	01:26:17.499	0.97619	0.97619			6
2024.05.13	01:26:24.765	0.97626	0.97626			6
2024.05.13	01:26:24.794	0.97627	0.97627			6
2024.05.13	01:26:25.792	0.97628	0.97628			6
2024.05.13	01:26:26.455	0.97627	0.97627			6
2024.05.13	01:26:27.625	0.97625	0.97625			6
2024.05.13	01:26:27.655	0.97626	0.97626			6
2024.05.13	01:26:28.308	0.97627	0.97627			6
2024.05.13	01:26:35.973	0.97626	0.97626			6
2024.05.13	01:26:36.872	0.97625	0.97625			6
2024.05.13	01:26:36.901	0.97626	0.97626			6
2024.05.13	01:26:37.022	0.97627	0.97627			6
2024.05.13	01:26:37.571	0.97628	0.97628			6
2024.05.13	01:26:38.680	0.97629	0.97629			6
2024.05.13	01:26:40.279	0.97628	0.97628			6
2024.05.13	01:26:41.097	0.97625	0.97625			6
2024.05.13	01:26:41.399	0.97623	0.97623			6
2024.05.13	01:26:46.498	0.97624	0.97624			6
2024.05.13	01:26:48.694	0.97623	0.97623			6
2024.05.13	01:26:49.372	0.97622	0.97622			6
2024.05.13	01:26:49.660	0.97623	0.97623			6
2024.05.13	01:26:50.422	0.97622	0.97622			6
2024.05.13	01:26:51.150	0.97623	0.97623			6
2024.05.13	01:26:51.178	0.97622	0.97622			6
2024.05.13	01:26:51.450	0.97623	0.97623			6
2024.05.13	01:27:00.511	0.97623				2
2024.05.13	01:27:00.887	0.97622	0.97622			6
2024.05.13	01:27:07.281	0.97623	0.97623			6
2024.05.13	01:27:08.675	0.97622	0.97622			6
2024.05.13	01:27:11.542	0.97623	0.97623			6
2024.05.13	01:27:11.991	0.97622	0.97622			6
2024.05.13	01:27:14.790	0.97623	0.97623			6
2024.05.13	01:27:15.123	0.97622	0.97622			6
2024.05.13	01:27:23.179	0.97624	0.97624			6
2024.05.13	01:27:37.695	0.97623	0.97623			6
2024.05.13	01:27:37.783	0.97622	0.97622			6
2024.05.13	01:27:37.843	0.97620	0.97620			6
2024.05.13	01:27:43.194	0.97621	0.97621			6
2024.05.13	01:27:46.543	0.97620	0.97620			6
2024.05.13	01:27:48.099	0.97621	0.97621			6
2024.05.13	01:27:52.984	0.97623	0.97623			6
2024.05.13	01:27:53.660	0.97624	0.97624			6
2024.05.13	01:27:53.692	0.97623	0.97623			6
2024.05.13	01:27:54.171	0.97622	0.97622			6
2024.05.13	01:28:00.534	0.97622				2
2024.05.13	01:28:10.213	0.97619	0.97619			6
2024.05.13	01:28:10.949	0.97618	0.97618			6
2024.05.13	01:28:11.011	0.97619	0.97619			6
2024.05.13	01:28:11.202	0.97616	0.97616			6
2024.05.13	01:28:12.054	0.97612	0.97612			6
2024.05.13	01:28:12.384	0.97613	0.97613			6
2024.05.13	01:28:12.778	0.97614	0.97614			6
2024.05.13	01:28:19.453	0.97612	0.97612			6
2024.05.13	01:28:28.891	0.97611	0.97611			6
2024.05.13	01:28:30.967	0.97612	0.97612			6
2024.05.13	01:28:33.655	0.97611	0.97611			6
2024.05.13	01:28:35.347	0.97614	0.97614			6
2024.05.13	01:28:35.378	0.97612	0.97612			6
2024.05.13	01:28:35.408	0.97614	0.97614			6
2024.05.13	01:28:35.861	0.97612	0.97612			6
2024.05.13	01:28:36.872	0.97613	0.97613			6
2024.05.13	01:28:37.540	0.97614	0.97614			6
2024.05.13	01:28:37.975	0.97613	0.97613			6
2024.05.13	01:28:40.323	0.97612	0.97612			6
2024.05.13	01:28:42.651	0.97614	0.97614			6
2024.05.13	01:28:42.681	0.97612	0.97612			6
2024.05.13	01:28:43.770	0.97611	0.97611			6
2024.05.13	01:28:44.066	0.97612	0.97612			6
2024.05.13	01:28:44.808	0.97611	0.97611			6
2024.05.13	01:28:48.968	0.97612	0.97612			6
2024.05.13	01:28:50.153	0.97611	0.97611			6
2024.05.13	01:28:52.172	0.97610	0.97610			6
2024.05.13	01:28:52.547	0.97611	0.97611			6
2024.05.13	01:28:55.233	0.97610	0.97610			6
2024.05.13	01:28:56.566	0.97611	0.97611			6
2024.05.13	01:28:57.248	0.97610	0.97610			6
2024.05.13	01:28:57.519	0.97611	0.97611			6
2024.05.13	01:28:59.292	0.97610	0.97610			6
2024.05.13	01:28:59.578	0.97611	0.97611			6
2024.05.13	01:29:00.126	0.97610	0.97610			6
2024.05.13	01:29:00.667	0.97611	0.97611			6
2024.05.13	01:29:01.039	0.97610	0.97610			6
2024.05.13	01:29:01.317	0.97611	0.97611			6
2024.05.13	01:29:02.036	0.97610	0.97610			6
2024.05.13	01:29:02.317	0.97611	0.97611			6
2024.05.13	01:29:03.501	0.97613	0.97613			6
2024.05.13	01:29:03.859	0.97614	0.97614			6
2024.05.13	01:29:10.720	0.97613	0.97613			6
2024.05.13	01:29:11.689	0.97614	0.97614			6
2024.05.13	01:29:13.842	0.97613	0.97613			6
2024.05.13	01:29:22.152	0.97611	0.97611			6
2024.05.13	01:29:22.182	0.97612	0.97612			6
2024.05.13	01:29:22.211	0.97611	0.97611			6
2024.05.13	01:29:22.241	0.97612	0.97612			6
2024.05.13	01:29:22.421	0.97611	0.97611			6
2024.05.13	01:29:23.147	0.97610	0.97610			6
2024.05.13	01:29:23.649	0.97612	0.97612			6
2024.05.13	01:29:32.432	0.97610	0.97610			6
2024.05.13	01:29:32.686	0.97612	0.97612			6
2024.05.13	01:29:33.433	0.97610	0.97610			6
2024.05.13	01:29:33.834	0.97612	0.97612			6
2024.05.13	01:29:36.499	0.97610	0.97610			6
2024.05.13	01:29:37.157	0.97612	0.97612			6
2024.05.13	01:29:37.505	0.97610	0.97610			6
2024.05.13	01:29:38.071	0.97612	0.97612			6
2024.05.13	01:30:00.042	0.97612				2
2024.05.13	01:30:00.311	0.97610	0.97610			6
2024.05.13	01:30:02.292	0.97613	0.97613			6
2024.05.13	01:30:02.536	0.97614	0.97614			6
2024.05.13	01:30:04.273	0.97613	0.97613			6
2024.05.13	01:30:04.395	0.97612	0.97612			6
2024.05.13	01:30:04.484	0.97611	0.97611			6
2024.05.13	01:30:04.573	0.97610	0.97610			6
2024.05.13	01:30:06.094	0.97609	0.97609			6
2024.05.13	01:30:06.342	0.97608	0.97608			6
2024.05.13	01:30:06.433	0.97609	0.97609			6
2024.05.13	01:30:06.776	0.97608	0.97608			6
2024.05.13	01:30:06.805	0.97609	0.97609			6
2024.05.13	01:30:07.076	0.97608	0.97608			6
2024.05.13	01:30:07.406	0.97609	0.97609			6
2024.05.13	01:30:10.277	0.97610	0.97610			6
2024.05.13	01:30:10.397	0.97611	0.97611			6
2024.05.13	01:30:10.427	0.97612	0.97612			6
2024.05.13	01:30:10.457	0.97613	0.97613			6
2024.05.13	01:30:10.486	0.97614	0.97614			6
2024.05.13	01:30:10.787	0.97613	0.97613			6
2024.05.13	01:30:11.406	0.97612	0.97612			6
2024.05.13	01:30:12.152	0.97613	0.97613			6
2024.05.13	01:30:12.389	0.97612	0.97612			6
2024.05.13	01:30:13.171	0.97613	0.97613			6
2024.05.13	01:30:16.192	0.97611	0.97611			6
2024.05.13	01:30:16.252	0.97612	0.97612			6
2024.05.13	01:30:16.733	0.97613	0.97613			6
2024.05.13	01:30:21.397	0.97614	0.97614			6
2024.05.13	01:30:22.809	0.97613	0.97613			6
2024.05.13	01:30:22.918	0.97614	0.97614			6
2024.05.13	01:30:24.232	0.97615	0.97615			6
2024.05.13	01:30:25.368	0.97616	0.97616			6
2024.05.13	01:30:30.630	0.97617	0.97617			6
2024.05.13	01:30:30.659	0.97618	0.97618			6
2024.05.13	01:30:30.688	0.97619	0.97619			6
2024.05.13	01:30:30.718	0.97620	0.97620			6
2024.05.13	01:30:31.982	0.97621	0.97621			6
2024.05.13	01:30:32.191	0.97620	0.97620			6
2024.05.13	01:30:32.916	0.97621	0.97621			6
2024.05.13	01:30:33.793	0.97620	0.97620			6
2024.05.13	01:30:35.429	0.97619	0.97619			6
2024.05.13	01:30:35.608	0.97617	0.97617			6
2024.05.13	01:30:35.638	0.97619	0.97619			6
2024.05.13	01:30:35.729	0.97618	0.97618			6
2024.05.13	01:30:35.940	0.97619	0.97619			6
2024.05.13	01:30:36.459	0.97620	0.97620			6
2024.05.13	01:30:36.491	0.97618	0.97618			6
2024.05.13	01:30:37.680	0.97620	0.97620			6
2024.05.13	01:30:38.192	0.97619	0.97619			6
2024.05.13	01:30:38.252	0.97620	0.97620			6
2024.05.13	01:30:38.341	0.97619	0.97619			6
2024.05.13	01:30:39.243	0.97620	0.97620			6
2024.05.13	01:30:40.369	0.97621	0.97621			6
2024.05.13	01:30:40.428	0.97620	0.97620			6
2024.05.13	01:30:41.061	0.97621	0.97621			6
2024.05.13	01:30:41.090	0.97620	0.97620			6
2024.05.13	01:30:42.033	0.97621	0.97621			6
2024.05.13	01:30:42.309	0.97619	0.97619			6
2024.05.13	01:30:42.740	0.97620	0.97620			6
2024.05.13	01:30:51.076	0.97618	0.97618			6
2024.05.13	01:30:51.319	0.97617	0.97617			6
2024.05.13	01:30:52.312	0.97619	0.97619			6
2024.05.13	01:30:58.912	0.97618	0.97618			6
2024.05.13	01:30:59.900	0.97619	0.97619			6
2024.05.13	01:30:59.959	0.97620	0.97620			6
2024.05.13	01:31:00.079	0.97620				2
2024.05.13	01:31:00.349	0.97621	0.97621			6
2024.05.13	01:31:00.620	0.97620	0.97620			6
2024.05.13	01:31:00.921	0.97621	0.97621			6
2024.05.13	01:31:00.950	0.97620	0.97620			6
2024.05.13	01:31:01.069	0.97619	0.97619			6
2024.05.13	01:31:01.099	0.97618	0.97618			6
2024.05.13	01:31:01.430	0.97619	0.97619			6
2024.05.13	01:31:01.490	0.97618	0.97618			6
2024.05.13	01:31:02.140	0.97619	0.97619			6
2024.05.13	01:31:02.230	0.97620	0.97620			6
2024.05.13	01:31:03.942	0.97619	0.97619			6
2024.05.13	01:31:04.407	0.97620	0.97620			6
2024.05.13	01:31:04.846	0.97619	0.97619			6
2024.05.13	01:31:07.582	0.97620	0.97620			6
2024.05.13	01:31:08.257	0.97618	0.97618			6
2024.05.13	01:31:08.588	0.97617	0.97617			6
2024.05.13	01:31:09.992	0.97618	0.97618			6
2024.05.13	01:31:10.091	0.97619	0.97619			6
2024.05.13	01:31:10.122	0.97620	0.97620			6
2024.05.13	01:31:10.631	0.97621	0.97621			6
2024.05.13	01:31:12.006	0.97622	0.97622			6
2024.05.13	01:31:17.322	0.97621	0.97621			6
2024.05.13	01:31:20.648	0.97620	0.97620			6
2024.05.13	01:31:22.226	0.97621	0.97621			6
2024.05.13	01:31:38.789	0.97620	0.97620			6
2024.05.13	01:31:48.024	0.97621	0.97621			6
2024.05.13	01:31:48.236	0.97622	0.97622			6
2024.05.13	01:31:48.265	0.97623	0.97623			6
2024.05.13	01:31:49.301	0.97622	0.97622			6
2024.05.13	01:31:49.389	0.97623	0.97623			6
2024.05.13	01:31:50.621	0.97622	0.97622			6
2024.05.13	01:31:50.651	0.97620	0.97620			6
2024.05.13	01:31:51.133	0.97621	0.97621			6
2024.05.13	01:31:51.757	0.97620	0.97620			6
2024.05.13	01:31:52.405	0.97621	0.97621			6
2024.05.13	01:31:52.757	0.97620	0.97620			6
2024.05.13	01:31:58.550	0.97621	0.97621			6
2024.05.13	01:31:58.860	0.97622	0.97622			6
2024.05.13	01:31:59.069	0.97620	0.97620			6
2024.05.13	01:31:59.454	0.97621	0.97621			6
2024.05.13	01:32:01.853	0.97620	0.97620			6
2024.05.13	01:32:04.596	0.97627	0.97627			6
2024.05.13	01:32:04.655	0.97628	0.97628			6
2024.05.13	01:32:04.715	0.97630	0.97630			6
2024.05.13	01:32:06.309	0.97629	0.97629			6
2024.05.13	01:32:16.084	0.97628	0.97628			6
2024.05.13	01:32:17.516	0.97629	0.97629			6
2024.05.13	01:32:26.385	0.97628	0.97628			6
2024.05.13	01:32:27.530	0.97627	0.97627			6
2024.05.13	01:32:30.844	0.97628	0.97628			6
2024.05.13	01:32:31.028	0.97629	0.97629			6
2024.05.13	01:32:38.151	0.97628	0.97628			6
2024.05.13	01:32:48.422	0.97627	0.97627			6
2024.05.13	01:33:01.041	0.97627				2
2024.05.13	01:33:01.602	0.97629	0.97629			6
2024.05.13	01:33:06.231	0.97630	0.97630			6
2024.05.13	01:33:06.261	0.97629	0.97629			6
2024.05.13	01:33:13.062	0.97628	0.97628			6
2024.05.13	01:33:16.347	0.97627	0.97627			6
2024.05.13	01:33:21.427	0.97629	0.97629			6
2024.05.13	01:33:21.526	0.97630	0.97630			6
2024.05.13	01:33:24.075	0.97629	0.97629			6
2024.05.13	01:33:31.905	0.97630	0.97630			6
2024.05.13	01:33:32.283	0.97629	0.97629			6
2024.05.13	01:33:46.765	0.97627	0.97627			6
2024.05.13	01:33:46.825	0.97629	0.97629			6
2024.05.13	01:33:47.197	0.97630	0.97630			6
2024.05.13	01:33:47.770	0.97631	0.97631			6
2024.05.13	01:33:47.891	0.97630	0.97630			6
2024.05.13	01:33:48.745	0.97631	0.97631			6
2024.05.13	01:33:49.076	0.97632	0.97632			6
2024.05.13	01:34:02.354	0.97630	0.97630			6
2024.05.13	01:34:02.386	0.97631	0.97631			6
2024.05.13	01:34:02.838	0.97630	0.97630			6
2024.05.13	01:34:02.868	0.97631	0.97631			6
2024.05.13	01:34:03.050	0.97632	0.97632			6
2024.05.13	01:34:03.109	0.97631	0.97631			6
2024.05.13	01:34:03.139	0.97632	0.97632			6
2024.05.13	01:34:03.661	0.97631	0.97631			6
2024.05.13	01:34:03.998	0.97630	0.97630			6
2024.05.13	01:34:04.425	0.97631	0.97631			6
2024.05.13	01:34:04.636	0.97630	0.97630			6
2024.05.13	01:34:04.756	0.97631	0.97631			6
2024.05.13	01:34:05.033	0.97630	0.97630			6
2024.05.13	01:34:05.093	0.97629	0.97629			6
2024.05.13	01:34:05.154	0.97628	0.97628			6
2024.05.13	01:34:05.424	0.97629	0.97629			6
2024.05.13	01:34:13.634	0.97628	0.97628			6
2024.05.13	01:34:28.058	0.97625	0.97625			6
2024.05.13	01:34:28.449	0.97626	0.97626			6
2024.05.13	01:34:31.520	0.97628	0.97628			6
2024.05.13	01:34:31.549	0.97627	0.97627			6
2024.05.13	01:34:31.578	0.97626	0.97626			6
2024.05.13	01:34:31.688	0.97624	0.97624			6
2024.05.13	01:34:35.318	0.97625	0.97625			6
2024.05.13	01:34:47.832	0.97624	0.97624			6
2024.05.13	01:34:47.993	0.97626	0.97626			6
2024.05.13	01:34:48.503	0.97627	0.97627			6
2024.05.13	01:34:57.101	0.97624	0.97624			6
2024.05.13	01:34:57.250	0.97625	0.97625			6
2024.05.13	01:35:00.706	0.97624	0.97624			6
2024.05.13	01:35:00.939	0.97625	0.97625			6
2024.05.13	01:35:26.001	0.97623	0.97623			6
2024.05.13	01:35:31.279	0.97624	0.97624			6
2024.05.13	01:35:32.916	0.97625	0.97625			6
2024.05.13	01:35:33.594	0.97627	0.97627			6
2024.05.13	01:35:33.623	0.97628	0.97628			6
2024.05.13	01:35:33.932	0.97629	0.97629			6
2024.05.13	01:35:41.353	0.97628	0.97628			6
2024.05.13	01:35:41.611	0.97627	0.97627			6
2024.05.13	01:35:44.322	0.97626	0.97626			6
2024.05.13	01:35:45.097	0.97627	0.97627			6
2024.05.13	01:35:49.061	0.97626	0.97626			6
2024.05.13	01:35:49.150	0.97625	0.97625			6
2024.05.13	01:35:49.932	0.97626	0.97626			6
2024.05.13	01:35:53.672	0.97625	0.97625			6
2024.05.13	01:35:58.434	0.97626	0.97626			6
2024.05.13	01:35:58.792	0.97627	0.97627			6
2024.05.13	01:36:04.425	0.97626	0.97626			6
2024.05.13	01:36:04.713	0.97627	0.97627			6
2024.05.13	01:36:20.455	0.97624	0.97624			6
2024.05.13	01:36:20.486	0.97625	0.97625			6
2024.05.13	01:36:20.606	0.97624	0.97624			6
2024.05.13	01:36:22.993	0.97623	0.97623			6
2024.05.13	01:36:24.673	0.97624	0.97624			6
2024.05.13	01:36:25.271	0.97623	0.97623			6
2024.05.13	01:36:26.254	0.97624	0.97624			6
2024.05.13	01:36:27.062	0.97625	0.97625			6
2024.05.13	01:36:30.322	0.97624	0.97624			6
2024.05.13	01:36:40.708	0.97623	0.97623			6
2024.05.13	01:36:41.113	0.97624	0.97624			6
2024.05.13	01:36:45.260	0.97626	0.97626			6
2024.05.13	01:36:46.000	0.97625	0.97625			6
2024.05.13	01:36:46.032	0.97626	0.97626			6
2024.05.13	01:36:46.062	0.97627	0.97627			6
2024.05.13	01:36:46.123	0.97628	0.97628			6
2024.05.13	01:36:46.272	0.97627	0.97627			6
2024.05.13	01:36:46.392	0.97628	0.97628			6
2024.05.13	01:36:46.513	0.97627	0.97627			6
2024.05.13	01:36:46.603	0.97626	0.97626			6
2024.05.13	01:36:49.868	0.97625	0.97625			6
2024.05.13	01:36:52.710	0.97628	0.97628			6
2024.05.13	01:36:52.740	0.97630	0.97630			6
2024.05.13	01:36:53.041	0.97629	0.97629			6
2024.05.13	01:36:56.665	0.97628	0.97628			6
2024.05.13	01:37:02.703	0.97628				2
2024.05.13	01:37:15.621	0.97629	0.97629			6
2024.05.13	01:37:15.747	0.97627	0.97627			6
2024.05.13	01:37:15.776	0.97630	0.97630			6
2024.05.13	01:37:16.744	0.97629	0.97629			6
2024.05.13	01:37:20.447	0.97627	0.97627			6
2024.05.13	01:37:20.478	0.97628	0.97628			6
2024.05.13	01:37:20.597	0.97627	0.97627			6
2024.05.13	01:37:22.592	0.97628	0.97628			6
2024.05.13	01:37:31.438	0.97629	0.97629			6
2024.05.13	01:37:57.693	0.97628	0.97628			6
2024.05.13	01:37:57.873	0.97627	0.97627			6
2024.05.13	01:37:57.932	0.97628	0.97628			6
2024.05.13	01:37:58.171	0.97627	0.97627			6
2024.05.13	01:38:00.818	0.97628	0.97628			6
2024.05.13	01:38:01.267	0.97631	0.97631			6
2024.05.13	01:38:01.327	0.97633	0.97633			6
2024.05.13	01:38:02.874	0.97634	0.97634			6
2024.05.13	01:38:05.597	0.97635	0.97635			6
2024.05.13	01:38:07.498	0.97634	0.97634			6
2024.05.13	01:38:09.046	0.97635	0.97635			6
2024.05.13	01:38:09.959	0.97634	0.97634			6
2024.05.13	01:38:10.661	0.97633	0.97633			6
2024.05.13	01:38:10.691	0.97634	0.97634			6
2024.05.13	01:38:13.089	0.97635	0.97635			6
2024.05.13	01:38:13.798	0.97636	0.97636			6
2024.05.13	01:38:13.863	0.97635	0.97635			6
2024.05.13	01:38:14.940	0.97636	0.97636			6
2024.05.13	01:38:15.000	0.97634	0.97634			6
2024.05.13	01:38:15.030	0.97632	0.97632			6
2024.05.13	01:38:15.544	0.97631	0.97631			6
2024.05.13	01:38:15.805	0.97633	0.97633			6
2024.05.13	01:38:15.896	0.97634	0.97634			6
2024.05.13	01:38:20.161	0.97633	0.97633			6
2024.05.13	01:39:03.496	0.97633				2
2024.05.13	01:39:26.288		0.97633			4
2024.05.13	01:39:39.441	0.97634	0.97634			6
2024.05.13	01:39:39.801	0.97633	0.97633			6
2024.05.13	01:39:40.730	0.97634	0.97634			6
2024.05.13	01:39:40.879	0.97633	0.97633			6
2024.05.13	01:39:41.378	0.97634	0.97634			6
2024.05.13	01:39:42.844	0.97633	0.97633			6
2024.05.13	01:39:43.899	0.97634	0.97634			6
2024.05.13	01:39:44.957	0.97633	0.97633			6
2024.05.13	01:39:45.960	0.97634	0.97634			6
2024.05.13	01:39:49.116	0.97633	0.97633			6
2024.05.13	01:39:49.951	0.97634	0.97634			6
2024.05.13	01:40:02.591	0.97634				2
2024.05.13	01:40:07.801	0.97631	0.97631			6
2024.05.13	01:40:07.890	0.97634	0.97634			6
2024.05.13	01:40:08.041	0.97631	0.97631			6
2024.05.13	01:40:08.156	0.97634	0.97634			6
2024.05.13	01:40:08.216	0.97632	0.97632			6
2024.05.13	01:40:08.493	0.97634	0.97634			6
2024.05.13	01:40:10.662	0.97632	0.97632			6
2024.05.13	01:40:11.697	0.97634	0.97634			6
2024.05.13	01:40:11.756	0.97632	0.97632			6
2024.05.13	01:40:11.787	0.97633	0.97633			6
2024.05.13	01:40:11.817	0.97631	0.97631			6
2024.05.13	01:40:11.848	0.97632	0.97632			6
2024.05.13	01:40:14.096	0.97631	0.97631			6
2024.05.13	01:40:17.270	0.97632	0.97632			6
2024.05.13	01:40:32.423	0.97631	0.97631			6
2024.05.13	01:40:32.702	0.97632	0.97632			6
2024.05.13	01:40:35.670	0.97635	0.97635			6
2024.05.13	01:40:35.730	0.97636	0.97636			6
2024.05.13	01:40:35.759	0.97635	0.97635			6
2024.05.13	01:40:36.674	0.97636	0.97636			6
2024.05.13	01:41:10.121	0.97637	0.97637			6
2024.05.13	01:41:19.232	0.97636	0.97636			6
2024.05.13	01:41:19.501	0.97635	0.97635			6
2024.05.13	01:41:19.562	0.97633	0.97633			6
2024.05.13	01:41:21.770	0.97634	0.97634			6
2024.05.13	01:41:21.981	0.97635	0.97635			6
2024.05.13	01:41:37.053	0.97634	0.97634			6
2024.05.13	01:41:38.070	0.97635	0.97635			6
2024.05.13	01:41:38.622	0.97634	0.97634			6
2024.05.13	01:41:40.230	0.97635	0.97635			6
2024.05.13	01:41:52.546	0.97636	0.97636			6
2024.05.13	01:42:00.031	0.97633	0.97633			6
2024.05.13	01:42:00.524	0.97636	0.97636			6
2024.05.13	01:42:05.094	0.97635	0.97635			6
2024.05.13	01:42:06.094	0.97634	0.97634			6
2024.05.13	01:42:06.122	0.97633	0.97633			6
2024.05.13	01:42:06.512	0.97632	0.97632			6
2024.05.13	01:42:26.625	0.97630	0.97630			6
2024.05.13	01:42:26.656	0.97629	0.97629			6
2024.05.13	01:42:26.776	0.97630	0.97630			6
2024.05.13	01:42:27.231	0.97629	0.97629			6
2024.05.13	01:42:35.139	0.97630	0.97630			6
2024.05.13	01:42:35.409	0.97631	0.97631			6
2024.05.13	01:42:45.345	0.97634	0.97634			6
2024.05.13	01:42:45.375	0.97633	0.97633			6
2024.05.13	01:42:59.328	0.97632	0.97632			6
2024.05.13	01:42:59.831	0.97633	0.97633			6
2024.05.13	01:43:00.631	0.97632	0.97632			6
2024.05.13	01:43:02.157	0.97631	0.97631			6
2024.05.13	01:43:02.619	0.97630	0.97630			6
2024.05.13	01:43:02.896	0.97629	0.97629			6
2024.05.13	01:43:03.909	0.97630	0.97630			6
2024.05.13	01:43:07.090	0.97629	0.97629			6
2024.05.13	01:43:08.381	0.97628	0.97628			6
2024.05.13	01:43:08.439	0.97629	0.97629			6
2024.05.13	01:43:08.899	0.97630	0.97630			6
2024.05.13	01:43:11.337	0.97631	0.97631			6
2024.05.13	01:43:11.730	0.97632	0.97632			6
2024.05.13	01:43:15.749	0.97631	0.97631			6
2024.05.13	01:43:49.220	0.97632	0.97632			6
2024.05.13	01:43:50.482	0.97631	0.97631			6
2024.05.13	01:43:50.540	0.97632	0.97632			6
2024.05.13	01:43:50.570	0.97631	0.97631			6
2024.05.13	01:44:01.275	0.97631				2
2024.05.13	01:44:30.682	0.97632	0.97632			6
2024.05.13	01:44:32.130	0.97633	0.97633			6
2024.05.13	01:44:32.436	0.97632	0.97632			6
2024.05.13	01:44:38.120	0.97633	0.97633			6
2024.05.13	01:44:38.548	0.97632	0.97632			6
2024.05.13	01:44:56.574	0.97633	0.97633			6
2024.05.13	01:44:56.707	0.97632	0.97632			6
2024.05.13	01:44:57.359	0.97633	0.97633			6
2024.05.13	01:44:59.644	0.97632	0.97632			6
2024.05.13	01:45:02.163	0.97633	0.97633			6
2024.05.13	01:45:04.340	0.97634	0.97634			6
2024.05.13	01:45:07.241	0.97633	0.97633			6
2024.05.13	01:45:08.948	0.97630	0.97630			6
2024.05.13	01:45:09.256	0.97633	0.97633			6
2024.05.13	01:45:10.826	0.97632	0.97632			6
2024.05.13	01:45:11.203	0.97633	0.97633			6
2024.05.13	01:45:12.075	0.97632	0.97632			6
2024.05.13	01:45:28.923	0.97634	0.97634			6
2024.05.13	01:45:28.953	0.97636	0.97636			6
2024.05.13	01:45:28.983	0.97637	0.97637			6
2024.05.13	01:45:29.043	0.97636	0.97636			6
2024.05.13	01:45:29.073	0.97637	0.97637			6
2024.05.13	01:45:29.163	0.97636	0.97636			6
2024.05.13	01:45:42.073	0.97638	0.97638			6
2024.05.13	01:45:42.102	0.97637	0.97637			6
2024.05.13	01:45:42.403	0.97638	0.97638			6
2024.05.13	01:46:01.318	0.97638				2
2024.05.13	01:46:01.958	0.97637	0.97637			6
2024.05.13	01:46:27.240	0.97636	0.97636			6
2024.05.13	01:46:31.491	0.97639	0.97639			6
2024.05.13	01:46:31.521	0.97640	0.97640			6
2024.05.13	01:46:31.551	0.97638	0.97638			6
2024.05.13	01:46:32.266	0.97639	0.97639			6
2024.05.13	01:46:35.240	0.97640	0.97640			6
2024.05.13	01:46:46.420	0.97641	0.97641			6
2024.05.13	01:47:14.410	0.97640	0.97640			6
2024.05.13	01:47:39.668	0.97638	0.97638			6
2024.05.13	01:47:39.909	0.97637	0.97637			6
2024.05.13	01:47:40.198	0.97638	0.97638			6
2024.05.13	01:47:41.759	0.97639	0.97639			6
2024.05.13	01:47:44.724	0.97640	0.97640			6
2024.05.13	01:48:17.497	0.97640				2
2024.05.13	01:48:17.624	0.97641	0.97641			6
2024.05.13	01:48:19.881	0.97640	0.97640			6
2024.05.13	01:48:26.868	0.97639	0.97639			6
2024.05.13	01:48:27.273	0.97638	0.97638			6
2024.05.13	01:48:27.303	0.97637	0.97637			6
2024.05.13	01:48:27.511	0.97638	0.97638			6
2024.05.13	01:48:27.692	0.97637	0.97637			6
2024.05.13	01:48:32.694	0.97638	0.97638			6
2024.05.13	01:48:36.676	0.97637	0.97637			6
2024.05.13	01:48:38.346	0.97638	0.97638			6
2024.05.13	01:48:39.095	0.97637	0.97637			6
2024.05.13	01:49:05.947	0.97637				2
2024.05.13	01:49:07.778	0.97638	0.97638			6
2024.05.13	01:49:37.374	0.97636	0.97636			6
2024.05.13	01:49:37.615	0.97635	0.97635			6
2024.05.13	01:49:38.113	0.97636	0.97636			6
2024.05.13	01:49:41.233	0.97635	0.97635			6
2024.05.13	01:49:41.826	0.97637	0.97637			6
2024.05.13	01:49:42.607	0.97635	0.97635			6
2024.05.13	01:49:42.869	0.97637	0.97637			6
2024.05.13	01:49:43.258	0.97635	0.97635			6
2024.05.13	01:49:44.717	0.97636	0.97636			6
2024.05.13	01:49:47.699	0.97637	0.97637			6
2024.05.13	01:49:47.856	0.97636	0.97636			6
2024.05.13	01:49:48.107	0.97637	0.97637			6
2024.05.13	01:49:48.747	0.97636	0.97636			6
2024.05.13	01:49:48.777	0.97637	0.97637			6
2024.05.13	01:49:56.677	0.97639	0.97639			6
2024.05.13	01:49:56.946	0.97638	0.97638			6
2024.05.13	01:49:58.164	0.97639	0.97639			6
2024.05.13	01:50:00.715	0.97638	0.97638			6
2024.05.13	01:50:03.204	0.97639	0.97639			6
2024.05.13	01:50:41.926	0.97635	0.97635			6
2024.05.13	01:50:53.172	0.97636	0.97636			6
2024.05.13	01:50:54.366	0.97635	0.97635			6
2024.05.13	01:50:55.810	0.97636	0.97636			6
2024.05.13	01:51:05.745	0.97634	0.97634			6
2024.05.13	01:51:05.775	0.97635	0.97635			6
2024.05.13	01:51:05.835	0.97637	0.97637			6
2024.05.13	01:51:06.322	0.97636	0.97636			6
2024.05.13	01:51:08.081	0.97637	0.97637			6
2024.05.13	01:51:27.277	0.97639	0.97639			6
2024.05.13	01:51:27.308	0.97640	0.97640			6
2024.05.13	01:51:27.367	0.97641	0.97641			6
2024.05.13	01:51:28.655	0.97640	0.97640			6
2024.05.13	01:51:30.087	0.97641	0.97641			6
2024.05.13	01:51:33.068	0.97642	0.97642			6
2024.05.13	01:51:35.069	0.97641	0.97641			6
2024.05.13	01:51:36.741	0.97642	0.97642			6
2024.05.13	01:51:37.142	0.97641	0.97641			6
2024.05.13	01:51:38.307	0.97637	0.97637			6
2024.05.13	01:51:43.328	0.97638	0.97638			6
2024.05.13	01:51:53.279	0.97637	0.97637			6
2024.05.13	01:51:58.837	0.97638	0.97638			6
2024.05.13	01:51:58.866	0.97639	0.97639			6
2024.05.13	01:51:59.017	0.97640	0.97640			6
2024.05.13	01:52:01.238	0.97639	0.97639			6
2024.05.13	01:52:01.268	0.97638	0.97638			6
2024.05.13	01:52:02.395	0.97637	0.97637			6
2024.05.13	01:52:02.425	0.97636	0.97636			6
2024.05.13	01:52:02.755	0.97637	0.97637			6
2024.05.13	01:52:07.083	0.97635	0.97635			6
2024.05.13	01:52:09.275	0.97636	0.97636			6
2024.05.13	01:52:10.297	0.97637	0.97637			6
2024.05.13	01:52:16.801	0.97636	0.97636			6
2024.05.13	01:52:20.098	0.97637	0.97637			6
2024.05.13	01:52:25.418	0.97636	0.97636			6
2024.05.13	01:52:25.583	0.97637	0.97637			6
2024.05.13	01:52:27.558	0.97636	0.97636			6
2024.05.13	01:52:28.678	0.97637	0.97637			6
2024.05.13	01:52:29.294	0.97638	0.97638			6
2024.05.13	01:52:33.526	0.97637	0.97637			6
2024.05.13	01:53:02.809	0.97637				2
2024.05.13	01:53:07.422	0.97638	0.97638			6
2024.05.13	01:53:07.732	0.97637	0.97637			6
2024.05.13	01:53:12.855	0.97638	0.97638			6
2024.05.13	01:53:13.969	0.97637	0.97637			6
2024.05.13	01:53:17.538	0.97640	0.97640			6
2024.05.13	01:53:17.597	0.97641	0.97641			6
2024.05.13	01:53:18.062	0.97640	0.97640			6
2024.05.13	01:53:27.606	0.97641	0.97641			6
2024.05.13	01:53:28.054	0.97640	0.97640			6
2024.05.13	01:53:34.274	0.97641	0.97641			6
2024.05.13	01:53:37.015	0.97640	0.97640			6
2024.05.13	01:53:49.581	0.97641	0.97641			6
2024.05.13	01:53:55.306	0.97640	0.97640			6
2024.05.13	01:53:59.895	0.97641	0.97641			6
2024.05.13	01:54:00.197	0.97642	0.97642			6
2024.05.13	01:54:07.449	0.97640	0.97640			6
2024.05.13	01:54:10.297	0.97642	0.97642			6
2024.05.13	01:54:10.660	0.97641	0.97641			6
2024.05.13	01:54:14.938	0.97642	0.97642			6
2024.05.13	01:54:41.767	0.97641	0.97641			6
2024.05.13	01:54:46.374	0.97640	0.97640			6
2024.05.13	01:54:57.572	0.97641	0.97641			6
2024.05.13	01:54:59.258	0.97639	0.97639			6
2024.05.13	01:54:59.289	0.97637	0.97637			6
2024.05.13	01:54:59.472	0.97639	0.97639			6
2024.05.13	01:54:59.913	0.97638	0.97638			6
2024.05.13	01:55:00.032	0.97640	0.97640			6
2024.05.13	01:55:00.139	0.97637	0.97637			6
2024.05.13	01:55:00.169	0.97639	0.97639			6
2024.05.13	01:55:00.514	0.97638	0.97638			6
2024.05.13	01:55:01.044	0.97639	0.97639			6
2024.05.13	01:55:04.960	0.97638	0.97638			6
2024.05.13	01:55:06.010	0.97637	0.97637			6
2024.05.13	01:55:06.373	0.97638	0.97638			6
2024.05.13	01:55:08.830	0.97637	0.97637			6
2024.05.13	01:55:10.773	0.97638	0.97638			6
2024.05.13	01:55:29.708	0.97637	0.97637			6
2024.05.13	01:55:29.950	0.97636	0.97636			6
2024.05.13	01:55:30.100	0.97637	0.97637			6
2024.05.13	01:55:30.129	0.97638	0.97638			6
2024.05.13	01:55:31.030	0.97637	0.97637			6
2024.05.13	01:55:36.086	0.97638	0.97638			6
2024.05.13	01:55:36.116	0.97644	0.97644			6
2024.05.13	01:55:36.726	0.97642	0.97642			6
2024.05.13	01:55:37.052	0.97640	0.97640			6
2024.05.13	01:55:37.351	0.97641	0.97641			6
2024.05.13	01:55:41.957	0.97640	0.97640			6
2024.05.13	01:55:41.987	0.97639	0.97639			6
2024.05.13	01:55:43.992	0.97638	0.97638			6
2024.05.13	01:55:54.456	0.97637	0.97637			6
2024.05.13	01:55:54.713	0.97638	0.97638			6
2024.05.13	01:55:56.974	0.97637	0.97637			6
2024.05.13	01:55:58.006	0.97638	0.97638			6
2024.05.13	01:56:01.512	0.97639	0.97639			6
2024.05.13	01:56:01.542	0.97641	0.97641			6
2024.05.13	01:56:04.031	0.97640	0.97640			6
2024.05.13	01:56:05.090	0.97641	0.97641			6
2024.05.13	01:56:06.323	0.97640	0.97640			6
2024.05.13	01:56:06.413	0.97641	0.97641			6
2024.05.13	01:56:06.444	0.97640	0.97640			6
2024.05.13	01:56:06.593	0.97641	0.97641			6
2024.05.13	01:56:58.505	0.97642	0.97642			6
2024.05.13	01:57:00.049	0.97641	0.97641			6
2024.05.13	01:57:01.098	0.97639	0.97639			6
2024.05.13	01:57:01.536	0.97640	0.97640			6
2024.05.13	01:57:02.038	0.97639	0.97639			6
2024.05.13	01:57:02.560	0.97640	0.97640			6
2024.05.13	01:57:05.284	0.97641	0.97641			6
2024.05.13	01:57:05.410	0.97639	0.97639			6
2024.05.13	01:57:05.440	0.97637	0.97637			6
2024.05.13	01:57:06.046	0.97639	0.97639			6
2024.05.13	01:57:08.640	0.97637	0.97637			6
2024.05.13	01:57:08.852	0.97639	0.97639			6
2024.05.13	01:57:10.890	0.97638	0.97638			6
2024.05.13	01:57:11.548	0.97639	0.97639			6
2024.05.13	01:57:12.000	0.97641	0.97641			6
2024.05.13	01:57:12.348	0.97640	0.97640			6
2024.05.13	01:57:12.986	0.97641	0.97641			6
2024.05.13	01:57:55.218	0.97640	0.97640			6
2024.05.13	01:57:56.009	0.97641	0.97641			6
2024.05.13	01:58:02.027	0.97642	0.97642			6
2024.05.13	01:58:04.627	0.97641	0.97641			6
2024.05.13	01:58:05.428	0.97642	0.97642			6
2024.05.13	01:58:08.021	0.97641	0.97641			6
2024.05.13	01:58:09.740	0.97643	0.97643			6
2024.05.13	01:58:11.249	0.97644	0.97644			6
2024.05.13	01:58:11.986	0.97643	0.97643			6
2024.05.13	01:58:12.621	0.97642	0.97642			6
2024.05.13	01:58:13.739	0.97643	0.97643			6
2024.05.13	01:58:13.860	0.97642	0.97642			6
2024.05.13	01:58:14.102	0.97643	0.97643			6
2024.05.13	01:58:14.416	0.97642	0.97642			6
2024.05.13	01:58:15.682	0.97643	0.97643			6
2024.05.13	01:58:25.071	0.97642	0.97642			6
2024.05.13	01:58:26.408	0.97643	0.97643			6
2024.05.13	01:58:29.103	0.97641	0.97641			6
2024.05.13	01:58:29.132	0.97640	0.97640			6
2024.05.13	01:58:29.162	0.97641	0.97641			6
2024.05.13	01:58:29.855	0.97642	0.97642			6
2024.05.13	01:58:32.710	0.97641	0.97641			6
2024.05.13	01:58:35.451	0.97642	0.97642			6
2024.05.13	01:58:39.206	0.97643	0.97643			6
2024.05.13	01:58:39.598	0.97642	0.97642			6
2024.05.13	01:58:43.062	0.97641	0.97641			6
2024.05.13	01:58:44.609	0.97642	0.97642			6
2024.05.13	01:58:54.003	0.97644	0.97644			6
2024.05.13	01:58:54.153	0.97645	0.97645			6
2024.05.13	01:58:54.182	0.97646	0.97646			6
2024.05.13	01:58:54.758	0.97645	0.97645			6
2024.05.13	01:58:55.220	0.97646	0.97646			6
2024.05.13	01:58:55.340	0.97645	0.97645			6
2024.05.13	01:59:01.778	0.97646	0.97646			6
2024.05.13	01:59:02.480	0.97645	0.97645			6
2024.05.13	01:59:02.786	0.97646	0.97646			6
2024.05.13	01:59:03.517	0.97645	0.97645			6
2024.05.13	01:59:03.946	0.97646	0.97646			6
2024.05.13	01:59:05.037	0.97645	0.97645			6
2024.05.13	01:59:05.317	0.97646	0.97646			6
2024.05.13	01:59:05.579	0.97645	0.97645			6
2024.05.13	01:59:06.139	0.97646	0.97646			6
2024.05.13	01:59:06.617	0.97645	0.97645			6
2024.05.13	01:59:06.843	0.97644	0.97644			6
2024.05.13	01:59:16.680	0.97643	0.97643			6
2024.05.13	01:59:20.317	0.97642	0.97642			6
2024.05.13	01:59:30.584	0.97643	0.97643			6
2024.05.13	01:59:30.914	0.97642	0.97642			6
2024.05.13	01:59:49.867	0.97643	0.97643			6
2024.05.13	01:59:49.928	0.97645	0.97645			6
2024.05.13	01:59:49.987	0.97643	0.97643			6
2024.05.13	01:59:50.227	0.97644	0.97644			6
2024.05.13	01:59:50.929	0.97643	0.97643			6
2024.05.13	01:59:51.981	0.97642	0.97642			6
2024.05.13	01:59:53.951	0.97643	0.97643			6
2024.05.13	01:59:54.041	0.97642	0.97642			6
2024.05.13	01:59:54.538	0.97643	0.97643			6
2024.05.13	01:59:58.179	0.97642	0.97642			6
2024.05.13	01:59:58.240	0.97643	0.97643			6
2024.05.13	01:59:58.549	0.97644	0.97644			6
2024.05.13	01:59:58.810	0.97643	0.97643			6
2024.05.13	02:00:00.051	0.97641	0.97641			6
2024.05.13	02:00:01.162	0.97640	0.97640			6
2024.05.13	02:00:06.050	0.97639	0.97639			6
2024.05.13	02:00:06.079	0.97637	0.97637			6
2024.05.13	02:00:06.382	0.97638	0.97638			6
2024.05.13	02:00:06.501	0.97640	0.97640			6
2024.05.13	02:00:06.592	0.97639	0.97639			6
2024.05.13	02:00:06.801	0.97640	0.97640			6
2024.05.13	02:00:07.451	0.97639	0.97639			6
2024.05.13	02:00:10.526	0.97638	0.97638			6
2024.05.13	02:00:10.826	0.97637	0.97637			6
2024.05.13	02:00:11.821	0.97638	0.97638			6
2024.05.13	02:00:12.788	0.97637	0.97637			6
2024.05.13	02:00:25.813	0.97638	0.97638			6
2024.05.13	02:00:26.601	0.97639	0.97639			6
2024.05.13	02:00:28.851	0.97638	0.97638			6
2024.05.13	02:00:30.265	0.97639	0.97639			6
2024.05.13	02:00:30.927	0.97638	0.97638			6
2024.05.13	02:00:31.486	0.97639	0.97639			6
2024.05.13	02:00:31.859	0.97638	0.97638			6
2024.05.13	02:00:32.790	0.97639	0.97639			6
2024.05.13	02:00:35.738	0.97638	0.97638			6
2024.05.13	02:00:35.890	0.97639	0.97639			6
2024.05.13	02:00:36.989	0.97638	0.97638			6
2024.05.13	02:00:37.102	0.97639	0.97639			6
2024.05.13	02:00:38.164	0.97638	0.97638			6
2024.05.13	02:00:39.549	0.97639	0.97639			6
2024.05.13	02:00:40.458	0.97638	0.97638			6
2024.05.13	02:00:43.239	0.97639	0.97639			6
2024.05.13	02:00:54.397	0.97638	0.97638			6
2024.05.13	02:01:00.373	0.97638				2
2024.05.13	02:01:02.769	0.97639	0.97639			6
2024.05.13	02:01:06.647	0.97638	0.97638			6
2024.05.13	02:01:16.966	0.97637	0.97637			6
2024.05.13	02:01:26.742	0.97638	0.97638			6
2024.05.13	02:01:27.780	0.97637	0.97637			6
2024.05.13	02:01:44.837	0.97638	0.97638			6
2024.05.13	02:01:44.869	0.97637	0.97637			6
2024.05.13	02:01:58.797	0.97636	0.97636			6
2024.05.13	02:01:58.826	0.97635	0.97635			6
2024.05.13	02:01:58.960	0.97636	0.97636			6
2024.05.13	02:01:58.990	0.97635	0.97635			6
2024.05.13	02:02:00.115	0.97635				2
2024.05.13	02:02:02.733	0.97636	0.97636			6
2024.05.13	02:02:02.883	0.97635	0.97635			6
2024.05.13	02:02:05.326	0.97639	0.97639			6
2024.05.13	02:02:05.356	0.97637	0.97637			6
2024.05.13	02:02:05.386	0.97639	0.97639			6
2024.05.13	02:02:06.288	0.97638	0.97638			6
2024.05.13	02:02:06.558	0.97637	0.97637			6
2024.05.13	02:02:08.910	0.97636	0.97636			6
2024.05.13	02:02:09.845	0.97642	0.97642			6
2024.05.13	02:02:10.608	0.97643	0.97643			6
2024.05.13	02:02:11.647	0.97642	0.97642			6
2024.05.13	02:02:12.895	0.97641	0.97641			6
2024.05.13	02:02:13.204	0.97642	0.97642			6
2024.05.13	02:02:14.841	0.97641	0.97641			6
2024.05.13	02:02:15.847	0.97642	0.97642			6
2024.05.13	02:02:16.071	0.97644	0.97644			6
2024.05.13	02:02:17.332	0.97642	0.97642			6
2024.05.13	02:02:17.576	0.97641	0.97641			6
2024.05.13	02:02:17.873	0.97643	0.97643			6
2024.05.13	02:02:18.116	0.97646	0.97646			6
2024.05.13	02:02:18.147	0.97650	0.97650			6
2024.05.13	02:02:18.206	0.97648	0.97648			6
2024.05.13	02:02:19.086	0.97646	0.97646			6
2024.05.13	02:02:19.115	0.97645	0.97645			6
2024.05.13	02:02:19.144	0.97644	0.97644			6
2024.05.13	02:02:19.766	0.97646	0.97646			6
2024.05.13	02:02:20.098	0.97645	0.97645			6
2024.05.13	02:02:20.272	0.97646	0.97646			6
2024.05.13	02:02:20.304	0.97645	0.97645			6
2024.05.13	02:02:20.916	0.97644	0.97644			6
2024.05.13	02:02:24.000	0.97645	0.97645			6
2024.05.13	02:02:24.868	0.97644	0.97644			6
2024.05.13	02:02:31.124	0.97643	0.97643			6
2024.05.13	02:02:31.155	0.97645	0.97645			6
2024.05.13	02:02:31.186	0.97644	0.97644			6
2024.05.13	02:02:31.454	0.97645	0.97645			6
2024.05.13	02:02:31.740	0.97644	0.97644			6
2024.05.13	02:02:31.923	0.97643	0.97643			6
2024.05.13	02:02:34.889	0.97644	0.97644			6
2024.05.13	02:02:36.964	0.97645	0.97645			6
2024.05.13	02:02:44.430	0.97644	0.97644			6
2024.05.13	02:02:45.307	0.97645	0.97645			6
2024.05.13	02:02:45.338	0.97644	0.97644			6
2024.05.13	02:02:48.586	0.97645	0.97645			6
2024.05.13	02:02:49.121	0.97646	0.97646			6
2024.05.13	02:03:00.101	0.97645	0.97645			6
2024.05.13	02:03:00.802	0.97644	0.97644			6
2024.05.13	02:03:00.832	0.97645	0.97645			6
2024.05.13	02:03:00.922	0.97644	0.97644			6
2024.05.13	02:03:01.834	0.97645	0.97645			6
2024.05.13	02:03:01.964	0.97644	0.97644			6
2024.05.13	02:03:02.876	0.97645	0.97645			6
2024.05.13	02:03:03.008	0.97644	0.97644			6
2024.05.13	02:03:03.906	0.97645	0.97645			6
2024.05.13	02:03:04.045	0.97644	0.97644			6
2024.05.13	02:03:04.943	0.97645	0.97645			6
2024.05.13	02:03:05.067	0.97644	0.97644			6
2024.05.13	02:03:05.097	0.97645	0.97645			6
2024.05.13	02:03:05.158	0.97644	0.97644			6
2024.05.13	02:03:05.367	0.97645	0.97645			6
2024.05.13	02:03:05.427	0.97644	0.97644			6
2024.05.13	02:03:06.526	0.97645	0.97645			6
2024.05.13	02:03:07.187	0.97646	0.97646			6
2024.05.13	02:03:07.277	0.97645	0.97645			6
2024.05.13	02:03:07.416	0.97643	0.97643			6
2024.05.13	02:03:30.204	0.97644	0.97644			6
2024.05.13	02:03:30.264	0.97643	0.97643			6
2024.05.13	02:03:30.995	0.97644	0.97644			6
2024.05.13	02:03:34.343	0.97645	0.97645			6
2024.05.13	02:03:35.126	0.97642	0.97642			6
2024.05.13	02:03:35.156	0.97641	0.97641			6
2024.05.13	02:03:35.306	0.97640	0.97640			6
2024.05.13	02:03:40.819	0.97639	0.97639			6
2024.05.13	02:03:42.345	0.97640	0.97640			6
2024.05.13	02:03:50.152	0.97639	0.97639			6
2024.05.13	02:03:50.435	0.97640	0.97640			6
2024.05.13	02:03:53.506	0.97639	0.97639			6
2024.05.13	02:04:11.255	0.97637	0.97637			6
2024.05.13	02:04:11.531	0.97635	0.97635			6
2024.05.13	02:04:16.124	0.97637	0.97637			6
2024.05.13	02:04:16.154	0.97636	0.97636			6
2024.05.13	02:04:16.184	0.97637	0.97637			6
2024.05.13	02:04:16.453	0.97636	0.97636			6
2024.05.13	02:04:16.755	0.97637	0.97637			6
2024.05.13	02:04:16.784	0.97638	0.97638			6
2024.05.13	02:04:16.844	0.97637	0.97637			6
2024.05.13	02:04:17.776	0.97638	0.97638			6
2024.05.13	02:04:17.926	0.97637	0.97637			6
2024.05.13	02:04:24.290	0.97636	0.97636			6
2024.05.13	02:04:28.408	0.97635	0.97635			6
2024.05.13	02:04:29.825	0.97636	0.97636			6
2024.05.13	02:04:29.855	0.97638	0.97638			6
2024.05.13	02:04:29.947	0.97639	0.97639			6
2024.05.13	02:04:30.007	0.97637	0.97637			6
2024.05.13	02:04:30.428	0.97636	0.97636			6
2024.05.13	02:04:31.642	0.97637	0.97637			6
2024.05.13	02:04:31.823	0.97636	0.97636			6
2024.05.13	02:04:36.823	0.97637	0.97637			6
2024.05.13	02:04:56.683	0.97636	0.97636			6
2024.05.13	02:04:56.714	0.97635	0.97635			6
2024.05.13	02:04:56.802	0.97636	0.97636			6
2024.05.13	02:04:57.111	0.97635	0.97635			6
2024.05.13	02:05:00.450	0.97636	0.97636			6
2024.05.13	02:05:06.173	0.97637	0.97637			6
2024.05.13	02:05:06.352	0.97638	0.97638			6
2024.05.13	02:05:06.451	0.97639	0.97639			6
2024.05.13	02:05:07.124	0.97638	0.97638			6
2024.05.13	02:05:11.330	0.97637	0.97637			6
2024.05.13	02:05:11.361	0.97636	0.97636			6
2024.05.13	02:05:12.427	0.97637	0.97637			6
2024.05.13	02:05:24.141	0.97638	0.97638			6
2024.05.13	02:05:24.170	0.97636	0.97636			6
2024.05.13	02:05:24.201	0.97637	0.97637			6
2024.05.13	02:05:24.355	0.97636	0.97636			6
2024.05.13	02:05:25.066	0.97637	0.97637			6
2024.05.13	02:05:26.540	0.97636	0.97636			6
2024.05.13	02:05:26.869	0.97637	0.97637			6
2024.05.13	02:05:27.110	0.97636	0.97636			6
2024.05.13	02:05:27.587	0.97637	0.97637			6
2024.05.13	02:05:28.115	0.97636	0.97636			6
2024.05.13	02:05:36.664	0.97637	0.97637			6
2024.05.13	02:05:45.637	0.97636	0.97636			6
2024.05.13	02:05:55.607	0.97635	0.97635			6
2024.05.13	02:05:57.325	0.97636	0.97636			6
2024.05.13	02:06:00.403	0.97636				2
2024.05.13	02:06:01.238	0.97637	0.97637			6
2024.05.13	02:06:03.293	0.97639	0.97639			6
2024.05.13	02:06:03.472	0.97638	0.97638			6
2024.05.13	02:06:03.866	0.97637	0.97637			6
2024.05.13	02:06:04.355	0.97638	0.97638			6
2024.05.13	02:06:04.386	0.97639	0.97639			6
2024.05.13	02:06:04.789	0.97638	0.97638			6
2024.05.13	02:06:05.386	0.97637	0.97637			6
2024.05.13	02:06:08.288	0.97636	0.97636			6
2024.05.13	02:06:13.743	0.97637	0.97637			6
2024.05.13	02:06:45.279	0.97635	0.97635			6
2024.05.13	02:06:45.338	0.97638	0.97638			6
2024.05.13	02:06:45.903	0.97636	0.97636			6
2024.05.13	02:06:46.478	0.97637	0.97637			6
2024.05.13	02:06:46.811	0.97636	0.97636			6
2024.05.13	02:06:47.278	0.97637	0.97637			6
2024.05.13	02:06:53.468	0.97638	0.97638			6
2024.05.13	02:06:56.639	0.97637	0.97637			6
2024.05.13	02:07:05.748	0.97636	0.97636			6
2024.05.13	02:07:10.226	0.97637	0.97637			6
2024.05.13	02:07:18.084	0.97639	0.97639			6
2024.05.13	02:07:18.115	0.97638	0.97638			6
2024.05.13	02:07:18.173	0.97639	0.97639			6
2024.05.13	02:07:18.293	0.97638	0.97638			6
2024.05.13	02:07:18.625	0.97640	0.97640			6
2024.05.13	02:07:18.654	0.97639	0.97639			6
2024.05.13	02:07:18.746	0.97637	0.97637			6
2024.05.13	02:07:18.985	0.97638	0.97638			6
2024.05.13	02:07:21.702	0.97637	0.97637			6
2024.05.13	02:07:22.035	0.97638	0.97638			6
2024.05.13	02:07:22.185	0.97637	0.97637			6
2024.05.13	02:07:22.305	0.97638	0.97638			6
2024.05.13	02:07:22.606	0.97639	0.97639			6
2024.05.13	02:07:24.878	0.97637	0.97637			6
2024.05.13	02:07:24.937	0.97638	0.97638			6
2024.05.13	02:07:32.332	0.97637	0.97637			6
2024.05.13	02:07:52.911	0.97638	0.97638			6
2024.05.13	02:08:06.707	0.97637	0.97637			6
2024.05.13	02:08:07.567	0.97638	0.97638			6
2024.05.13	02:08:07.598	0.97640	0.97640			6
2024.05.13	02:08:07.687	0.97639	0.97639			6
2024.05.13	02:08:08.785	0.97640	0.97640			6
2024.05.13	02:08:08.994	0.97639	0.97639			6
2024.05.13	02:08:09.336	0.97640	0.97640			6
2024.05.13	02:08:21.119	0.97639	0.97639			6
2024.05.13	02:08:21.208	0.97640	0.97640			6
2024.05.13	02:08:21.684	0.97639	0.97639			6
2024.05.13	02:08:22.230	0.97640	0.97640			6
