<DATE>	<TIME>	<BID>	<ASK>	<LAST>	<VOLUME>	<FLAGS>
2024.04.22	00:00:01.289	0.97004	0.97004			6
2024.04.22	00:00:09.211	0.97015	0.97015			6
2024.04.22	00:00:15.208	0.97009	0.97009			6
2024.04.22	00:01:51.871	0.97009	0.97009			6
2024.04.22	00:02:01.505	0.97009				2
2024.04.22	00:02:43.509	0.96974	0.96974			6
2024.04.22	00:03:01.534	0.96974				2
2024.04.22	00:04:20.132	0.96952	0.96952			6
2024.04.22	00:05:02.610	0.96921	0.96921			6
2024.04.22	00:05:02.641	0.96928	0.96928			6
2024.04.22	00:05:02.670	0.96924	0.96924			6
2024.04.22	00:05:02.700	0.96921	0.96921			6
2024.04.22	00:05:02.730	0.96924	0.96924			6
2024.04.22	00:05:02.760	0.96928	0.96928			6
2024.04.22	00:05:02.790	0.96921	0.96921			6
2024.04.22	00:05:02.851	0.96928	0.96928			6
2024.04.22	00:05:02.881	0.96924	0.96924			6
2024.04.22	00:05:02.911	0.96928	0.96928			6
2024.04.22	00:05:02.972	0.96921	0.96921			6
2024.04.22	00:05:37.356	0.96994	0.96994			6
2024.04.22	00:05:46.307	0.96998	0.96998			6
2024.04.22	00:06:41.319	0.96999	0.96999			6
2024.04.22	00:09:31.803	0.97006	0.97006			6
2024.04.22	00:09:34.364	0.97005	0.97005			6
2024.04.22	00:09:36.588	0.97006	0.97006			6
2024.04.22	00:09:41.082	0.96999	0.96999			6
2024.04.22	00:10:09.246	0.96994	0.96994			6
2024.04.22	00:10:14.473	0.96995	0.96995			6
2024.04.22	00:10:26.270	0.96996	0.96996			6
2024.04.22	00:10:30.967	0.96997	0.96997			6
2024.04.22	00:10:34.611	0.96998	0.96998			6
2024.04.22	00:10:42.016	0.96997	0.96997			6
2024.04.22	00:10:43.592	0.96999	0.96999			6
2024.04.22	00:10:50.491	0.96990	0.96990			6
2024.04.22	00:19:07.407	0.96995	0.96995			6
2024.04.22	00:19:08.219	0.96996	0.96996			6
2024.04.22	00:19:58.933	0.96998	0.96998			6
2024.04.22	00:20:53.918	0.96997	0.96997			6
2024.04.22	00:21:31.018	0.97002	0.97002			6
2024.04.22	00:21:46.907	0.97008	0.97008			6
2024.04.22	00:21:53.131	0.97003	0.97003			6
2024.04.22	00:21:57.150	0.96997	0.96997			6
2024.04.22	00:21:58.352	0.97002	0.97002			6
2024.04.22	00:22:05.437	0.96997	0.96997			6
2024.04.22	00:22:07.754	0.97003	0.97003			6
2024.04.22	00:22:18.946	0.96996	0.96996			6
2024.04.22	00:22:30.972	0.96987	0.96987			6
2024.04.22	00:22:41.326	0.96992	0.96992			6
2024.04.22	00:22:48.238	0.96996	0.96996			6
2024.04.22	00:22:58.050	0.96992	0.96992			6
2024.04.22	00:22:58.141	0.96996	0.96996			6
2024.04.22	00:22:58.171	0.96992	0.96992			6
2024.04.22	00:22:58.330	0.96996	0.96996			6
2024.04.22	00:22:58.360	0.96992	0.96992			6
2024.04.22	00:22:58.577	0.96996	0.96996			6
2024.04.22	00:22:58.607	0.96992	0.96992			6
2024.04.22	00:22:58.772	0.96996	0.96996			6
2024.04.22	00:22:58.801	0.96992	0.96992			6
2024.04.22	00:22:58.832	0.96996	0.96996			6
2024.04.22	00:22:58.862	0.96992	0.96992			6
2024.04.22	00:22:58.904	0.96996	0.96996			6
2024.04.22	00:22:58.965	0.96992	0.96992			6
2024.04.22	00:23:00.265	0.96989	0.96989			6
2024.04.22	00:23:00.632	0.96990	0.96990			6
2024.04.22	00:23:01.101	0.96989	0.96989			6
2024.04.22	00:23:02.099	0.96990	0.96990			6
2024.04.22	00:23:02.602	0.96989	0.96989			6
2024.04.22	00:23:02.663	0.96990	0.96990			6
2024.04.22	00:23:02.693	0.96989	0.96989			6
2024.04.22	00:23:02.723	0.96990	0.96990			6
2024.04.22	00:23:02.752	0.96991	0.96991			6
2024.04.22	00:23:02.783	0.96989	0.96989			6
2024.04.22	00:23:02.874	0.96996	0.96996			6
2024.04.22	00:23:02.904	0.96989	0.96989			6
2024.04.22	00:23:03.755	0.96990	0.96990			6
2024.04.22	00:23:03.815	0.96989	0.96989			6
2024.04.22	00:23:03.905	0.96990	0.96990			6
2024.04.22	00:23:03.950	0.96989	0.96989			6
2024.04.22	00:23:03.980	0.96990	0.96990			6
2024.04.22	00:23:04.011	0.96989	0.96989			6
2024.04.22	00:23:04.070	0.96990	0.96990			6
2024.04.22	00:23:04.130	0.96989	0.96989			6
2024.04.22	00:23:04.190	0.96990	0.96990			6
2024.04.22	00:23:04.250	0.96989	0.96989			6
2024.04.22	00:23:04.309	0.96990	0.96990			6
2024.04.22	00:23:04.436	0.96989	0.96989			6
2024.04.22	00:23:04.497	0.96990	0.96990			6
2024.04.22	00:23:04.526	0.96989	0.96989			6
2024.04.22	00:23:04.586	0.96990	0.96990			6
2024.04.22	00:23:04.645	0.96989	0.96989			6
2024.04.22	00:23:04.705	0.96990	0.96990			6
2024.04.22	00:23:04.767	0.96989	0.96989			6
2024.04.22	00:23:04.826	0.96990	0.96990			6
2024.04.22	00:23:04.856	0.96989	0.96989			6
2024.04.22	00:23:04.931	0.96990	0.96990			6
2024.04.22	00:23:04.960	0.96989	0.96989			6
2024.04.22	00:23:05.010	0.96990	0.96990			6
2024.04.22	00:23:05.041	0.96989	0.96989			6
2024.04.22	00:23:05.070	0.96990	0.96990			6
2024.04.22	00:23:05.162	0.96989	0.96989			6
2024.04.22	00:23:05.266	0.96990	0.96990			6
2024.04.22	00:23:05.326	0.96989	0.96989			6
2024.04.22	00:23:05.371	0.96990	0.96990			6
2024.04.22	00:23:05.400	0.96989	0.96989			6
2024.04.22	00:23:05.430	0.96990	0.96990			6
2024.04.22	00:23:05.491	0.96996	0.96996			6
2024.04.22	00:23:05.552	0.96990	0.96990			6
2024.04.22	00:23:05.583	0.96989	0.96989			6
2024.04.22	00:23:07.654	0.96996	0.96996			6
2024.04.22	00:23:08.039	0.96989	0.96989			6
2024.04.22	00:23:08.128	0.96996	0.96996			6
2024.04.22	00:23:08.159	0.96989	0.96989			6
2024.04.22	00:23:42.112	0.96996	0.96996			6
2024.04.22	00:23:43.216	0.96989	0.96989			6
2024.04.22	00:23:51.436	0.96991	0.96991			6
2024.04.22	00:24:11.867	0.96992	0.96992			6
2024.04.22	00:24:11.897	0.96991	0.96991			6
2024.04.22	00:24:13.918	0.96992	0.96992			6
2024.04.22	00:24:23.086	0.96993	0.96993			6
2024.04.22	00:24:35.365	0.96996	0.96996			6
2024.04.22	00:24:38.217	0.96993	0.96993			6
2024.04.22	00:25:01.902	0.96996	0.96996			6
2024.04.22	00:25:39.788	0.96993	0.96993			6
2024.04.22	00:25:43.734	0.96990	0.96990			6
2024.04.22	00:25:50.229	0.96993	0.96993			6
2024.04.22	00:27:00.717	0.96996	0.96996			6
2024.04.22	00:27:13.631	0.96989	0.96989			6
2024.04.22	00:27:23.370	0.96986	0.96986			6
2024.04.22	00:27:23.504	0.96989	0.96989			6
2024.04.22	00:27:23.534	0.96996	0.96996			6
2024.04.22	00:27:44.006	0.96999	0.96999			6
2024.04.22	00:27:54.129	0.96996	0.96996			6
2024.04.22	00:28:20.760	0.97003	0.97003			6
2024.04.22	00:28:30.586	0.96996	0.96996			6
2024.04.22	00:28:32.655	0.96988	0.96988			6
2024.04.22	00:28:33.105	0.96996	0.96996			6
2024.04.22	00:28:41.305	0.96988	0.96988			6
2024.04.22	00:28:43.737	0.96994	0.96994			6
2024.04.22	00:28:46.255	0.97003	0.97003			6
2024.04.22	00:28:50.937	0.96993	0.96993			6
2024.04.22	00:28:52.406	0.97003	0.97003			6
2024.04.22	00:29:46.001	0.96997	0.96997			6
2024.04.22	00:29:47.939	0.97003	0.97003			6
2024.04.22	00:30:00.171	0.97000	0.97000			6
2024.04.22	00:30:00.584	0.96989	0.96989			6
2024.04.22	00:30:00.715	0.96995	0.96995			6
2024.04.22	00:30:11.319	0.96992	0.96992			6
2024.04.22	00:30:28.683	0.96985	0.96985			6
2024.04.22	00:30:33.399	0.96992	0.96992			6
2024.04.22	00:30:34.454	0.96987	0.96987			6
2024.04.22	00:30:36.722	0.96988	0.96988			6
2024.04.22	00:30:40.309	0.96989	0.96989			6
2024.04.22	00:30:44.798	0.96987	0.96987			6
2024.04.22	00:30:44.827	0.96983	0.96983			6
2024.04.22	00:30:45.928	0.96986	0.96986			6
2024.04.22	00:30:49.420	0.96987	0.96987			6
2024.04.22	00:30:49.480	0.96996	0.96996			6
2024.04.22	00:30:52.950	0.96983	0.96983			6
2024.04.22	00:30:55.583	0.96985	0.96985			6
2024.04.22	00:31:01.767	0.96987	0.96987			6
2024.04.22	00:31:04.436	0.96988	0.96988			6
2024.04.22	00:31:05.835	0.96989	0.96989			6
2024.04.22	00:31:06.223	0.96990	0.96990			6
2024.04.22	00:31:06.495	0.96998	0.96998			6
2024.04.22	00:31:25.955	0.97001	0.97001			6
2024.04.22	00:32:20.956	0.97003	0.97003			6
2024.04.22	00:33:15.948	0.97006	0.97006			6
2024.04.22	00:33:31.630	0.97009	0.97009			6
2024.04.22	00:33:34.027	0.97012	0.97012			6
2024.04.22	00:33:37.401	0.97014	0.97014			6
2024.04.22	00:34:26.618	0.97017	0.97017			6
2024.04.22	00:34:32.401	0.97018	0.97018			6
2024.04.22	00:36:00.191	0.97013	0.97013			6
2024.04.22	00:36:01.524	0.97014	0.97014			6
2024.04.22	00:36:01.584	0.97015	0.97015			6
2024.04.22	00:36:01.741	0.97013	0.97013			6
2024.04.22	00:36:03.507	0.97015	0.97015			6
2024.04.22	00:36:04.107	0.97013	0.97013			6
2024.04.22	00:36:27.085	0.97015	0.97015			6
2024.04.22	00:36:27.144	0.97016	0.97016			6
2024.04.22	00:36:28.613	0.97013	0.97013			6
2024.04.22	00:36:39.447	0.97012	0.97012			6
2024.04.22	00:37:06.662	0.97015	0.97015			6
2024.04.22	00:37:06.691	0.97014	0.97014			6
2024.04.22	00:37:08.171	0.97012	0.97012			6
2024.04.22	00:37:12.681	0.97016	0.97016			6
2024.04.22	00:37:12.805	0.97012	0.97012			6
2024.04.22	00:37:25.054	0.97014	0.97014			6
2024.04.22	00:37:25.083	0.97015	0.97015			6
2024.04.22	00:37:25.114	0.97014	0.97014			6
2024.04.22	00:37:27.861	0.97016	0.97016			6
2024.04.22	00:37:29.418	0.97012	0.97012			6
2024.04.22	00:37:40.436	0.97013	0.97013			6
2024.04.22	00:38:57.887	0.97014	0.97014			6
2024.04.22	00:39:15.449	0.97013	0.97013			6
2024.04.22	00:39:15.529	0.97012	0.97012			6
2024.04.22	00:39:17.047	0.97013	0.97013			6
2024.04.22	00:40:17.188	0.97014	0.97014			6
2024.04.22	00:40:17.217	0.97018	0.97018			6
2024.04.22	00:40:17.247	0.97019	0.97019			6
2024.04.22	00:40:17.277	0.97020	0.97020			6
2024.04.22	00:40:17.337	0.97021	0.97021			6
2024.04.22	00:40:17.367	0.97019	0.97019			6
2024.04.22	00:40:17.464	0.97018	0.97018			6
2024.04.22	00:40:21.758	0.97017	0.97017			6
2024.04.22	00:40:24.910	0.97015	0.97015			6
2024.04.22	00:40:24.941	0.97013	0.97013			6
2024.04.22	00:40:24.971	0.97010	0.97010			6
2024.04.22	00:40:25.031	0.97013	0.97013			6
2024.04.22	00:40:25.075	0.97012	0.97012			6
2024.04.22	00:40:43.418	0.97013	0.97013			6
2024.04.22	00:41:09.513	0.97016	0.97016			6
2024.04.22	00:41:16.306	0.97013	0.97013			6
2024.04.22	00:41:53.770	0.97010	0.97010			6
2024.04.22	00:41:54.577	0.97013	0.97013			6
2024.04.22	00:42:38.903	0.97015	0.97015			6
2024.04.22	00:42:38.934	0.97016	0.97016			6
2024.04.22	00:42:38.999	0.97017	0.97017			6
2024.04.22	00:42:39.029	0.97018	0.97018			6
2024.04.22	00:42:39.059	0.97019	0.97019			6
2024.04.22	00:42:39.125	0.97020	0.97020			6
2024.04.22	00:42:39.156	0.97018	0.97018			6
2024.04.22	00:42:39.243	0.97017	0.97017			6
2024.04.22	00:42:45.725	0.97016	0.97016			6
2024.04.22	00:44:08.126	0.97018	0.97018			6
2024.04.22	00:44:08.156	0.97019	0.97019			6
2024.04.22	00:44:08.216	0.97018	0.97018			6
2024.04.22	00:44:15.496	0.97017	0.97017			6
2024.04.22	00:44:22.075	0.97016	0.97016			6
2024.04.22	00:44:45.187	0.97017	0.97017			6
2024.04.22	00:44:46.482	0.97016	0.97016			6
2024.04.22	00:45:01.986	0.97018	0.97018			6
2024.04.22	00:45:02.466	0.97013	0.97013			6
2024.04.22	00:45:02.496	0.97012	0.97012			6
2024.04.22	00:45:02.526	0.97013	0.97013			6
2024.04.22	00:45:02.737	0.97014	0.97014			6
2024.04.22	00:45:02.799	0.97016	0.97016			6
2024.04.22	00:45:02.876	0.97017	0.97017			6
2024.04.22	00:45:20.015	0.97018	0.97018			6
2024.04.22	00:45:21.001	0.97019	0.97019			6
2024.04.22	00:45:24.860	0.97017	0.97017			6
2024.04.22	00:45:25.675	0.97019	0.97019			6
2024.04.22	00:45:40.188	0.97018	0.97018			6
2024.04.22	00:45:40.239	0.97017	0.97017			6
2024.04.22	00:45:41.223	0.97016	0.97016			6
2024.04.22	00:45:41.253	0.97018	0.97018			6
2024.04.22	00:45:41.313	0.97019	0.97019			6
2024.04.22	00:45:50.222	0.97020	0.97020			6
2024.04.22	00:45:51.192	0.97021	0.97021			6
2024.04.22	00:45:51.275	0.97022	0.97022			6
2024.04.22	00:45:51.306	0.97023	0.97023			6
2024.04.22	00:45:51.336	0.97024	0.97024			6
2024.04.22	00:45:51.366	0.97025	0.97025			6
2024.04.22	00:45:51.395	0.97026	0.97026			6
2024.04.22	00:45:56.607	0.97028	0.97028			6
2024.04.22	00:45:56.637	0.97027	0.97027			6
2024.04.22	00:45:59.317	0.97028	0.97028			6
2024.04.22	00:46:00.332	0.97027	0.97027			6
2024.04.22	00:46:06.713	0.97028	0.97028			6
2024.04.22	00:46:06.773	0.97027	0.97027			6
2024.04.22	00:46:07.296	0.97028	0.97028			6
2024.04.22	00:46:07.537	0.97029	0.97029			6
2024.04.22	00:46:07.567	0.97028	0.97028			6
2024.04.22	00:46:08.393	0.97029	0.97029			6
2024.04.22	00:46:08.423	0.97028	0.97028			6
2024.04.22	00:46:08.914	0.97027	0.97027			6
2024.04.22	00:46:09.371	0.97028	0.97028			6
2024.04.22	00:46:09.431	0.97027	0.97027			6
2024.04.22	00:46:10.402	0.97028	0.97028			6
2024.04.22	00:46:10.433	0.97027	0.97027			6
2024.04.22	00:46:11.389	0.97028	0.97028			6
2024.04.22	00:46:11.448	0.97027	0.97027			6
2024.04.22	00:46:12.370	0.97026	0.97026			6
2024.04.22	00:46:12.429	0.97025	0.97025			6
2024.04.22	00:46:13.737	0.97027	0.97027			6
2024.04.22	00:46:14.388	0.97028	0.97028			6
2024.04.22	00:46:14.447	0.97027	0.97027			6
2024.04.22	00:46:15.274	0.97028	0.97028			6
2024.04.22	00:46:15.337	0.97027	0.97027			6
2024.04.22	00:46:16.284	0.97028	0.97028			6
2024.04.22	00:46:16.348	0.97027	0.97027			6
2024.04.22	00:46:17.288	0.97028	0.97028			6
2024.04.22	00:46:17.348	0.97027	0.97027			6
2024.04.22	00:46:18.287	0.97028	0.97028			6
2024.04.22	00:46:18.348	0.97027	0.97027			6
2024.04.22	00:46:19.264	0.97028	0.97028			6
2024.04.22	00:46:19.295	0.97027	0.97027			6
2024.04.22	00:46:20.408	0.97028	0.97028			6
2024.04.22	00:46:20.468	0.97027	0.97027			6
2024.04.22	00:46:22.268	0.97028	0.97028			6
2024.04.22	00:46:22.299	0.97027	0.97027			6
2024.04.22	00:46:23.284	0.97028	0.97028			6
2024.04.22	00:46:23.314	0.97027	0.97027			6
2024.04.22	00:46:24.287	0.97028	0.97028			6
2024.04.22	00:46:24.317	0.97027	0.97027			6
2024.04.22	00:46:26.222	0.97028	0.97028			6
2024.04.22	00:46:28.509	0.97027	0.97027			6
2024.04.22	00:46:29.667	0.97028	0.97028			6
2024.04.22	00:46:29.697	0.97027	0.97027			6
2024.04.22	00:46:30.525	0.97028	0.97028			6
2024.04.22	00:46:30.584	0.97027	0.97027			6
2024.04.22	00:46:31.523	0.97028	0.97028			6
2024.04.22	00:46:31.583	0.97027	0.97027			6
2024.04.22	00:46:32.522	0.97028	0.97028			6
2024.04.22	00:46:32.581	0.97027	0.97027			6
2024.04.22	00:46:33.509	0.97028	0.97028			6
2024.04.22	00:46:33.569	0.97027	0.97027			6
2024.04.22	00:46:34.522	0.97028	0.97028			6
2024.04.22	00:46:35.275	0.97027	0.97027			6
2024.04.22	00:46:36.808	0.97028	0.97028			6
2024.04.22	00:46:36.838	0.97027	0.97027			6
2024.04.22	00:46:37.407	0.97028	0.97028			6
2024.04.22	00:46:37.437	0.97027	0.97027			6
2024.04.22	00:46:39.392	0.97028	0.97028			6
2024.04.22	00:46:39.422	0.97027	0.97027			6
2024.04.22	00:46:40.420	0.97028	0.97028			6
2024.04.22	00:46:40.450	0.97027	0.97027			6
2024.04.22	00:46:41.422	0.97028	0.97028			6
2024.04.22	00:46:41.452	0.97027	0.97027			6
2024.04.22	00:46:42.422	0.97028	0.97028			6
2024.04.22	00:46:42.452	0.97027	0.97027			6
2024.04.22	00:46:43.421	0.97028	0.97028			6
2024.04.22	00:46:43.451	0.97027	0.97027			6
2024.04.22	00:46:44.269	0.97028	0.97028			6
2024.04.22	00:46:45.051	0.97027	0.97027			6
2024.04.22	00:46:49.204	0.97028	0.97028			6
2024.04.22	00:46:49.264	0.97027	0.97027			6
2024.04.22	00:46:50.353	0.97025	0.97025			6
2024.04.22	00:46:50.383	0.97023	0.97023			6
2024.04.22	00:46:50.412	0.97022	0.97022			6
2024.04.22	00:46:50.443	0.97024	0.97024			6
2024.04.22	00:46:50.473	0.97021	0.97021			6
2024.04.22	00:46:50.503	0.97023	0.97023			6
2024.04.22	00:46:50.532	0.97025	0.97025			6
2024.04.22	00:46:50.562	0.97026	0.97026			6
2024.04.22	00:46:50.942	0.97027	0.97027			6
2024.04.22	00:46:51.425	0.97028	0.97028			6
2024.04.22	00:46:51.455	0.97027	0.97027			6
2024.04.22	00:46:58.293	0.97028	0.97028			6
2024.04.22	00:46:58.524	0.97027	0.97027			6
2024.04.22	00:47:12.795	0.97028	0.97028			6
2024.04.22	00:47:12.856	0.97027	0.97027			6
2024.04.22	00:47:13.345	0.97028	0.97028			6
2024.04.22	00:47:13.405	0.97027	0.97027			6
2024.04.22	00:47:14.293	0.97028	0.97028			6
2024.04.22	00:47:15.048	0.97027	0.97027			6
2024.04.22	00:47:19.300	0.97028	0.97028			6
2024.04.22	00:47:19.560	0.97027	0.97027			6
2024.04.22	00:47:24.298	0.97028	0.97028			6
2024.04.22	00:47:24.358	0.97027	0.97027			6
2024.04.22	00:47:27.566	0.97028	0.97028			6
2024.04.22	00:47:27.626	0.97027	0.97027			6
2024.04.22	00:47:29.319	0.97028	0.97028			6
2024.04.22	00:47:29.379	0.97027	0.97027			6
2024.04.22	00:47:36.810	0.97028	0.97028			6
2024.04.22	00:47:36.840	0.97027	0.97027			6
2024.04.22	00:47:46.304	0.97028	0.97028			6
2024.04.22	00:47:46.363	0.97027	0.97027			6
2024.04.22	00:47:51.356	0.97026	0.97026			6
2024.04.22	00:47:51.386	0.97025	0.97025			6
2024.04.22	00:47:51.416	0.97024	0.97024			6
2024.04.22	00:47:51.446	0.97023	0.97023			6
2024.04.22	00:47:51.477	0.97021	0.97021			6
2024.04.22	00:47:51.508	0.97022	0.97022			6
2024.04.22	00:47:51.537	0.97024	0.97024			6
2024.04.22	00:47:51.566	0.97025	0.97025			6
2024.04.22	00:47:51.630	0.97026	0.97026			6
2024.04.22	00:47:51.660	0.97027	0.97027			6
2024.04.22	00:47:53.524	0.97028	0.97028			6
2024.04.22	00:47:53.673	0.97027	0.97027			6
2024.04.22	00:47:55.705	0.97028	0.97028			6
2024.04.22	00:47:55.765	0.97027	0.97027			6
2024.04.22	00:47:56.821	0.97028	0.97028			6
2024.04.22	00:47:56.881	0.97027	0.97027			6
2024.04.22	00:47:57.577	0.97028	0.97028			6
2024.04.22	00:47:57.637	0.97027	0.97027			6
2024.04.22	00:47:58.085	0.97028	0.97028			6
2024.04.22	00:47:59.182	0.97027	0.97027			6
2024.04.22	00:48:02.672	0.97028	0.97028			6
2024.04.22	00:48:03.849	0.97027	0.97027			6
2024.04.22	00:48:04.129	0.97028	0.97028			6
2024.04.22	00:48:04.445	0.97027	0.97027			6
2024.04.22	00:48:05.418	0.97028	0.97028			6
2024.04.22	00:48:11.219	0.97027	0.97027			6
2024.04.22	00:48:22.820	0.97028	0.97028			6
2024.04.22	00:48:22.880	0.97027	0.97027			6
2024.04.22	00:48:23.322	0.97028	0.97028			6
2024.04.22	00:48:23.382	0.97027	0.97027			6
2024.04.22	00:48:23.551	0.97028	0.97028			6
2024.04.22	00:48:23.671	0.97029	0.97029			6
2024.04.22	00:48:23.731	0.97028	0.97028			6
2024.04.22	00:48:26.006	0.97027	0.97027			6
2024.04.22	00:48:30.383	0.97028	0.97028			6
2024.04.22	00:48:32.356	0.97027	0.97027			6
2024.04.22	00:48:35.498	0.97028	0.97028			6
2024.04.22	00:48:36.509	0.97027	0.97027			6
2024.04.22	00:48:38.490	0.97028	0.97028			6
2024.04.22	00:48:38.580	0.97027	0.97027			6
2024.04.22	00:48:46.533	0.97028	0.97028			6
2024.04.22	00:48:46.593	0.97027	0.97027			6
2024.04.22	00:48:48.690	0.97028	0.97028			6
2024.04.22	00:48:48.750	0.97027	0.97027			6
2024.04.22	00:48:51.866	0.97028	0.97028			6
2024.04.22	00:48:51.956	0.97027	0.97027			6
2024.04.22	00:48:53.058	0.97024	0.97024			6
2024.04.22	00:48:53.762	0.97027	0.97027			6
2024.04.22	00:48:54.535	0.97028	0.97028			6
2024.04.22	00:48:54.640	0.97029	0.97029			6
2024.04.22	00:48:55.564	0.97025	0.97025			6
2024.04.22	00:48:56.012	0.97020	0.97020			6
2024.04.22	00:49:00.430	0.97029	0.97029			6
2024.04.22	00:49:00.460	0.97025	0.97025			6
2024.04.22	00:49:07.326	0.97029	0.97029			6
2024.04.22	00:49:07.386	0.97025	0.97025			6
2024.04.22	00:49:07.416	0.97023	0.97023			6
2024.04.22	00:49:08.430	0.97029	0.97029			6
2024.04.22	00:49:08.626	0.97025	0.97025			6
2024.04.22	00:49:08.655	0.97023	0.97023			6
2024.04.22	00:49:09.305	0.97029	0.97029			6
2024.04.22	00:49:09.335	0.97025	0.97025			6
2024.04.22	00:49:10.358	0.97027	0.97027			6
2024.04.22	00:49:14.539	0.97028	0.97028			6
2024.04.22	00:49:15.525	0.97027	0.97027			6
2024.04.22	00:49:19.545	0.97028	0.97028			6
2024.04.22	00:49:19.840	0.97027	0.97027			6
2024.04.22	00:49:21.528	0.97028	0.97028			6
2024.04.22	00:49:21.558	0.97027	0.97027			6
2024.04.22	00:49:24.504	0.97028	0.97028			6
2024.04.22	00:49:25.519	0.97027	0.97027			6
2024.04.22	00:49:28.919	0.97028	0.97028			6
2024.04.22	00:49:29.517	0.97027	0.97027			6
2024.04.22	00:49:30.613	0.97028	0.97028			6
2024.04.22	00:49:30.672	0.97029	0.97029			6
2024.04.22	00:49:30.732	0.97028	0.97028			6
2024.04.22	00:49:31.672	0.97029	0.97029			6
2024.04.22	00:49:31.702	0.97028	0.97028			6
2024.04.22	00:49:32.677	0.97029	0.97029			6
2024.04.22	00:49:32.737	0.97028	0.97028			6
2024.04.22	00:49:33.705	0.97029	0.97029			6
2024.04.22	00:49:33.736	0.97027	0.97027			6
2024.04.22	00:49:34.691	0.97028	0.97028			6
2024.04.22	00:49:34.721	0.97027	0.97027			6
2024.04.22	00:49:37.691	0.97028	0.97028			6
2024.04.22	00:49:37.751	0.97027	0.97027			6
2024.04.22	00:49:38.352	0.97028	0.97028			6
2024.04.22	00:49:38.381	0.97027	0.97027			6
2024.04.22	00:49:39.192	0.97028	0.97028			6
2024.04.22	00:49:39.253	0.97027	0.97027			6
2024.04.22	00:49:40.195	0.97028	0.97028			6
2024.04.22	00:49:40.225	0.97027	0.97027			6
2024.04.22	00:49:41.171	0.97028	0.97028			6
2024.04.22	00:49:41.231	0.97027	0.97027			6
2024.04.22	00:49:42.198	0.97028	0.97028			6
2024.04.22	00:49:42.258	0.97027	0.97027			6
2024.04.22	00:49:43.193	0.97028	0.97028			6
2024.04.22	00:49:43.252	0.97027	0.97027			6
2024.04.22	00:49:44.192	0.97028	0.97028			6
2024.04.22	00:49:44.254	0.97027	0.97027			6
2024.04.22	00:49:45.192	0.97028	0.97028			6
2024.04.22	00:49:45.223	0.97027	0.97027			6
2024.04.22	00:49:46.643	0.97028	0.97028			6
2024.04.22	00:49:46.702	0.97027	0.97027			6
2024.04.22	00:49:47.173	0.97024	0.97024			6
2024.04.22	00:49:53.639	0.97029	0.97029			6
2024.04.22	00:49:53.669	0.97025	0.97025			6
2024.04.22	00:49:55.402	0.97027	0.97027			6
2024.04.22	00:49:59.151	0.97028	0.97028			6
2024.04.22	00:49:59.181	0.97027	0.97027			6
2024.04.22	00:49:59.753	0.97028	0.97028			6
2024.04.22	00:49:59.784	0.97027	0.97027			6
2024.04.22	00:50:01.948	0.97028	0.97028			6
2024.04.22	00:50:01.978	0.97027	0.97027			6
2024.04.22	00:50:05.231	0.97028	0.97028			6
2024.04.22	00:50:05.874	0.97027	0.97027			6
2024.04.22	00:50:08.530	0.97028	0.97028			6
2024.04.22	00:50:09.238	0.97027	0.97027			6
2024.04.22	00:50:11.278	0.97028	0.97028			6
2024.04.22	00:50:11.307	0.97027	0.97027			6
2024.04.22	00:50:13.650	0.97028	0.97028			6
2024.04.22	00:50:13.710	0.97027	0.97027			6
2024.04.22	00:50:15.010	0.97025	0.97025			6
2024.04.22	00:50:20.221	0.97026	0.97026			6
2024.04.22	00:50:43.341	0.97025	0.97025			6
2024.04.22	00:50:43.549	0.97026	0.97026			6
2024.04.22	00:50:59.473	0.97025	0.97025			6
2024.04.22	00:51:00.025	0.97026	0.97026			6
2024.04.22	00:51:01.693	0.97025	0.97025			6
2024.04.22	00:51:09.995	0.97024	0.97024			6
2024.04.22	00:51:47.185	0.97017	0.97017			6
2024.04.22	00:51:50.826	0.97024	0.97024			6
2024.04.22	00:52:47.210	0.97020	0.97020			6
2024.04.22	00:52:51.507	0.97017	0.97017			6
2024.04.22	00:52:51.620	0.97024	0.97024			6
2024.04.22	00:53:17.488	0.97021	0.97021			6
2024.04.22	00:53:17.518	0.97015	0.97015			6
2024.04.22	00:53:17.548	0.97013	0.97013			6
2024.04.22	00:53:17.608	0.97016	0.97016			6
2024.04.22	00:53:17.699	0.97017	0.97017			6
2024.04.22	00:53:17.728	0.97018	0.97018			6
2024.04.22	00:53:25.608	0.97019	0.97019			6
2024.04.22	00:53:25.637	0.97021	0.97021			6
2024.04.22	00:53:25.668	0.97022	0.97022			6
2024.04.22	00:53:28.421	0.97017	0.97017			6
2024.04.22	00:53:30.118	0.97029	0.97029			6
2024.04.22	00:54:17.204	0.97017	0.97017			6
2024.04.22	00:54:35.876	0.97029	0.97029			6
2024.04.22	00:54:38.911	0.97017	0.97017			6
2024.04.22	00:54:57.052	0.97029	0.97029			6
2024.04.22	00:55:19.480	0.97017	0.97017			6
2024.04.22	00:55:20.632	0.97029	0.97029			6
2024.04.22	00:57:33.226	0.97027	0.97027			6
2024.04.22	00:58:28.469	0.97026	0.97026			6
2024.04.22	00:59:05.194	0.97027	0.97027			6
2024.04.22	00:59:05.252	0.97028	0.97028			6
2024.04.22	00:59:05.283	0.97031	0.97031			6
2024.04.22	00:59:05.313	0.97032	0.97032			6
2024.04.22	00:59:05.343	0.97036	0.97036			6
2024.04.22	00:59:05.430	0.97035	0.97035			6
2024.04.22	00:59:23.645	0.97038	0.97038			6
2024.04.22	00:59:23.675	0.97034	0.97034			6
2024.04.22	00:59:27.454	0.97035	0.97035			6
2024.04.22	00:59:28.630	0.97036	0.97036			6
2024.04.22	00:59:28.658	0.97035	0.97035			6
2024.04.22	00:59:28.718	0.97032	0.97032			6
2024.04.22	00:59:28.778	0.97033	0.97033			6
2024.04.22	00:59:28.808	0.97031	0.97031			6
2024.04.22	00:59:28.838	0.97034	0.97034			6
2024.04.22	00:59:28.897	0.97032	0.97032			6
2024.04.22	00:59:29.259	0.97035	0.97035			6
2024.04.22	00:59:29.411	0.97037	0.97037			6
2024.04.22	00:59:29.440	0.97036	0.97036			6
2024.04.22	00:59:29.530	0.97038	0.97038			6
2024.04.22	00:59:29.953	0.97037	0.97037			6
2024.04.22	00:59:30.433	0.97036	0.97036			6
2024.04.22	00:59:30.494	0.97035	0.97035			6
2024.04.22	00:59:30.523	0.97034	0.97034			6
2024.04.22	00:59:30.583	0.97035	0.97035			6
2024.04.22	00:59:30.643	0.97033	0.97033			6
2024.04.22	00:59:30.675	0.97032	0.97032			6
2024.04.22	00:59:30.705	0.97035	0.97035			6
2024.04.22	00:59:30.764	0.97034	0.97034			6
2024.04.22	00:59:30.794	0.97031	0.97031			6
2024.04.22	00:59:30.855	0.97026	0.97026			6
2024.04.22	00:59:30.886	0.97027	0.97027			6
2024.04.22	00:59:30.915	0.97024	0.97024			6
2024.04.22	00:59:30.975	0.97027	0.97027			6
2024.04.22	00:59:31.444	0.97024	0.97024			6
2024.04.22	00:59:32.707	0.97023	0.97023			6
2024.04.22	00:59:32.795	0.97026	0.97026			6
2024.04.22	00:59:51.106	0.97022	0.97022			6
2024.04.22	00:59:52.561	0.97026	0.97026			6
2024.04.22	00:59:54.295	0.97022	0.97022			6
2024.04.22	01:00:00.057	0.97023	0.97023			6
2024.04.22	01:00:00.179	0.97024	0.97024			6
2024.04.22	01:00:00.237	0.97016	0.97016			6
2024.04.22	01:00:00.272	0.97025	0.97025			6
2024.04.22	01:00:00.297	0.97016	0.97016			6
2024.04.22	01:00:00.326	0.97020	0.97020			6
2024.04.22	01:00:00.357	0.97026	0.97026			6
2024.04.22	01:00:00.387	0.97025	0.97025			6
2024.04.22	01:00:00.418	0.97023	0.97023			6
2024.04.22	01:00:00.447	0.97015	0.97015			6
2024.04.22	01:00:00.478	0.97024	0.97024			6
2024.04.22	01:00:00.599	0.97023	0.97023			6
2024.04.22	01:00:00.719	0.97024	0.97024			6
2024.04.22	01:00:00.748	0.97023	0.97023			6
2024.04.22	01:00:00.869	0.97022	0.97022			6
2024.04.22	01:00:00.929	0.97023	0.97023			6
2024.04.22	01:00:00.959	0.97022	0.97022			6
2024.04.22	01:00:00.989	0.97021	0.97021			6
2024.04.22	01:00:01.171	0.97020	0.97020			6
2024.04.22	01:00:01.200	0.97017	0.97017			6
2024.04.22	01:00:01.230	0.97015	0.97015			6
2024.04.22	01:00:01.321	0.97017	0.97017			6
2024.04.22	01:00:01.351	0.97018	0.97018			6
2024.04.22	01:00:01.380	0.97019	0.97019			6
2024.04.22	01:00:01.412	0.97021	0.97021			6
2024.04.22	01:00:01.440	0.97022	0.97022			6
2024.04.22	01:00:01.501	0.97024	0.97024			6
2024.04.22	01:00:01.560	0.97022	0.97022			6
2024.04.22	01:00:01.620	0.97021	0.97021			6
2024.04.22	01:00:01.681	0.97020	0.97020			6
2024.04.22	01:00:01.741	0.97021	0.97021			6
2024.04.22	01:00:01.800	0.97020	0.97020			6
2024.04.22	01:00:01.830	0.97021	0.97021			6
2024.04.22	01:00:02.010	0.97015	0.97015			6
2024.04.22	01:00:02.042	0.97021	0.97021			6
2024.04.22	01:00:02.610	0.97018	0.97018			6
2024.04.22	01:00:03.000	0.97017	0.97017			6
2024.04.22	01:00:03.571	0.97019	0.97019			6
2024.04.22	01:00:03.841	0.97017	0.97017			6
2024.04.22	01:00:04.321	0.97020	0.97020			6
2024.04.22	01:00:04.561	0.97018	0.97018			6
2024.04.22	01:00:04.621	0.97015	0.97015			6
2024.04.22	01:00:04.681	0.97016	0.97016			6
2024.04.22	01:00:05.260	0.97018	0.97018			6
2024.04.22	01:00:05.772	0.97021	0.97021			6
2024.04.22	01:00:05.833	0.97018	0.97018			6
2024.04.22	01:00:06.783	0.97019	0.97019			6
2024.04.22	01:00:07.831	0.97021	0.97021			6
2024.04.22	01:00:08.387	0.97019	0.97019			6
2024.04.22	01:00:08.567	0.97021	0.97021			6
2024.04.22	01:00:08.628	0.97022	0.97022			6
2024.04.22	01:00:09.320	0.97021	0.97021			6
2024.04.22	01:00:09.379	0.97020	0.97020			6
2024.04.22	01:00:09.500	0.97021	0.97021			6
2024.04.22	01:00:09.561	0.97020	0.97020			6
2024.04.22	01:00:09.651	0.97019	0.97019			6
2024.04.22	01:00:09.799	0.97018	0.97018			6
2024.04.22	01:00:10.069	0.97020	0.97020			6
2024.04.22	01:00:10.159	0.97019	0.97019			6
2024.04.22	01:00:12.445	0.97022	0.97022			6
2024.04.22	01:00:12.565	0.97020	0.97020			6
2024.04.22	01:00:14.198	0.97022	0.97022			6
2024.04.22	01:00:20.327	0.97023	0.97023			6
2024.04.22	01:00:22.247	0.97024	0.97024			6
2024.04.22	01:00:22.338	0.97023	0.97023			6
2024.04.22	01:00:22.428	0.97016	0.97016			6
2024.04.22	01:00:22.459	0.97023	0.97023			6
2024.04.22	01:00:22.487	0.97022	0.97022			6
2024.04.22	01:00:22.518	0.97023	0.97023			6
2024.04.22	01:00:22.548	0.97022	0.97022			6
2024.04.22	01:00:22.619	0.97021	0.97021			6
2024.04.22	01:00:23.190	0.97022	0.97022			6
2024.04.22	01:00:23.342	0.97021	0.97021			6
2024.04.22	01:00:23.431	0.97019	0.97019			6
2024.04.22	01:00:23.462	0.97016	0.97016			6
2024.04.22	01:00:23.493	0.97014	0.97014			6
2024.04.22	01:00:23.521	0.97010	0.97010			6
2024.04.22	01:00:23.551	0.97012	0.97012			6
2024.04.22	01:00:23.581	0.97016	0.97016			6
2024.04.22	01:00:23.612	0.97018	0.97018			6
2024.04.22	01:00:23.672	0.97016	0.97016			6
2024.04.22	01:00:23.702	0.97015	0.97015			6
2024.04.22	01:00:23.732	0.97016	0.97016			6
2024.04.22	01:00:23.792	0.97015	0.97015			6
2024.04.22	01:00:23.821	0.97014	0.97014			6
2024.04.22	01:00:23.852	0.97009	0.97009			6
2024.04.22	01:00:23.883	0.97013	0.97013			6
2024.04.22	01:00:23.912	0.97011	0.97011			6
2024.04.22	01:00:23.942	0.97012	0.97012			6
2024.04.22	01:00:24.152	0.97011	0.97011			6
2024.04.22	01:00:24.182	0.97012	0.97012			6
2024.04.22	01:00:24.212	0.97013	0.97013			6
2024.04.22	01:00:24.243	0.97015	0.97015			6
2024.04.22	01:00:24.603	0.97018	0.97018			6
2024.04.22	01:00:24.633	0.97023	0.97023			6
2024.04.22	01:00:24.692	0.97025	0.97025			6
2024.04.22	01:00:26.558	0.97026	0.97026			6
2024.04.22	01:00:26.587	0.97030	0.97030			6
2024.04.22	01:00:26.617	0.97032	0.97032			6
2024.04.22	01:00:26.677	0.97035	0.97035			6
2024.04.22	01:00:26.798	0.97033	0.97033			6
2024.04.22	01:00:26.827	0.97029	0.97029			6
2024.04.22	01:00:26.858	0.97031	0.97031			6
2024.04.22	01:00:27.251	0.97030	0.97030			6
2024.04.22	01:00:27.311	0.97031	0.97031			6
2024.04.22	01:00:28.731	0.97034	0.97034			6
2024.04.22	01:00:28.761	0.97035	0.97035			6
2024.04.22	01:00:29.500	0.97032	0.97032			6
2024.04.22	01:00:29.530	0.97033	0.97033			6
2024.04.22	01:00:29.620	0.97036	0.97036			6
2024.04.22	01:00:30.076	0.97043	0.97043			6
2024.04.22	01:00:30.107	0.97057	0.97057			6
2024.04.22	01:00:30.136	0.97063	0.97063			6
2024.04.22	01:00:30.166	0.97062	0.97062			6
2024.04.22	01:00:30.228	0.97057	0.97057			6
2024.04.22	01:00:30.257	0.97056	0.97056			6
2024.04.22	01:00:30.288	0.97055	0.97055			6
2024.04.22	01:00:30.378	0.97052	0.97052			6
2024.04.22	01:00:30.497	0.97051	0.97051			6
2024.04.22	01:00:30.528	0.97049	0.97049			6
2024.04.22	01:00:31.494	0.97050	0.97050			6
2024.04.22	01:00:31.583	0.97049	0.97049			6
2024.04.22	01:00:31.827	0.97050	0.97050			6
2024.04.22	01:00:32.248	0.97051	0.97051			6
2024.04.22	01:00:33.956	0.97049	0.97049			6
2024.04.22	01:00:35.086	0.97050	0.97050			6
2024.04.22	01:00:35.118	0.97048	0.97048			6
2024.04.22	01:00:36.537	0.97047	0.97047			6
2024.04.22	01:00:36.567	0.97046	0.97046			6
2024.04.22	01:00:37.139	0.97047	0.97047			6
2024.04.22	01:00:37.167	0.97049	0.97049			6
2024.04.22	01:00:37.228	0.97048	0.97048			6
2024.04.22	01:00:37.288	0.97046	0.97046			6
2024.04.22	01:00:37.349	0.97047	0.97047			6
2024.04.22	01:00:37.619	0.97048	0.97048			6
2024.04.22	01:00:38.406	0.97044	0.97044			6
2024.04.22	01:00:38.437	0.97043	0.97043			6
2024.04.22	01:00:38.498	0.97040	0.97040			6
2024.04.22	01:00:38.678	0.97044	0.97044			6
2024.04.22	01:00:38.738	0.97048	0.97048			6
2024.04.22	01:00:38.769	0.97049	0.97049			6
2024.04.22	01:00:39.281	0.97050	0.97050			6
2024.04.22	01:00:39.460	0.97049	0.97049			6
2024.04.22	01:00:39.491	0.97050	0.97050			6
2024.04.22	01:00:39.520	0.97051	0.97051			6
2024.04.22	01:00:39.671	0.97052	0.97052			6
2024.04.22	01:00:49.328	0.97051	0.97051			6
2024.04.22	01:00:50.314	0.97052	0.97052			6
2024.04.22	01:00:51.414	0.97051	0.97051			6
2024.04.22	01:00:51.944	0.97052	0.97052			6
2024.04.22	01:00:52.036	0.97051	0.97051			6
2024.04.22	01:00:54.868	0.97050	0.97050			6
2024.04.22	01:00:55.019	0.97035	0.97035			6
2024.04.22	01:00:55.049	0.97034	0.97034			6
2024.04.22	01:00:55.079	0.97038	0.97038			6
2024.04.22	01:00:55.139	0.97034	0.97034			6
2024.04.22	01:00:55.169	0.97033	0.97033			6
2024.04.22	01:00:55.830	0.97032	0.97032			6
2024.04.22	01:00:56.454	0.97033	0.97033			6
2024.04.22	01:00:57.089	0.97035	0.97035			6
2024.04.22	01:00:57.118	0.97034	0.97034			6
2024.04.22	01:00:57.147	0.97033	0.97033			6
2024.04.22	01:00:58.476	0.97032	0.97032			6
2024.04.22	01:00:58.506	0.97031	0.97031			6
2024.04.22	01:00:58.717	0.97037	0.97037			6
2024.04.22	01:00:58.747	0.97047	0.97047			6
2024.04.22	01:00:58.775	0.97044	0.97044			6
2024.04.22	01:00:58.836	0.97045	0.97045			6
2024.04.22	01:00:58.896	0.97047	0.97047			6
2024.04.22	01:00:58.926	0.97049	0.97049			6
2024.04.22	01:00:59.515	0.97050	0.97050			6
2024.04.22	01:01:00.085	0.97048	0.97048			6
2024.04.22	01:01:00.174	0.97049	0.97049			6
2024.04.22	01:01:00.205	0.97048	0.97048			6
2024.04.22	01:01:00.235	0.97050	0.97050			6
2024.04.22	01:01:00.326	0.97052	0.97052			6
2024.04.22	01:01:00.386	0.97049	0.97049			6
2024.04.22	01:01:00.958	0.97050	0.97050			6
2024.04.22	01:01:03.509	0.97049	0.97049			6
2024.04.22	01:01:03.538	0.97047	0.97047			6
2024.04.22	01:01:03.657	0.97049	0.97049			6
2024.04.22	01:01:03.839	0.97048	0.97048			6
2024.04.22	01:01:04.018	0.97047	0.97047			6
2024.04.22	01:01:07.217	0.97045	0.97045			6
2024.04.22	01:01:07.702	0.97043	0.97043			6
2024.04.22	01:01:07.760	0.97041	0.97041			6
2024.04.22	01:01:07.882	0.97043	0.97043			6
2024.04.22	01:01:07.912	0.97044	0.97044			6
2024.04.22	01:01:07.972	0.97043	0.97043			6
2024.04.22	01:01:08.242	0.97044	0.97044			6
2024.04.22	01:01:08.421	0.97042	0.97042			6
2024.04.22	01:01:08.452	0.97044	0.97044			6
2024.04.22	01:01:08.541	0.97040	0.97040			6
2024.04.22	01:01:08.572	0.97043	0.97043			6
2024.04.22	01:01:08.722	0.97041	0.97041			6
2024.04.22	01:01:10.754	0.97044	0.97044			6
2024.04.22	01:01:11.742	0.97045	0.97045			6
2024.04.22	01:01:14.282	0.97040	0.97040			6
2024.04.22	01:01:14.779	0.97038	0.97038			6
2024.04.22	01:01:16.113	0.97037	0.97037			6
2024.04.22	01:01:17.034	0.97040	0.97040			6
2024.04.22	01:01:17.094	0.97037	0.97037			6
2024.04.22	01:01:17.153	0.97038	0.97038			6
2024.04.22	01:01:19.127	0.97037	0.97037			6
2024.04.22	01:01:19.156	0.97044	0.97044			6
2024.04.22	01:01:19.186	0.97045	0.97045			6
2024.04.22	01:01:20.980	0.97043	0.97043			6
2024.04.22	01:01:21.071	0.97042	0.97042			6
2024.04.22	01:01:21.190	0.97043	0.97043			6
2024.04.22	01:01:22.531	0.97042	0.97042			6
2024.04.22	01:01:22.621	0.97041	0.97041			6
2024.04.22	01:01:23.581	0.97040	0.97040			6
2024.04.22	01:01:23.643	0.97042	0.97042			6
2024.04.22	01:01:23.912	0.97040	0.97040			6
2024.04.22	01:01:25.925	0.97041	0.97041			6
2024.04.22	01:01:28.074	0.97038	0.97038			6
2024.04.22	01:01:28.104	0.97040	0.97040			6
2024.04.22	01:01:28.496	0.97041	0.97041			6
2024.04.22	01:01:28.556	0.97040	0.97040			6
2024.04.22	01:01:31.321	0.97039	0.97039			6
2024.04.22	01:01:31.410	0.97040	0.97040			6
2024.04.22	01:01:32.089	0.97039	0.97039			6
2024.04.22	01:01:32.486	0.97040	0.97040			6
2024.04.22	01:01:32.785	0.97041	0.97041			6
2024.04.22	01:01:34.671	0.97040	0.97040			6
2024.04.22	01:01:38.433	0.97038	0.97038			6
2024.04.22	01:01:38.462	0.97039	0.97039			6
2024.04.22	01:01:38.553	0.97038	0.97038			6
2024.04.22	01:01:40.399	0.97046	0.97046			6
2024.04.22	01:01:42.043	0.97045	0.97045			6
2024.04.22	01:01:44.431	0.97046	0.97046			6
2024.04.22	01:01:45.914	0.97045	0.97045			6
2024.04.22	01:01:50.348	0.97046	0.97046			6
2024.04.22	01:01:50.407	0.97047	0.97047			6
2024.04.22	01:01:50.437	0.97048	0.97048			6
2024.04.22	01:01:50.738	0.97050	0.97050			6
2024.04.22	01:01:50.828	0.97051	0.97051			6
2024.04.22	01:01:51.788	0.97053	0.97053			6
2024.04.22	01:01:53.122	0.97052	0.97052			6
2024.04.22	01:01:53.422	0.97051	0.97051			6
2024.04.22	01:01:53.879	0.97050	0.97050			6
2024.04.22	01:01:57.006	0.97049	0.97049			6
2024.04.22	01:01:57.190	0.97051	0.97051			6
2024.04.22	01:01:57.528	0.97052	0.97052			6
2024.04.22	01:01:57.588	0.97053	0.97053			6
2024.04.22	01:01:57.618	0.97052	0.97052			6
2024.04.22	01:01:57.709	0.97053	0.97053			6
2024.04.22	01:01:57.946	0.97050	0.97050			6
2024.04.22	01:01:58.005	0.97051	0.97051			6
2024.04.22	01:01:58.755	0.97055	0.97055			6
2024.04.22	01:02:00.641	0.97056	0.97056			6
2024.04.22	01:02:00.671	0.97058	0.97058			6
2024.04.22	01:02:00.701	0.97059	0.97059			6
2024.04.22	01:02:00.729	0.97057	0.97057			6
2024.04.22	01:02:01.037	0.97056	0.97056			6
2024.04.22	01:02:07.814	0.97054	0.97054			6
2024.04.22	01:02:11.132	0.97056	0.97056			6
2024.04.22	01:02:11.988	0.97054	0.97054			6
2024.04.22	01:02:15.021	0.97056	0.97056			6
2024.04.22	01:02:16.245	0.97059	0.97059			6
2024.04.22	01:02:16.823	0.97058	0.97058			6
2024.04.22	01:02:17.274	0.97059	0.97059			6
2024.04.22	01:02:20.712	0.97060	0.97060			6
2024.04.22	01:02:22.172	0.97059	0.97059			6
2024.04.22	01:02:23.683	0.97062	0.97062			6
2024.04.22	01:02:23.713	0.97059	0.97059			6
2024.04.22	01:02:23.865	0.97060	0.97060			6
2024.04.22	01:02:24.133	0.97059	0.97059			6
2024.04.22	01:02:24.375	0.97052	0.97052			6
2024.04.22	01:02:24.404	0.97056	0.97056			6
2024.04.22	01:02:24.434	0.97046	0.97046			6
2024.04.22	01:02:25.175	0.97049	0.97049			6
2024.04.22	01:02:25.446	0.97051	0.97051			6
2024.04.22	01:02:26.232	0.97048	0.97048			6
2024.04.22	01:02:28.467	0.97049	0.97049			6
2024.04.22	01:02:28.869	0.97047	0.97047			6
2024.04.22	01:02:29.258	0.97049	0.97049			6
2024.04.22	01:02:30.030	0.97045	0.97045			6
2024.04.22	01:02:31.293	0.97046	0.97046			6
2024.04.22	01:02:31.874	0.97047	0.97047			6
2024.04.22	01:02:32.853	0.97048	0.97048			6
2024.04.22	01:02:33.202	0.97049	0.97049			6
2024.04.22	01:02:33.471	0.97053	0.97053			6
2024.04.22	01:02:33.858	0.97048	0.97048			6
2024.04.22	01:02:34.828	0.97050	0.97050			6
2024.04.22	01:02:35.329	0.97051	0.97051			6
2024.04.22	01:02:36.331	0.97052	0.97052			6
2024.04.22	01:02:36.921	0.97051	0.97051			6
2024.04.22	01:02:37.738	0.97052	0.97052			6
2024.04.22	01:02:39.092	0.97053	0.97053			6
2024.04.22	01:02:39.901	0.97049	0.97049			6
2024.04.22	01:02:39.991	0.97050	0.97050			6
2024.04.22	01:02:41.179	0.97051	0.97051			6
2024.04.22	01:02:42.674	0.97052	0.97052			6
2024.04.22	01:02:43.823	0.97053	0.97053			6
2024.04.22	01:02:44.939	0.97054	0.97054			6
2024.04.22	01:02:46.974	0.97057	0.97057			6
2024.04.22	01:02:47.484	0.97051	0.97051			6
2024.04.22	01:02:47.889	0.97053	0.97053			6
2024.04.22	01:02:49.293	0.97054	0.97054			6
2024.04.22	01:02:50.432	0.97056	0.97056			6
2024.04.22	01:02:50.463	0.97053	0.97053			6
2024.04.22	01:02:50.585	0.97054	0.97054			6
2024.04.22	01:02:51.461	0.97053	0.97053			6
2024.04.22	01:02:52.445	0.97054	0.97054			6
2024.04.22	01:02:53.196	0.97052	0.97052			6
2024.04.22	01:02:53.225	0.97050	0.97050			6
2024.04.22	01:02:53.256	0.97055	0.97055			6
2024.04.22	01:02:53.519	0.97054	0.97054			6
2024.04.22	01:02:54.700	0.97055	0.97055			6
2024.04.22	01:02:55.527	0.97053	0.97053			6
2024.04.22	01:02:57.266	0.97056	0.97056			6
2024.04.22	01:02:57.295	0.97055	0.97055			6
2024.04.22	01:02:57.580	0.97056	0.97056			6
2024.04.22	01:03:00.973	0.97055	0.97055			6
2024.04.22	01:03:05.861	0.97048	0.97048			6
2024.04.22	01:03:06.112	0.97049	0.97049			6
2024.04.22	01:03:06.446	0.97051	0.97051			6
2024.04.22	01:03:06.723	0.97052	0.97052			6
2024.04.22	01:03:07.445	0.97050	0.97050			6
2024.04.22	01:03:07.892	0.97051	0.97051			6
2024.04.22	01:03:09.312	0.97052	0.97052			6
2024.04.22	01:03:19.573	0.97051	0.97051			6
2024.04.22	01:03:20.979	0.97052	0.97052			6
2024.04.22	01:03:22.105	0.97051	0.97051			6
2024.04.22	01:03:22.701	0.97050	0.97050			6
2024.04.22	01:03:23.783	0.97048	0.97048			6
2024.04.22	01:03:24.694	0.97051	0.97051			6
2024.04.22	01:03:25.329	0.97048	0.97048			6
2024.04.22	01:03:26.522	0.97049	0.97049			6
2024.04.22	01:03:29.371	0.97050	0.97050			6
2024.04.22	01:03:31.109	0.97051	0.97051			6
2024.04.22	01:03:34.910	0.97048	0.97048			6
2024.04.22	01:03:34.939	0.97047	0.97047			6
2024.04.22	01:03:35.299	0.97046	0.97046			6
2024.04.22	01:03:37.511	0.97045	0.97045			6
2024.04.22	01:03:37.541	0.97044	0.97044			6
2024.04.22	01:03:37.570	0.97043	0.97043			6
2024.04.22	01:03:38.261	0.97042	0.97042			6
2024.04.22	01:03:57.125	0.97040	0.97040			6
2024.04.22	01:03:57.155	0.97038	0.97038			6
2024.04.22	01:03:57.519	0.97037	0.97037			6
2024.04.22	01:04:10.829	0.97037				2
2024.04.22	01:04:12.999	0.97035	0.97035			6
2024.04.22	01:04:13.330	0.97036	0.97036			6
2024.04.22	01:04:13.600	0.97037	0.97037			6
2024.04.22	01:04:15.127	0.97036	0.97036			6
2024.04.22	01:04:17.057	0.97038	0.97038			6
2024.04.22	01:04:19.137	0.97039	0.97039			6
2024.04.22	01:04:20.817	0.97038	0.97038			6
2024.04.22	01:04:22.114	0.97039	0.97039			6
2024.04.22	01:04:35.429	0.97040	0.97040			6
2024.04.22	01:04:37.931	0.97039	0.97039			6
2024.04.22	01:04:52.948	0.97040	0.97040			6
2024.04.22	01:04:53.848	0.97041	0.97041			6
2024.04.22	01:05:09.137	0.97042	0.97042			6
2024.04.22	01:05:09.610	0.97041	0.97041			6
2024.04.22	01:05:13.661	0.97042	0.97042			6
2024.04.22	01:05:16.019	0.97041	0.97041			6
2024.04.22	01:05:19.491	0.97042	0.97042			6
2024.04.22	01:05:30.773	0.97041	0.97041			6
2024.04.22	01:05:31.620	0.97040	0.97040			6
2024.04.22	01:05:42.914	0.97041	0.97041			6
2024.04.22	01:05:51.118	0.97042	0.97042			6
2024.04.22	01:05:56.811	0.97041	0.97041			6
2024.04.22	01:06:02.056	0.97042	0.97042			6
2024.04.22	01:06:03.119	0.97043	0.97043			6
2024.04.22	01:06:05.204	0.97042	0.97042			6
2024.04.22	01:06:05.325	0.97043	0.97043			6
2024.04.22	01:06:28.118	0.97042	0.97042			6
2024.04.22	01:06:28.989	0.97043	0.97043			6
2024.04.22	01:06:31.708	0.97042	0.97042			6
2024.04.22	01:06:31.768	0.97043	0.97043			6
2024.04.22	01:06:36.932	0.97042	0.97042			6
2024.04.22	01:06:45.579	0.97043	0.97043			6
2024.04.22	01:06:47.342	0.97042	0.97042			6
2024.04.22	01:06:50.419	0.97043	0.97043			6
2024.04.22	01:07:01.318	0.97044	0.97044			6
2024.04.22	01:07:14.978	0.97043	0.97043			6
2024.04.22	01:07:24.123	0.97044	0.97044			6
2024.04.22	01:07:26.099	0.97043	0.97043			6
2024.04.22	01:07:26.263	0.97041	0.97041			6
2024.04.22	01:07:26.647	0.97042	0.97042			6
2024.04.22	01:07:32.529	0.97041	0.97041			6
2024.04.22	01:07:37.816	0.97040	0.97040			6
2024.04.22	01:07:38.216	0.97041	0.97041			6
2024.04.22	01:07:38.868	0.97042	0.97042			6
2024.04.22	01:07:41.400	0.97041	0.97041			6
2024.04.22	01:07:41.817	0.97042	0.97042			6
2024.04.22	01:07:42.401	0.97043	0.97043			6
2024.04.22	01:07:52.244	0.97041	0.97041			6
2024.04.22	01:07:55.301	0.97042	0.97042			6
2024.04.22	01:07:56.806	0.97041	0.97041			6
2024.04.22	01:07:59.521	0.97042	0.97042			6
2024.04.22	01:08:00.468	0.97043	0.97043			6
2024.04.22	01:08:01.021	0.97042	0.97042			6
2024.04.22	01:08:03.078	0.97041	0.97041			6
2024.04.22	01:08:21.441	0.97042	0.97042			6
2024.04.22	01:08:30.157	0.97041	0.97041			6
2024.04.22	01:08:31.213	0.97042	0.97042			6
2024.04.22	01:08:31.714	0.97041	0.97041			6
2024.04.22	01:08:38.243	0.97042	0.97042			6
2024.04.22	01:08:38.273	0.97044	0.97044			6
2024.04.22	01:08:38.302	0.97043	0.97043			6
2024.04.22	01:08:43.593	0.97041	0.97041			6
2024.04.22	01:08:46.596	0.97042	0.97042			6
2024.04.22	01:08:58.016	0.97041	0.97041			6
2024.04.22	01:08:59.546	0.97043	0.97043			6
2024.04.22	01:08:59.605	0.97042	0.97042			6
2024.04.22	01:09:02.690	0.97043	0.97043			6
2024.04.22	01:09:11.098	0.97044	0.97044			6
2024.04.22	01:09:24.463	0.97046	0.97046			6
2024.04.22	01:09:24.582	0.97047	0.97047			6
2024.04.22	01:09:25.122	0.97046	0.97046			6
2024.04.22	01:09:26.477	0.97047	0.97047			6
2024.04.22	01:09:26.598	0.97048	0.97048			6
2024.04.22	01:09:29.292	0.97047	0.97047			6
2024.04.22	01:09:49.437	0.97046	0.97046			6
2024.04.22	01:09:52.762	0.97047	0.97047			6
2024.04.22	01:09:54.008	0.97046	0.97046			6
2024.04.22	01:09:56.937	0.97047	0.97047			6
2024.04.22	01:09:58.334	0.97046	0.97046			6
2024.04.22	01:10:00.106	0.97044	0.97044			6
2024.04.22	01:10:00.263	0.97043	0.97043			6
2024.04.22	01:10:00.354	0.97044	0.97044			6
2024.04.22	01:10:01.287	0.97043	0.97043			6
2024.04.22	01:10:03.208	0.97045	0.97045			6
2024.04.22	01:10:05.852	0.97044	0.97044			6
2024.04.22	01:10:07.678	0.97048	0.97048			6
2024.04.22	01:10:07.708	0.97050	0.97050			6
2024.04.22	01:10:07.971	0.97049	0.97049			6
2024.04.22	01:10:09.664	0.97048	0.97048			6
2024.04.22	01:10:10.494	0.97049	0.97049			6
2024.04.22	01:10:10.922	0.97048	0.97048			6
2024.04.22	01:10:11.967	0.97049	0.97049			6
2024.04.22	01:10:19.643	0.97048	0.97048			6
2024.04.22	01:10:20.411	0.97051	0.97051			6
2024.04.22	01:10:20.441	0.97049	0.97049			6
2024.04.22	01:10:22.644	0.97048	0.97048			6
2024.04.22	01:10:24.136	0.97049	0.97049			6
2024.04.22	01:10:33.926	0.97048	0.97048			6
2024.04.22	01:10:38.213	0.97049	0.97049			6
2024.04.22	01:10:40.985	0.97050	0.97050			6
2024.04.22	01:10:47.647	0.97051	0.97051			6
2024.04.22	01:10:57.017	0.97052	0.97052			6
2024.04.22	01:10:58.909	0.97051	0.97051			6
2024.04.22	01:11:09.505	0.97056	0.97056			6
2024.04.22	01:11:09.569	0.97059	0.97059			6
2024.04.22	01:11:10.107	0.97058	0.97058			6
2024.04.22	01:11:11.964	0.97059	0.97059			6
2024.04.22	01:11:16.046	0.97058	0.97058			6
2024.04.22	01:11:16.106	0.97059	0.97059			6
2024.04.22	01:11:22.205	0.97055	0.97055			6
2024.04.22	01:11:28.445	0.97059	0.97059			6
2024.04.22	01:11:28.474	0.97061	0.97061			6
2024.04.22	01:11:41.060	0.97056	0.97056			6
2024.04.22	01:11:41.398	0.97054	0.97054			6
2024.04.22	01:11:41.428	0.97053	0.97053			6
2024.04.22	01:11:41.609	0.97052	0.97052			6
2024.04.22	01:11:41.639	0.97054	0.97054			6
2024.04.22	01:11:41.701	0.97052	0.97052			6
2024.04.22	01:11:42.995	0.97053	0.97053			6
2024.04.22	01:11:43.205	0.97054	0.97054			6
2024.04.22	01:11:43.474	0.97053	0.97053			6
2024.04.22	01:11:44.163	0.97058	0.97058			6
2024.04.22	01:11:44.419	0.97056	0.97056			6
2024.04.22	01:11:46.724	0.97057	0.97057			6
2024.04.22	01:11:47.060	0.97056	0.97056			6
2024.04.22	01:11:47.091	0.97057	0.97057			6
2024.04.22	01:11:47.120	0.97056	0.97056			6
2024.04.22	01:11:47.570	0.97057	0.97057			6
2024.04.22	01:11:47.840	0.97058	0.97058			6
2024.04.22	01:11:53.181	0.97059	0.97059			6
2024.04.22	01:11:59.055	0.97060	0.97060			6
2024.04.22	01:11:59.316	0.97061	0.97061			6
2024.04.22	01:11:59.348	0.97062	0.97062			6
2024.04.22	01:11:59.793	0.97063	0.97063			6
2024.04.22	01:12:06.131	0.97061	0.97061			6
2024.04.22	01:12:07.874	0.97062	0.97062			6
2024.04.22	01:12:14.679	0.97063	0.97063			6
2024.04.22	01:12:14.800	0.97064	0.97064			6
2024.04.22	01:12:44.660	0.97062	0.97062			6
2024.04.22	01:12:52.471	0.97064	0.97064			6
2024.04.22	01:12:52.620	0.97063	0.97063			6
2024.04.22	01:12:52.650	0.97062	0.97062			6
2024.04.22	01:12:52.773	0.97061	0.97061			6
2024.04.22	01:12:52.953	0.97062	0.97062			6
2024.04.22	01:12:52.983	0.97063	0.97063			6
2024.04.22	01:12:53.042	0.97064	0.97064			6
2024.04.22	01:12:53.223	0.97063	0.97063			6
2024.04.22	01:12:53.499	0.97062	0.97062			6
2024.04.22	01:12:56.776	0.97063	0.97063			6
2024.04.22	01:12:56.978	0.97062	0.97062			6
2024.04.22	01:12:57.008	0.97061	0.97061			6
2024.04.22	01:12:57.038	0.97063	0.97063			6
2024.04.22	01:13:04.500	0.97062	0.97062			6
2024.04.22	01:13:05.477	0.97063	0.97063			6
2024.04.22	01:13:05.816	0.97062	0.97062			6
2024.04.22	01:13:05.967	0.97061	0.97061			6
2024.04.22	01:13:05.997	0.97062	0.97062			6
2024.04.22	01:13:07.078	0.97063	0.97063			6
2024.04.22	01:13:12.590	0.97062	0.97062			6
2024.04.22	01:13:13.401	0.97061	0.97061			6
2024.04.22	01:13:13.431	0.97062	0.97062			6
2024.04.22	01:13:24.807	0.97060	0.97060			6
2024.04.22	01:13:24.897	0.97062	0.97062			6
2024.04.22	01:13:28.919	0.97061	0.97061			6
2024.04.22	01:13:34.677	0.97062	0.97062			6
2024.04.22	01:13:43.012	0.97061	0.97061			6
2024.04.22	01:13:43.251	0.97060	0.97060			6
2024.04.22	01:13:43.654	0.97058	0.97058			6
2024.04.22	01:13:44.230	0.97060	0.97060			6
2024.04.22	01:14:12.935	0.97058	0.97058			6
2024.04.22	01:14:13.309	0.97060	0.97060			6
2024.04.22	01:14:17.628	0.97059	0.97059			6
2024.04.22	01:14:23.030	0.97060	0.97060			6
2024.04.22	01:14:23.060	0.97058	0.97058			6
2024.04.22	01:15:00.311	0.97058				2
2024.04.22	01:15:00.582	0.97059	0.97059			6
2024.04.22	01:15:04.020	0.97060	0.97060			6
2024.04.22	01:15:04.351	0.97061	0.97061			6
2024.04.22	01:15:04.560	0.97058	0.97058			6
2024.04.22	01:15:04.620	0.97057	0.97057			6
2024.04.22	01:15:04.891	0.97056	0.97056			6
2024.04.22	01:15:04.951	0.97053	0.97053			6
2024.04.22	01:15:08.558	0.97052	0.97052			6
2024.04.22	01:15:11.669	0.97051	0.97051			6
2024.04.22	01:15:12.601	0.97052	0.97052			6
2024.04.22	01:15:12.692	0.97051	0.97051			6
2024.04.22	01:15:13.595	0.97052	0.97052			6
2024.04.22	01:15:13.740	0.97051	0.97051			6
2024.04.22	01:15:14.007	0.97052	0.97052			6
2024.04.22	01:15:15.257	0.97051	0.97051			6
2024.04.22	01:15:15.592	0.97052	0.97052			6
2024.04.22	01:15:16.094	0.97051	0.97051			6
2024.04.22	01:15:16.627	0.97052	0.97052			6
2024.04.22	01:15:17.647	0.97050	0.97050			6
2024.04.22	01:15:17.738	0.97051	0.97051			6
2024.04.22	01:15:17.857	0.97050	0.97050			6
2024.04.22	01:15:18.568	0.97051	0.97051			6
2024.04.22	01:15:22.329	0.97052	0.97052			6
2024.04.22	01:15:23.948	0.97051	0.97051			6
2024.04.22	01:15:24.986	0.97052	0.97052			6
2024.04.22	01:15:25.772	0.97051	0.97051			6
2024.04.22	01:15:25.961	0.97052	0.97052			6
2024.04.22	01:15:26.083	0.97051	0.97051			6
2024.04.22	01:15:26.263	0.97052	0.97052			6
2024.04.22	01:15:26.352	0.97051	0.97051			6
2024.04.22	01:15:26.745	0.97050	0.97050			6
2024.04.22	01:15:27.182	0.97052	0.97052			6
2024.04.22	01:15:27.610	0.97050	0.97050			6
2024.04.22	01:15:28.247	0.97051	0.97051			6
2024.04.22	01:15:28.367	0.97050	0.97050			6
2024.04.22	01:15:29.337	0.97051	0.97051			6
2024.04.22	01:15:29.426	0.97050	0.97050			6
2024.04.22	01:15:30.320	0.97051	0.97051			6
2024.04.22	01:15:30.470	0.97050	0.97050			6
2024.04.22	01:15:31.399	0.97051	0.97051			6
2024.04.22	01:15:31.478	0.97050	0.97050			6
2024.04.22	01:15:38.629	0.97051	0.97051			6
2024.04.22	01:15:39.272	0.97050	0.97050			6
2024.04.22	01:15:39.572	0.97051	0.97051			6
2024.04.22	01:15:39.766	0.97050	0.97050			6
2024.04.22	01:15:40.371	0.97051	0.97051			6
2024.04.22	01:15:40.545	0.97050	0.97050			6
2024.04.22	01:15:41.311	0.97051	0.97051			6
2024.04.22	01:15:41.491	0.97052	0.97052			6
2024.04.22	01:15:41.605	0.97050	0.97050			6
2024.04.22	01:15:42.140	0.97053	0.97053			6
2024.04.22	01:15:42.351	0.97052	0.97052			6
2024.04.22	01:15:42.441	0.97055	0.97055			6
2024.04.22	01:15:42.471	0.97054	0.97054			6
2024.04.22	01:15:42.658	0.97053	0.97053			6
2024.04.22	01:15:55.138	0.97055	0.97055			6
2024.04.22	01:15:55.167	0.97052	0.97052			6
2024.04.22	01:15:55.197	0.97050	0.97050			6
2024.04.22	01:15:55.227	0.97048	0.97048			6
2024.04.22	01:15:55.378	0.97049	0.97049			6
2024.04.22	01:15:55.409	0.97051	0.97051			6
2024.04.22	01:15:55.500	0.97050	0.97050			6
2024.04.22	01:15:57.138	0.97051	0.97051			6
2024.04.22	01:15:57.198	0.97050	0.97050			6
2024.04.22	01:15:58.123	0.97051	0.97051			6
2024.04.22	01:15:58.242	0.97050	0.97050			6
2024.04.22	01:15:59.170	0.97051	0.97051			6
2024.04.22	01:15:59.291	0.97049	0.97049			6
2024.04.22	01:16:00.175	0.97050	0.97050			6
2024.04.22	01:16:00.296	0.97049	0.97049			6
2024.04.22	01:16:01.168	0.97050	0.97050			6
2024.04.22	01:16:01.288	0.97049	0.97049			6
2024.04.22	01:16:01.348	0.97050	0.97050			6
2024.04.22	01:16:01.507	0.97049	0.97049			6
2024.04.22	01:16:02.348	0.97050	0.97050			6
2024.04.22	01:16:02.468	0.97049	0.97049			6
2024.04.22	01:16:02.497	0.97050	0.97050			6
2024.04.22	01:16:02.719	0.97049	0.97049			6
2024.04.22	01:16:03.528	0.97050	0.97050			6
2024.04.22	01:16:03.676	0.97049	0.97049			6
2024.04.22	01:16:04.459	0.97050	0.97050			6
2024.04.22	01:16:05.760	0.97049	0.97049			6
2024.04.22	01:16:06.460	0.97050	0.97050			6
2024.04.22	01:16:07.686	0.97049	0.97049			6
2024.04.22	01:16:07.836	0.97050	0.97050			6
2024.04.22	01:16:08.016	0.97051	0.97051			6
2024.04.22	01:16:08.316	0.97050	0.97050			6
2024.04.22	01:16:08.499	0.97049	0.97049			6
2024.04.22	01:16:09.087	0.97050	0.97050			6
2024.04.22	01:16:09.208	0.97049	0.97049			6
2024.04.22	01:16:09.236	0.97050	0.97050			6
2024.04.22	01:16:09.389	0.97049	0.97049			6
2024.04.22	01:16:09.418	0.97050	0.97050			6
2024.04.22	01:16:10.289	0.97051	0.97051			6
2024.04.22	01:16:10.529	0.97050	0.97050			6
2024.04.22	01:16:11.337	0.97051	0.97051			6
2024.04.22	01:16:11.529	0.97050	0.97050			6
2024.04.22	01:16:12.358	0.97051	0.97051			6
2024.04.22	01:16:12.539	0.97050	0.97050			6
2024.04.22	01:16:13.377	0.97051	0.97051			6
2024.04.22	01:16:13.508	0.97050	0.97050			6
2024.04.22	01:16:13.692	0.97051	0.97051			6
2024.04.22	01:16:13.841	0.97050	0.97050			6
2024.04.22	01:16:14.882	0.97049	0.97049			6
2024.04.22	01:16:15.763	0.97050	0.97050			6
2024.04.22	01:16:15.916	0.97049	0.97049			6
2024.04.22	01:16:16.814	0.97050	0.97050			6
2024.04.22	01:16:16.953	0.97049	0.97049			6
2024.04.22	01:16:17.013	0.97050	0.97050			6
2024.04.22	01:16:17.203	0.97049	0.97049			6
2024.04.22	01:16:17.829	0.97050	0.97050			6
2024.04.22	01:16:18.033	0.97049	0.97049			6
2024.04.22	01:16:18.861	0.97050	0.97050			6
2024.04.22	01:16:19.081	0.97049	0.97049			6
2024.04.22	01:16:19.839	0.97050	0.97050			6
2024.04.22	01:16:20.111	0.97049	0.97049			6
2024.04.22	01:16:20.200	0.97050	0.97050			6
2024.04.22	01:16:22.128	0.97049	0.97049			6
2024.04.22	01:16:23.025	0.97050	0.97050			6
2024.04.22	01:16:23.616	0.97048	0.97048			6
2024.04.22	01:16:23.677	0.97047	0.97047			6
2024.04.22	01:16:24.139	0.97048	0.97048			6
2024.04.22	01:16:24.559	0.97046	0.97046			6
2024.04.22	01:16:24.587	0.97047	0.97047			6
2024.04.22	01:16:24.618	0.97048	0.97048			6
2024.04.22	01:16:24.814	0.97046	0.97046			6
2024.04.22	01:16:24.843	0.97045	0.97045			6
2024.04.22	01:16:24.872	0.97046	0.97046			6
2024.04.22	01:16:24.932	0.97047	0.97047			6
2024.04.22	01:16:32.520	0.97046	0.97046			6
2024.04.22	01:16:32.550	0.97047	0.97047			6
2024.04.22	01:16:33.936	0.97048	0.97048			6
2024.04.22	01:16:39.000	0.97047	0.97047			6
2024.04.22	01:16:39.746	0.97046	0.97046			6
2024.04.22	01:16:39.775	0.97047	0.97047			6
2024.04.22	01:16:39.866	0.97046	0.97046			6
2024.04.22	01:16:41.625	0.97047	0.97047			6
2024.04.22	01:16:52.895	0.97046	0.97046			6
2024.04.22	01:17:03.963	0.97045	0.97045			6
2024.04.22	01:17:04.727	0.97046	0.97046			6
2024.04.22	01:17:08.537	0.97048	0.97048			6
2024.04.22	01:17:24.038	0.97047	0.97047			6
2024.04.22	01:17:38.443	0.97046	0.97046			6
2024.04.22	01:17:38.524	0.97045	0.97045			6
2024.04.22	01:17:38.585	0.97046	0.97046			6
2024.04.22	01:17:38.709	0.97045	0.97045			6
2024.04.22	01:17:38.936	0.97046	0.97046			6
2024.04.22	01:17:39.594	0.97047	0.97047			6
2024.04.22	01:17:41.777	0.97046	0.97046			6
2024.04.22	01:17:42.570	0.97047	0.97047			6
2024.04.22	01:17:46.688	0.97046	0.97046			6
2024.04.22	01:17:50.920	0.97047	0.97047			6
2024.04.22	01:18:01.390	0.97046	0.97046			6
2024.04.22	01:18:04.378	0.97047	0.97047			6
2024.04.22	01:18:04.494	0.97046	0.97046			6
2024.04.22	01:18:05.408	0.97047	0.97047			6
2024.04.22	01:18:07.614	0.97046	0.97046			6
2024.04.22	01:18:09.556	0.97047	0.97047			6
2024.04.22	01:18:09.676	0.97046	0.97046			6
2024.04.22	01:18:09.829	0.97048	0.97048			6
2024.04.22	01:18:09.859	0.97052	0.97052			6
2024.04.22	01:18:10.161	0.97051	0.97051			6
2024.04.22	01:18:10.281	0.97053	0.97053			6
2024.04.22	01:18:10.400	0.97052	0.97052			6
2024.04.22	01:18:11.116	0.97053	0.97053			6
2024.04.22	01:18:11.247	0.97052	0.97052			6
2024.04.22	01:18:11.310	0.97051	0.97051			6
2024.04.22	01:18:11.430	0.97053	0.97053			6
2024.04.22	01:18:11.550	0.97052	0.97052			6
2024.04.22	01:18:12.474	0.97053	0.97053			6
2024.04.22	01:18:12.594	0.97051	0.97051			6
2024.04.22	01:18:13.517	0.97053	0.97053			6
2024.04.22	01:18:13.608	0.97052	0.97052			6
2024.04.22	01:18:13.637	0.97051	0.97051			6
2024.04.22	01:18:14.550	0.97053	0.97053			6
2024.04.22	01:18:14.641	0.97052	0.97052			6
2024.04.22	01:18:15.610	0.97053	0.97053			6
2024.04.22	01:18:15.700	0.97052	0.97052			6
2024.04.22	01:18:17.674	0.97053	0.97053			6
2024.04.22	01:18:17.764	0.97052	0.97052			6
2024.04.22	01:18:18.701	0.97053	0.97053			6
2024.04.22	01:18:18.796	0.97052	0.97052			6
2024.04.22	01:18:19.717	0.97053	0.97053			6
2024.04.22	01:18:19.838	0.97052	0.97052			6
2024.04.22	01:18:20.690	0.97053	0.97053			6
2024.04.22	01:18:20.869	0.97052	0.97052			6
2024.04.22	01:18:21.382	0.97053	0.97053			6
2024.04.22	01:18:21.537	0.97052	0.97052			6
2024.04.22	01:18:22.347	0.97051	0.97051			6
2024.04.22	01:18:28.778	0.97053	0.97053			6
2024.04.22	01:18:29.643	0.97051	0.97051			6
2024.04.22	01:18:31.521	0.97053	0.97053			6
2024.04.22	01:18:31.707	0.97052	0.97052			6
2024.04.22	01:18:31.736	0.97054	0.97054			6
2024.04.22	01:18:31.825	0.97053	0.97053			6
2024.04.22	01:18:32.894	0.97052	0.97052			6
2024.04.22	01:18:33.792	0.97054	0.97054			6
2024.04.22	01:18:33.911	0.97052	0.97052			6
2024.04.22	01:18:34.831	0.97054	0.97054			6
2024.04.22	01:18:34.922	0.97053	0.97053			6
2024.04.22	01:18:35.841	0.97054	0.97054			6
2024.04.22	01:18:35.961	0.97053	0.97053			6
2024.04.22	01:18:37.058	0.97052	0.97052			6
2024.04.22	01:18:37.916	0.97053	0.97053			6
2024.04.22	01:18:38.065	0.97052	0.97052			6
2024.04.22	01:18:38.925	0.97053	0.97053			6
2024.04.22	01:18:39.778	0.97052	0.97052			6
2024.04.22	01:18:41.667	0.97055	0.97055			6
2024.04.22	01:18:42.067	0.97056	0.97056			6
2024.04.22	01:18:48.551	0.97055	0.97055			6
2024.04.22	01:19:01.902	0.97056	0.97056			6
2024.04.22	01:19:01.963	0.97055	0.97055			6
2024.04.22	01:19:02.820	0.97054	0.97054			6
2024.04.22	01:19:02.933	0.97056	0.97056			6
2024.04.22	01:19:03.847	0.97054	0.97054			6
2024.04.22	01:19:03.997	0.97056	0.97056			6
2024.04.22	01:19:04.852	0.97055	0.97055			6
2024.04.22	01:19:04.977	0.97054	0.97054			6
2024.04.22	01:19:05.037	0.97056	0.97056			6
2024.04.22	01:19:05.589	0.97055	0.97055			6
2024.04.22	01:19:06.114	0.97056	0.97056			6
2024.04.22	01:19:06.696	0.97054	0.97054			6
2024.04.22	01:19:06.787	0.97055	0.97055			6
2024.04.22	01:19:06.817	0.97056	0.97056			6
2024.04.22	01:19:06.857	0.97055	0.97055			6
2024.04.22	01:19:06.998	0.97056	0.97056			6
2024.04.22	01:19:07.882	0.97055	0.97055			6
2024.04.22	01:19:08.306	0.97056	0.97056			6
2024.04.22	01:19:09.113	0.97055	0.97055			6
2024.04.22	01:19:09.908	0.97056	0.97056			6
2024.04.22	01:19:10.301	0.97054	0.97054			6
2024.04.22	01:19:10.446	0.97055	0.97055			6
2024.04.22	01:19:10.476	0.97054	0.97054			6
2024.04.22	01:19:10.598	0.97055	0.97055			6
2024.04.22	01:19:10.755	0.97056	0.97056			6
2024.04.22	01:19:11.498	0.97054	0.97054			6
2024.04.22	01:19:11.618	0.97055	0.97055			6
2024.04.22	01:19:11.648	0.97056	0.97056			6
2024.04.22	01:19:11.855	0.97057	0.97057			6
2024.04.22	01:19:11.885	0.97055	0.97055			6
2024.04.22	01:19:11.944	0.97056	0.97056			6
2024.04.22	01:19:11.974	0.97055	0.97055			6
2024.04.22	01:19:12.285	0.97056	0.97056			6
2024.04.22	01:19:12.315	0.97055	0.97055			6
2024.04.22	01:19:12.436	0.97057	0.97057			6
2024.04.22	01:19:13.397	0.97056	0.97056			6
2024.04.22	01:19:13.456	0.97055	0.97055			6
2024.04.22	01:19:13.576	0.97056	0.97056			6
2024.04.22	01:19:14.489	0.97055	0.97055			6
2024.04.22	01:19:14.790	0.97056	0.97056			6
2024.04.22	01:19:15.649	0.97055	0.97055			6
2024.04.22	01:19:15.777	0.97056	0.97056			6
2024.04.22	01:19:16.654	0.97055	0.97055			6
2024.04.22	01:19:16.804	0.97056	0.97056			6
2024.04.22	01:19:17.659	0.97054	0.97054			6
2024.04.22	01:19:17.840	0.97055	0.97055			6
2024.04.22	01:19:18.475	0.97056	0.97056			6
2024.04.22	01:19:18.652	0.97055	0.97055			6
2024.04.22	01:19:18.772	0.97056	0.97056			6
2024.04.22	01:19:18.832	0.97054	0.97054			6
2024.04.22	01:19:18.865	0.97055	0.97055			6
2024.04.22	01:19:18.998	0.97056	0.97056			6
2024.04.22	01:19:19.920	0.97055	0.97055			6
2024.04.22	01:19:20.100	0.97054	0.97054			6
2024.04.22	01:19:20.190	0.97055	0.97055			6
2024.04.22	01:19:20.434	0.97056	0.97056			6
2024.04.22	01:19:21.337	0.97055	0.97055			6
2024.04.22	01:19:21.472	0.97056	0.97056			6
2024.04.22	01:19:22.231	0.97057	0.97057			6
2024.04.22	01:19:22.261	0.97055	0.97055			6
2024.04.22	01:19:22.381	0.97057	0.97057			6
2024.04.22	01:19:23.268	0.97055	0.97055			6
2024.04.22	01:19:23.419	0.97056	0.97056			6
2024.04.22	01:19:23.798	0.97060	0.97060			6
2024.04.22	01:19:23.828	0.97062	0.97062			6
2024.04.22	01:19:23.919	0.97064	0.97064			6
2024.04.22	01:19:24.879	0.97063	0.97063			6
2024.04.22	01:19:24.970	0.97065	0.97065			6
2024.04.22	01:19:25.302	0.97064	0.97064			6
2024.04.22	01:19:26.877	0.97063	0.97063			6
2024.04.22	01:19:27.029	0.97064	0.97064			6
2024.04.22	01:19:28.843	0.97065	0.97065			6
2024.04.22	01:19:28.902	0.97064	0.97064			6
2024.04.22	01:19:29.029	0.97065	0.97065			6
2024.04.22	01:19:29.876	0.97064	0.97064			6
2024.04.22	01:19:30.026	0.97065	0.97065			6
2024.04.22	01:19:30.116	0.97066	0.97066			6
2024.04.22	01:19:30.238	0.97068	0.97068			6
2024.04.22	01:19:31.301	0.97067	0.97067			6
2024.04.22	01:19:32.449	0.97068	0.97068			6
2024.04.22	01:19:33.246	0.97067	0.97067			6
2024.04.22	01:19:33.736	0.97068	0.97068			6
2024.04.22	01:19:34.299	0.97067	0.97067			6
2024.04.22	01:19:34.752	0.97068	0.97068			6
2024.04.22	01:19:35.312	0.97067	0.97067			6
2024.04.22	01:19:36.206	0.97068	0.97068			6
2024.04.22	01:19:36.359	0.97067	0.97067			6
2024.04.22	01:19:37.244	0.97068	0.97068			6
2024.04.22	01:19:37.410	0.97067	0.97067			6
2024.04.22	01:19:37.868	0.97068	0.97068			6
2024.04.22	01:19:39.463	0.97067	0.97067			6
2024.04.22	01:19:39.895	0.97068	0.97068			6
2024.04.22	01:19:40.513	0.97067	0.97067			6
2024.04.22	01:19:40.992	0.97068	0.97068			6
2024.04.22	01:19:41.555	0.97067	0.97067			6
2024.04.22	01:19:41.971	0.97068	0.97068			6
2024.04.22	01:19:42.184	0.97069	0.97069			6
2024.04.22	01:19:42.214	0.97068	0.97068			6
2024.04.22	01:19:42.274	0.97069	0.97069			6
2024.04.22	01:19:43.178	0.97068	0.97068			6
2024.04.22	01:19:43.358	0.97069	0.97069			6
2024.04.22	01:19:44.241	0.97068	0.97068			6
2024.04.22	01:19:44.390	0.97069	0.97069			6
2024.04.22	01:19:45.270	0.97068	0.97068			6
2024.04.22	01:19:45.420	0.97069	0.97069			6
2024.04.22	01:19:46.306	0.97068	0.97068			6
2024.04.22	01:19:50.183	0.97067	0.97067			6
2024.04.22	01:19:50.332	0.97069	0.97069			6
2024.04.22	01:19:51.097	0.97070	0.97070			6
2024.04.22	01:19:52.441	0.97072	0.97072			6
2024.04.22	01:19:53.004	0.97073	0.97073			6
2024.04.22	01:19:53.036	0.97072	0.97072			6
2024.04.22	01:19:53.185	0.97073	0.97073			6
2024.04.22	01:19:53.445	0.97072	0.97072			6
2024.04.22	01:19:53.563	0.97073	0.97073			6
2024.04.22	01:19:54.489	0.97072	0.97072			6
2024.04.22	01:19:54.595	0.97073	0.97073			6
2024.04.22	01:19:55.071	0.97072	0.97072			6
2024.04.22	01:19:57.101	0.97071	0.97071			6
2024.04.22	01:19:57.230	0.97072	0.97072			6
2024.04.22	01:19:58.130	0.97071	0.97071			6
2024.04.22	01:19:58.259	0.97072	0.97072			6
2024.04.22	01:19:59.170	0.97071	0.97071			6
2024.04.22	01:19:59.305	0.97072	0.97072			6
2024.04.22	01:20:00.192	0.97071	0.97071			6
2024.04.22	01:20:00.347	0.97072	0.97072			6
2024.04.22	01:20:01.206	0.97071	0.97071			6
2024.04.22	01:20:01.376	0.97072	0.97072			6
2024.04.22	01:20:02.564	0.97073	0.97073			6
2024.04.22	01:20:02.685	0.97072	0.97072			6
2024.04.22	01:20:03.840	0.97073	0.97073			6
2024.04.22	01:20:04.696	0.97072	0.97072			6
2024.04.22	01:20:04.876	0.97073	0.97073			6
2024.04.22	01:20:05.769	0.97072	0.97072			6
2024.04.22	01:20:05.923	0.97073	0.97073			6
2024.04.22	01:20:06.825	0.97072	0.97072			6
2024.04.22	01:20:06.951	0.97073	0.97073			6
2024.04.22	01:20:07.845	0.97072	0.97072			6
2024.04.22	01:20:07.977	0.97073	0.97073			6
2024.04.22	01:20:08.846	0.97072	0.97072			6
2024.04.22	01:20:08.998	0.97073	0.97073			6
2024.04.22	01:20:12.737	0.97071	0.97071			6
2024.04.22	01:20:13.962	0.97072	0.97072			6
2024.04.22	01:20:14.805	0.97071	0.97071			6
2024.04.22	01:20:15.894	0.97072	0.97072			6
2024.04.22	01:20:16.015	0.97073	0.97073			6
2024.04.22	01:20:16.912	0.97072	0.97072			6
2024.04.22	01:20:17.040	0.97073	0.97073			6
2024.04.22	01:20:17.955	0.97072	0.97072			6
2024.04.22	01:20:18.075	0.97073	0.97073			6
2024.04.22	01:20:19.005	0.97072	0.97072			6
2024.04.22	01:20:19.126	0.97073	0.97073			6
2024.04.22	01:20:20.046	0.97072	0.97072			6
2024.04.22	01:20:20.176	0.97073	0.97073			6
2024.04.22	01:20:21.074	0.97072	0.97072			6
2024.04.22	01:20:21.197	0.97073	0.97073			6
2024.04.22	01:20:22.122	0.97072	0.97072			6
2024.04.22	01:20:22.241	0.97073	0.97073			6
2024.04.22	01:20:23.152	0.97072	0.97072			6
2024.04.22	01:20:23.280	0.97073	0.97073			6
2024.04.22	01:20:24.192	0.97072	0.97072			6
2024.04.22	01:20:24.316	0.97073	0.97073			6
2024.04.22	01:20:25.200	0.97072	0.97072			6
2024.04.22	01:20:25.349	0.97073	0.97073			6
2024.04.22	01:20:26.245	0.97072	0.97072			6
2024.04.22	01:20:26.379	0.97073	0.97073			6
2024.04.22	01:20:27.302	0.97072	0.97072			6
2024.04.22	01:20:27.421	0.97073	0.97073			6
2024.04.22	01:20:28.333	0.97072	0.97072			6
2024.04.22	01:20:28.465	0.97073	0.97073			6
2024.04.22	01:20:29.353	0.97072	0.97072			6
2024.04.22	01:20:29.495	0.97073	0.97073			6
2024.04.22	01:20:30.393	0.97072	0.97072			6
2024.04.22	01:20:30.513	0.97073	0.97073			6
2024.04.22	01:20:31.443	0.97072	0.97072			6
2024.04.22	01:20:31.577	0.97073	0.97073			6
2024.04.22	01:20:32.462	0.97072	0.97072			6
2024.04.22	01:20:32.614	0.97073	0.97073			6
2024.04.22	01:20:33.033	0.97075	0.97075			6
2024.04.22	01:20:34.907	0.97076	0.97076			6
2024.04.22	01:20:55.628	0.97075	0.97075			6
2024.04.22	01:20:55.839	0.97074	0.97074			6
2024.04.22	01:20:58.774	0.97073	0.97073			6
2024.04.22	01:20:59.010	0.97074	0.97074			6
2024.04.22	01:20:59.950	0.97073	0.97073			6
2024.04.22	01:21:00.054	0.97074	0.97074			6
2024.04.22	01:21:00.880	0.97073	0.97073			6
2024.04.22	01:21:00.981	0.97074	0.97074			6
2024.04.22	01:21:01.881	0.97073	0.97073			6
2024.04.22	01:21:02.032	0.97074	0.97074			6
2024.04.22	01:21:17.519	0.97075	0.97075			6
2024.04.22	01:21:17.579	0.97074	0.97074			6
2024.04.22	01:21:17.685	0.97075	0.97075			6
2024.04.22	01:21:18.572	0.97074	0.97074			6
2024.04.22	01:21:18.722	0.97075	0.97075			6
2024.04.22	01:21:19.629	0.97074	0.97074			6
2024.04.22	01:21:19.746	0.97075	0.97075			6
2024.04.22	01:21:20.663	0.97074	0.97074			6
2024.04.22	01:21:20.804	0.97075	0.97075			6
2024.04.22	01:21:21.658	0.97074	0.97074			6
2024.04.22	01:21:21.846	0.97075	0.97075			6
2024.04.22	01:21:22.729	0.97074	0.97074			6
2024.04.22	01:21:22.863	0.97075	0.97075			6
2024.04.22	01:21:23.555	0.97074	0.97074			6
2024.04.22	01:21:24.446	0.97075	0.97075			6
2024.04.22	01:21:24.476	0.97076	0.97076			6
2024.04.22	01:21:31.098	0.97074	0.97074			6
2024.04.22	01:21:31.187	0.97075	0.97075			6
2024.04.22	01:21:32.045	0.97074	0.97074			6
2024.04.22	01:21:32.198	0.97075	0.97075			6
2024.04.22	01:21:32.516	0.97074	0.97074			6
2024.04.22	01:21:32.696	0.97075	0.97075			6
2024.04.22	01:21:33.598	0.97074	0.97074			6
2024.04.22	01:21:33.881	0.97075	0.97075			6
2024.04.22	01:21:34.456	0.97074	0.97074			6
2024.04.22	01:21:35.550	0.97073	0.97073			6
2024.04.22	01:21:35.710	0.97074	0.97074			6
2024.04.22	01:21:36.550	0.97073	0.97073			6
2024.04.22	01:21:36.660	0.97074	0.97074			6
2024.04.22	01:21:38.791	0.97072	0.97072			6
2024.04.22	01:21:38.894	0.97073	0.97073			6
2024.04.22	01:21:39.236	0.97071	0.97071			6
2024.04.22	01:21:39.267	0.97069	0.97069			6
2024.04.22	01:21:39.327	0.97068	0.97068			6
2024.04.22	01:21:39.357	0.97070	0.97070			6
2024.04.22	01:21:39.478	0.97069	0.97069			6
2024.04.22	01:21:39.508	0.97070	0.97070			6
2024.04.22	01:21:40.775	0.97071	0.97071			6
2024.04.22	01:21:43.665	0.97070	0.97070			6
2024.04.22	01:21:43.846	0.97071	0.97071			6
2024.04.22	01:21:44.621	0.97068	0.97068			6
2024.04.22	01:21:51.165	0.97066	0.97066			6
2024.04.22	01:21:51.284	0.97067	0.97067			6
2024.04.22	01:21:51.314	0.97068	0.97068			6
2024.04.22	01:22:04.172	0.97069	0.97069			6
2024.04.22	01:22:04.340	0.97070	0.97070			6
2024.04.22	01:22:04.682	0.97071	0.97071			6
2024.04.22	01:22:05.184	0.97070	0.97070			6
2024.04.22	01:22:05.244	0.97069	0.97069			6
2024.04.22	01:22:05.334	0.97071	0.97071			6
2024.04.22	01:22:06.239	0.97069	0.97069			6
2024.04.22	01:22:06.462	0.97070	0.97070			6
2024.04.22	01:22:07.276	0.97069	0.97069			6
2024.04.22	01:22:07.516	0.97070	0.97070			6
2024.04.22	01:22:07.546	0.97069	0.97069			6
2024.04.22	01:22:07.673	0.97070	0.97070			6
2024.04.22	01:22:08.425	0.97069	0.97069			6
2024.04.22	01:22:08.546	0.97070	0.97070			6
2024.04.22	01:22:08.983	0.97071	0.97071			6
2024.04.22	01:22:09.013	0.97070	0.97070			6
2024.04.22	01:22:09.072	0.97071	0.97071			6
2024.04.22	01:22:09.446	0.97072	0.97072			6
2024.04.22	01:22:09.943	0.97073	0.97073			6
2024.04.22	01:22:10.800	0.97074	0.97074			6
2024.04.22	01:22:10.983	0.97073	0.97073			6
2024.04.22	01:22:11.105	0.97074	0.97074			6
2024.04.22	01:22:11.978	0.97073	0.97073			6
2024.04.22	01:22:12.209	0.97074	0.97074			6
2024.04.22	01:22:13.000	0.97073	0.97073			6
2024.04.22	01:22:13.129	0.97074	0.97074			6
2024.04.22	01:22:14.024	0.97070	0.97070			6
2024.04.22	01:22:14.363	0.97071	0.97071			6
2024.04.22	01:22:14.393	0.97073	0.97073			6
2024.04.22	01:22:15.911	0.97074	0.97074			6
2024.04.22	01:22:15.942	0.97073	0.97073			6
2024.04.22	01:22:16.107	0.97074	0.97074			6
2024.04.22	01:22:16.236	0.97073	0.97073			6
2024.04.22	01:22:17.176	0.97074	0.97074			6
2024.04.22	01:22:18.018	0.97073	0.97073			6
2024.04.22	01:22:18.189	0.97074	0.97074			6
2024.04.22	01:22:19.062	0.97073	0.97073			6
2024.04.22	01:22:19.219	0.97074	0.97074			6
2024.04.22	01:22:19.402	0.97073	0.97073			6
2024.04.22	01:22:19.628	0.97074	0.97074			6
2024.04.22	01:22:19.718	0.97073	0.97073			6
2024.04.22	01:22:19.881	0.97074	0.97074			6
2024.04.22	01:22:20.757	0.97073	0.97073			6
2024.04.22	01:22:20.907	0.97074	0.97074			6
2024.04.22	01:22:21.738	0.97073	0.97073			6
2024.04.22	01:22:21.880	0.97074	0.97074			6
2024.04.22	01:22:22.786	0.97073	0.97073			6
2024.04.22	01:22:22.911	0.97074	0.97074			6
2024.04.22	01:22:23.828	0.97073	0.97073			6
2024.04.22	01:22:23.931	0.97074	0.97074			6
2024.04.22	01:22:24.847	0.97073	0.97073			6
2024.04.22	01:22:25.058	0.97074	0.97074			6
2024.04.22	01:22:25.911	0.97073	0.97073			6
2024.04.22	01:22:26.100	0.97074	0.97074			6
2024.04.22	01:22:26.939	0.97073	0.97073			6
2024.04.22	01:22:27.245	0.97074	0.97074			6
2024.04.22	01:22:27.829	0.97073	0.97073			6
2024.04.22	01:22:27.931	0.97074	0.97074			6
2024.04.22	01:22:28.942	0.97073	0.97073			6
2024.04.22	01:22:29.063	0.97074	0.97074			6
2024.04.22	01:22:29.987	0.97073	0.97073			6
2024.04.22	01:22:30.128	0.97074	0.97074			6
2024.04.22	01:22:31.040	0.97073	0.97073			6
2024.04.22	01:22:31.159	0.97074	0.97074			6
2024.04.22	01:22:32.060	0.97073	0.97073			6
2024.04.22	01:22:32.176	0.97074	0.97074			6
2024.04.22	01:22:33.029	0.97073	0.97073			6
2024.04.22	01:22:33.216	0.97074	0.97074			6
2024.04.22	01:22:34.032	0.97073	0.97073			6
2024.04.22	01:22:34.262	0.97074	0.97074			6
2024.04.22	01:22:34.644	0.97075	0.97075			6
2024.04.22	01:22:34.674	0.97074	0.97074			6
2024.04.22	01:22:34.808	0.97075	0.97075			6
2024.04.22	01:22:34.838	0.97074	0.97074			6
2024.04.22	01:22:35.227	0.97073	0.97073			6
2024.04.22	01:22:35.329	0.97074	0.97074			6
2024.04.22	01:22:35.574	0.97073	0.97073			6
2024.04.22	01:22:35.727	0.97074	0.97074			6
2024.04.22	01:22:35.758	0.97073	0.97073			6
2024.04.22	01:22:35.928	0.97074	0.97074			6
2024.04.22	01:22:35.987	0.97073	0.97073			6
2024.04.22	01:22:36.099	0.97074	0.97074			6
2024.04.22	01:22:36.259	0.97073	0.97073			6
2024.04.22	01:22:36.375	0.97074	0.97074			6
2024.04.22	01:22:37.261	0.97073	0.97073			6
2024.04.22	01:22:37.400	0.97074	0.97074			6
2024.04.22	01:22:37.551	0.97073	0.97073			6
2024.04.22	01:22:38.476	0.97074	0.97074			6
2024.04.22	01:22:38.566	0.97073	0.97073			6
2024.04.22	01:22:38.875	0.97074	0.97074			6
2024.04.22	01:22:39.489	0.97073	0.97073			6
2024.04.22	01:22:39.614	0.97074	0.97074			6
2024.04.22	01:22:40.509	0.97073	0.97073			6
2024.04.22	01:22:41.781	0.97074	0.97074			6
2024.04.22	01:22:42.685	0.97073	0.97073			6
2024.04.22	01:22:44.862	0.97074	0.97074			6
2024.04.22	01:22:44.892	0.97073	0.97073			6
2024.04.22	01:22:44.990	0.97074	0.97074			6
2024.04.22	01:22:45.924	0.97073	0.97073			6
2024.04.22	01:22:46.381	0.97075	0.97075			6
2024.04.22	01:22:46.411	0.97073	0.97073			6
2024.04.22	01:22:47.611	0.97074	0.97074			6
2024.04.22	01:22:48.117	0.97073	0.97073			6
2024.04.22	01:22:52.287	0.97074	0.97074			6
2024.04.22	01:22:53.173	0.97073	0.97073			6
2024.04.22	01:22:54.325	0.97074	0.97074			6
2024.04.22	01:22:54.788	0.97075	0.97075			6
2024.04.22	01:22:54.847	0.97074	0.97074			6
2024.04.22	01:22:55.607	0.97073	0.97073			6
2024.04.22	01:22:57.916	0.97072	0.97072			6
2024.04.22	01:22:57.946	0.97071	0.97071			6
2024.04.22	01:22:58.066	0.97072	0.97072			6
2024.04.22	01:22:58.912	0.97071	0.97071			6
2024.04.22	01:22:58.942	0.97070	0.97070			6
2024.04.22	01:22:59.031	0.97072	0.97072			6
2024.04.22	01:22:59.507	0.97070	0.97070			6
2024.04.22	01:22:59.568	0.97067	0.97067			6
2024.04.22	01:22:59.597	0.97066	0.97066			6
2024.04.22	01:23:00.033	0.97062	0.97062			6
2024.04.22	01:23:00.127	0.97064	0.97064			6
2024.04.22	01:23:00.441	0.97065	0.97065			6
2024.04.22	01:23:00.591	0.97064	0.97064			6
2024.04.22	01:23:02.053	0.97066	0.97066			6
2024.04.22	01:23:02.754	0.97065	0.97065			6
2024.04.22	01:23:02.784	0.97064	0.97064			6
2024.04.22	01:23:04.849	0.97063	0.97063			6
2024.04.22	01:23:16.254	0.97064	0.97064			6
2024.04.22	01:23:25.070	0.97066	0.97066			6
2024.04.22	01:23:25.131	0.97067	0.97067			6
2024.04.22	01:23:25.449	0.97066	0.97066			6
2024.04.22	01:23:25.478	0.97065	0.97065			6
2024.04.22	01:23:27.801	0.97066	0.97066			6
2024.04.22	01:23:28.170	0.97065	0.97065			6
2024.04.22	01:23:28.276	0.97066	0.97066			6
2024.04.22	01:23:29.200	0.97065	0.97065			6
2024.04.22	01:23:29.315	0.97066	0.97066			6
2024.04.22	01:23:30.236	0.97065	0.97065			6
2024.04.22	01:23:30.326	0.97066	0.97066			6
2024.04.22	01:23:31.243	0.97065	0.97065			6
2024.04.22	01:23:31.345	0.97066	0.97066			6
2024.04.22	01:23:31.435	0.97065	0.97065			6
2024.04.22	01:23:31.645	0.97066	0.97066			6
2024.04.22	01:23:31.920	0.97065	0.97065			6
2024.04.22	01:23:32.040	0.97066	0.97066			6
2024.04.22	01:23:33.962	0.97065	0.97065			6
2024.04.22	01:23:34.092	0.97066	0.97066			6
2024.04.22	01:23:34.410	0.97065	0.97065			6
2024.04.22	01:23:39.129	0.97066	0.97066			6
2024.04.22	01:23:45.790	0.97065	0.97065			6
2024.04.22	01:23:45.910	0.97066	0.97066			6
2024.04.22	01:23:47.428	0.97065	0.97065			6
2024.04.22	01:23:47.579	0.97066	0.97066			6
2024.04.22	01:23:48.393	0.97065	0.97065			6
2024.04.22	01:23:49.958	0.97067	0.97067			6
2024.04.22	01:23:51.568	0.97066	0.97066			6
2024.04.22	01:23:53.078	0.97067	0.97067			6
2024.04.22	01:23:53.817	0.97066	0.97066			6
2024.04.22	01:23:54.185	0.97067	0.97067			6
2024.04.22	01:23:55.216	0.97066	0.97066			6
2024.04.22	01:23:55.410	0.97067	0.97067			6
2024.04.22	01:23:56.260	0.97066	0.97066			6
2024.04.22	01:23:56.382	0.97067	0.97067			6
2024.04.22	01:23:57.260	0.97066	0.97066			6
2024.04.22	01:23:57.410	0.97067	0.97067			6
2024.04.22	01:23:58.327	0.97066	0.97066			6
2024.04.22	01:23:58.427	0.97067	0.97067			6
2024.04.22	01:23:59.359	0.97066	0.97066			6
2024.04.22	01:23:59.500	0.97067	0.97067			6
2024.04.22	01:24:00.397	0.97066	0.97066			6
2024.04.22	01:24:04.808	0.97067	0.97067			6
2024.04.22	01:24:05.328	0.97066	0.97066			6
2024.04.22	01:24:05.467	0.97067	0.97067			6
2024.04.22	01:24:05.714	0.97069	0.97069			6
2024.04.22	01:24:05.745	0.97068	0.97068			6
2024.04.22	01:24:05.877	0.97067	0.97067			6
2024.04.22	01:24:06.329	0.97070	0.97070			6
2024.04.22	01:24:12.215	0.97069	0.97069			6
2024.04.22	01:24:15.795	0.97070	0.97070			6
2024.04.22	01:24:15.824	0.97071	0.97071			6
2024.04.22	01:24:15.854	0.97070	0.97070			6
2024.04.22	01:24:15.946	0.97069	0.97069			6
2024.04.22	01:24:16.125	0.97070	0.97070			6
2024.04.22	01:24:16.979	0.97069	0.97069			6
2024.04.22	01:24:17.175	0.97070	0.97070			6
2024.04.22	01:24:18.011	0.97069	0.97069			6
2024.04.22	01:24:18.223	0.97070	0.97070			6
2024.04.22	01:24:19.068	0.97069	0.97069			6
2024.04.22	01:24:19.280	0.97070	0.97070			6
2024.04.22	01:24:20.328	0.97069	0.97069			6
2024.04.22	01:24:23.892	0.97070	0.97070			6
2024.04.22	01:24:24.385	0.97069	0.97069			6
2024.04.22	01:24:24.415	0.97066	0.97066			6
2024.04.22	01:24:25.762	0.97067	0.97067			6
2024.04.22	01:24:26.419	0.97065	0.97065			6
2024.04.22	01:24:26.449	0.97066	0.97066			6
2024.04.22	01:24:26.629	0.97067	0.97067			6
2024.04.22	01:24:26.824	0.97066	0.97066			6
2024.04.22	01:24:27.643	0.97067	0.97067			6
2024.04.22	01:24:27.875	0.97066	0.97066			6
2024.04.22	01:24:28.300	0.97067	0.97067			6
2024.04.22	01:24:28.689	0.97068	0.97068			6
2024.04.22	01:24:28.779	0.97069	0.97069			6
2024.04.22	01:24:31.214	0.97070	0.97070			6
2024.04.22	01:24:31.840	0.97069	0.97069			6
2024.04.22	01:24:31.965	0.97070	0.97070			6
2024.04.22	01:24:32.157	0.97069	0.97069			6
2024.04.22	01:24:32.283	0.97070	0.97070			6
2024.04.22	01:24:33.012	0.97069	0.97069			6
2024.04.22	01:24:33.101	0.97070	0.97070			6
2024.04.22	01:24:33.162	0.97069	0.97069			6
2024.04.22	01:24:33.340	0.97070	0.97070			6
2024.04.22	01:24:34.236	0.97069	0.97069			6
2024.04.22	01:24:34.363	0.97070	0.97070			6
2024.04.22	01:24:35.198	0.97069	0.97069			6
2024.04.22	01:24:35.409	0.97070	0.97070			6
2024.04.22	01:24:36.147	0.97071	0.97071			6
2024.04.22	01:24:36.178	0.97069	0.97069			6
2024.04.22	01:24:36.392	0.97070	0.97070			6
2024.04.22	01:24:36.828	0.97071	0.97071			6
2024.04.22	01:24:37.982	0.97072	0.97072			6
2024.04.22	01:24:46.350	0.97074	0.97074			6
2024.04.22	01:24:46.410	0.97072	0.97072			6
2024.04.22	01:24:49.231	0.97074	0.97074			6
2024.04.22	01:24:49.481	0.97076	0.97076			6
2024.04.22	01:24:50.018	0.97075	0.97075			6
2024.04.22	01:24:50.177	0.97076	0.97076			6
2024.04.22	01:24:51.745	0.97075	0.97075			6
2024.04.22	01:24:52.340	0.97076	0.97076			6
2024.04.22	01:24:52.745	0.97075	0.97075			6
2024.04.22	01:24:53.776	0.97077	0.97077			6
2024.04.22	01:24:53.807	0.97076	0.97076			6
2024.04.22	01:24:53.964	0.97077	0.97077			6
2024.04.22	01:24:54.534	0.97076	0.97076			6
2024.04.22	01:24:54.595	0.97077	0.97077			6
2024.04.22	01:24:55.095	0.97078	0.97078			6
2024.04.22	01:24:56.126	0.97079	0.97079			6
2024.04.22	01:24:56.848	0.97077	0.97077			6
2024.04.22	01:24:56.878	0.97074	0.97074			6
2024.04.22	01:24:56.997	0.97076	0.97076			6
2024.04.22	01:24:57.027	0.97078	0.97078			6
2024.04.22	01:24:57.905	0.97077	0.97077			6
2024.04.22	01:25:01.727	0.97077				2
2024.04.22	01:25:02.554	0.97078	0.97078			6
2024.04.22	01:25:02.584	0.97077	0.97077			6
2024.04.22	01:25:02.775	0.97076	0.97076			6
2024.04.22	01:25:03.014	0.97077	0.97077			6
2024.04.22	01:25:03.142	0.97076	0.97076			6
2024.04.22	01:25:03.498	0.97077	0.97077			6
2024.04.22	01:25:03.754	0.97076	0.97076			6
2024.04.22	01:25:03.783	0.97078	0.97078			6
2024.04.22	01:25:03.814	0.97080	0.97080			6
2024.04.22	01:25:07.874	0.97081	0.97081			6
2024.04.22	01:25:07.935	0.97080	0.97080			6
2024.04.22	01:25:08.024	0.97079	0.97079			6
2024.04.22	01:25:10.622	0.97080	0.97080			6
2024.04.22	01:25:11.766	0.97077	0.97077			6
2024.04.22	01:25:12.526	0.97079	0.97079			6
2024.04.22	01:25:12.556	0.97077	0.97077			6
2024.04.22	01:25:13.080	0.97078	0.97078			6
2024.04.22	01:25:13.288	0.97079	0.97079			6
2024.04.22	01:25:14.016	0.97081	0.97081			6
2024.04.22	01:25:14.046	0.97082	0.97082			6
2024.04.22	01:25:14.075	0.97081	0.97081			6
2024.04.22	01:25:14.165	0.97080	0.97080			6
2024.04.22	01:25:14.196	0.97081	0.97081			6
2024.04.22	01:25:14.405	0.97080	0.97080			6
2024.04.22	01:25:14.444	0.97081	0.97081			6
2024.04.22	01:25:14.475	0.97080	0.97080			6
2024.04.22	01:25:14.759	0.97081	0.97081			6
2024.04.22	01:25:18.279	0.97082	0.97082			6
2024.04.22	01:25:18.519	0.97083	0.97083			6
2024.04.22	01:25:18.549	0.97082	0.97082			6
2024.04.22	01:25:18.669	0.97083	0.97083			6
2024.04.22	01:25:19.987	0.97082	0.97082			6
2024.04.22	01:25:20.106	0.97083	0.97083			6
2024.04.22	01:25:21.018	0.97082	0.97082			6
2024.04.22	01:25:22.128	0.97081	0.97081			6
2024.04.22	01:25:26.723	0.97082	0.97082			6
2024.04.22	01:25:26.784	0.97081	0.97081			6
2024.04.22	01:25:27.173	0.97083	0.97083			6
2024.04.22	01:25:27.263	0.97081	0.97081			6
2024.04.22	01:25:31.298	0.97082	0.97082			6
2024.04.22	01:25:31.523	0.97083	0.97083			6
2024.04.22	01:25:31.552	0.97081	0.97081			6
2024.04.22	01:25:31.582	0.97080	0.97080			6
2024.04.22	01:25:31.613	0.97081	0.97081			6
2024.04.22	01:25:33.701	0.97078	0.97078			6
2024.04.22	01:25:33.760	0.97077	0.97077			6
2024.04.22	01:25:38.358	0.97079	0.97079			6
2024.04.22	01:25:38.478	0.97080	0.97080			6
2024.04.22	01:25:38.981	0.97078	0.97078			6
2024.04.22	01:25:39.922	0.97077	0.97077			6
2024.04.22	01:25:39.953	0.97076	0.97076			6
2024.04.22	01:25:40.042	0.97077	0.97077			6
2024.04.22	01:25:41.973	0.97076	0.97076			6
2024.04.22	01:25:42.600	0.97077	0.97077			6
2024.04.22	01:25:42.992	0.97076	0.97076			6
2024.04.22	01:25:43.589	0.97077	0.97077			6
2024.04.22	01:25:45.171	0.97076	0.97076			6
2024.04.22	01:25:45.201	0.97077	0.97077			6
2024.04.22	01:25:45.568	0.97078	0.97078			6
2024.04.22	01:25:45.598	0.97079	0.97079			6
2024.04.22	01:25:47.332	0.97080	0.97080			6
2024.04.22	01:25:47.365	0.97079	0.97079			6
2024.04.22	01:25:47.395	0.97078	0.97078			6
2024.04.22	01:25:47.757	0.97079	0.97079			6
2024.04.22	01:25:48.997	0.97080	0.97080			6
2024.04.22	01:25:49.056	0.97079	0.97079			6
2024.04.22	01:25:54.066	0.97078	0.97078			6
2024.04.22	01:25:56.777	0.97080	0.97080			6
2024.04.22	01:25:57.381	0.97082	0.97082			6
2024.04.22	01:25:57.412	0.97080	0.97080			6
2024.04.22	01:25:58.765	0.97081	0.97081			6
2024.04.22	01:25:59.394	0.97080	0.97080			6
2024.04.22	01:26:00.889	0.97078	0.97078			6
2024.04.22	01:26:01.130	0.97079	0.97079			6
2024.04.22	01:26:01.161	0.97080	0.97080			6
2024.04.22	01:26:01.190	0.97079	0.97079			6
2024.04.22	01:26:01.250	0.97081	0.97081			6
2024.04.22	01:26:10.680	0.97080	0.97080			6
2024.04.22	01:26:16.524	0.97081	0.97081			6
2024.04.22	01:26:16.826	0.97080	0.97080			6
2024.04.22	01:26:17.211	0.97081	0.97081			6
2024.04.22	01:26:19.865	0.97080	0.97080			6
2024.04.22	01:26:19.895	0.97082	0.97082			6
2024.04.22	01:26:19.925	0.97080	0.97080			6
2024.04.22	01:26:21.962	0.97081	0.97081			6
2024.04.22	01:26:28.200	0.97080	0.97080			6
2024.04.22	01:26:29.078	0.97081	0.97081			6
2024.04.22	01:26:29.795	0.97082	0.97082			6
2024.04.22	01:26:29.826	0.97081	0.97081			6
2024.04.22	01:26:30.433	0.97080	0.97080			6
2024.04.22	01:26:32.263	0.97081	0.97081			6
2024.04.22	01:26:32.293	0.97080	0.97080			6
2024.04.22	01:26:35.779	0.97081	0.97081			6
2024.04.22	01:26:37.994	0.97080	0.97080			6
2024.04.22	01:26:47.279	0.97079	0.97079			6
2024.04.22	01:26:48.205	0.97080	0.97080			6
2024.04.22	01:26:48.542	0.97079	0.97079			6
2024.04.22	01:26:50.293	0.97080	0.97080			6
2024.04.22	01:26:50.453	0.97082	0.97082			6
2024.04.22	01:26:50.483	0.97081	0.97081			6
2024.04.22	01:26:50.572	0.97080	0.97080			6
2024.04.22	01:26:52.267	0.97081	0.97081			6
2024.04.22	01:26:54.211	0.97082	0.97082			6
2024.04.22	01:26:54.587	0.97081	0.97081			6
2024.04.22	01:26:57.889	0.97082	0.97082			6
2024.04.22	01:26:57.920	0.97083	0.97083			6
2024.04.22	01:26:58.531	0.97081	0.97081			6
2024.04.22	01:27:01.566	0.97082	0.97082			6
2024.04.22	01:27:02.695	0.97081	0.97081			6
2024.04.22	01:27:02.724	0.97080	0.97080			6
2024.04.22	01:27:02.754	0.97079	0.97079			6
2024.04.22	01:27:02.962	0.97080	0.97080			6
2024.04.22	01:27:02.993	0.97079	0.97079			6
2024.04.22	01:27:03.260	0.97081	0.97081			6
2024.04.22	01:27:03.320	0.97080	0.97080			6
2024.04.22	01:27:03.777	0.97077	0.97077			6
2024.04.22	01:27:05.477	0.97076	0.97076			6
2024.04.22	01:27:07.289	0.97077	0.97077			6
2024.04.22	01:27:07.540	0.97076	0.97076			6
2024.04.22	01:27:07.792	0.97077	0.97077			6
2024.04.22	01:27:09.474	0.97076	0.97076			6
2024.04.22	01:27:15.670	0.97077	0.97077			6
2024.04.22	01:27:18.602	0.97076	0.97076			6
2024.04.22	01:27:20.666	0.97080	0.97080			6
2024.04.22	01:27:20.695	0.97077	0.97077			6
2024.04.22	01:27:20.725	0.97078	0.97078			6
2024.04.22	01:27:28.506	0.97079	0.97079			6
2024.04.22	01:27:28.536	0.97080	0.97080			6
2024.04.22	01:27:28.566	0.97079	0.97079			6
2024.04.22	01:27:28.892	0.97080	0.97080			6
2024.04.22	01:27:29.897	0.97081	0.97081			6
2024.04.22	01:27:34.790	0.97083	0.97083			6
2024.04.22	01:27:35.647	0.97081	0.97081			6
2024.04.22	01:27:36.759	0.97082	0.97082			6
2024.04.22	01:27:41.087	0.97083	0.97083			6
2024.04.22	01:27:41.473	0.97084	0.97084			6
2024.04.22	01:27:43.565	0.97083	0.97083			6
2024.04.22	01:27:43.595	0.97081	0.97081			6
2024.04.22	01:27:43.653	0.97083	0.97083			6
2024.04.22	01:27:46.053	0.97082	0.97082			6
2024.04.22	01:27:47.061	0.97081	0.97081			6
2024.04.22	01:27:47.602	0.97083	0.97083			6
2024.04.22	01:27:47.632	0.97081	0.97081			6
2024.04.22	01:27:47.662	0.97080	0.97080			6
2024.04.22	01:27:49.174	0.97081	0.97081			6
2024.04.22	01:27:54.553	0.97080	0.97080			6
2024.04.22	01:28:07.506	0.97079	0.97079			6
2024.04.22	01:28:07.535	0.97078	0.97078			6
2024.04.22	01:28:08.612	0.97077	0.97077			6
2024.04.22	01:28:08.821	0.97076	0.97076			6
2024.04.22	01:28:09.797	0.97077	0.97077			6
2024.04.22	01:28:09.827	0.97076	0.97076			6
2024.04.22	01:28:11.177	0.97077	0.97077			6
2024.04.22	01:28:11.207	0.97078	0.97078			6
2024.04.22	01:28:11.238	0.97076	0.97076			6
2024.04.22	01:28:14.677	0.97077	0.97077			6
2024.04.22	01:28:18.951	0.97079	0.97079			6
2024.04.22	01:28:19.011	0.97078	0.97078			6
2024.04.22	01:28:31.625	0.97079	0.97079			6
2024.04.22	01:28:31.655	0.97078	0.97078			6
2024.04.22	01:28:32.429	0.97077	0.97077			6
2024.04.22	01:28:41.525	0.97079	0.97079			6
2024.04.22	01:28:41.846	0.97080	0.97080			6
2024.04.22	01:28:41.876	0.97079	0.97079			6
2024.04.22	01:28:49.734	0.97081	0.97081			6
2024.04.22	01:28:49.764	0.97080	0.97080			6
2024.04.22	01:28:50.032	0.97079	0.97079			6
2024.04.22	01:28:51.895	0.97081	0.97081			6
2024.04.22	01:28:51.954	0.97080	0.97080			6
2024.04.22	01:28:52.376	0.97079	0.97079			6
2024.04.22	01:28:53.551	0.97080	0.97080			6
2024.04.22	01:28:54.420	0.97079	0.97079			6
2024.04.22	01:28:58.329	0.97080	0.97080			6
2024.04.22	01:29:04.905	0.97079	0.97079			6
2024.04.22	01:29:05.595	0.97078	0.97078			6
2024.04.22	01:29:05.882	0.97079	0.97079			6
2024.04.22	01:29:07.111	0.97076	0.97076			6
2024.04.22	01:29:07.604	0.97075	0.97075			6
2024.04.22	01:29:08.733	0.97076	0.97076			6
2024.04.22	01:29:09.939	0.97077	0.97077			6
2024.04.22	01:29:13.276	0.97079	0.97079			6
2024.04.22	01:29:16.210	0.97081	0.97081			6
2024.04.22	01:29:16.271	0.97080	0.97080			6
2024.04.22	01:29:19.676	0.97078	0.97078			6
2024.04.22	01:29:19.706	0.97077	0.97077			6
2024.04.22	01:29:20.431	0.97076	0.97076			6
2024.04.22	01:29:21.145	0.97077	0.97077			6
2024.04.22	01:29:21.328	0.97076	0.97076			6
2024.04.22	01:29:22.211	0.97075	0.97075			6
2024.04.22	01:29:22.482	0.97076	0.97076			6
2024.04.22	01:29:22.513	0.97077	0.97077			6
2024.04.22	01:29:26.683	0.97078	0.97078			6
2024.04.22	01:29:30.012	0.97079	0.97079			6
2024.04.22	01:29:30.834	0.97078	0.97078			6
2024.04.22	01:29:31.135	0.97079	0.97079			6
2024.04.22	01:29:31.544	0.97078	0.97078			6
2024.04.22	01:29:33.535	0.97077	0.97077			6
2024.04.22	01:29:33.564	0.97078	0.97078			6
2024.04.22	01:29:33.786	0.97077	0.97077			6
2024.04.22	01:29:40.448	0.97076	0.97076			6
2024.04.22	01:29:40.478	0.97077	0.97077			6
2024.04.22	01:29:43.308	0.97076	0.97076			6
2024.04.22	01:29:45.385	0.97078	0.97078			6
2024.04.22	01:29:46.236	0.97079	0.97079			6
2024.04.22	01:29:48.544	0.97078	0.97078			6
2024.04.22	01:29:52.551	0.97079	0.97079			6
2024.04.22	01:29:54.275	0.97078	0.97078			6
2024.04.22	01:29:54.305	0.97077	0.97077			6
2024.04.22	01:29:54.335	0.97078	0.97078			6
2024.04.22	01:29:54.364	0.97079	0.97079			6
2024.04.22	01:29:54.425	0.97078	0.97078			6
2024.04.22	01:29:54.686	0.97077	0.97077			6
2024.04.22	01:29:54.865	0.97078	0.97078			6
2024.04.22	01:29:55.333	0.97080	0.97080			6
2024.04.22	01:29:55.425	0.97078	0.97078			6
2024.04.22	01:29:55.484	0.97077	0.97077			6
2024.04.22	01:29:56.806	0.97076	0.97076			6
2024.04.22	01:29:56.866	0.97075	0.97075			6
2024.04.22	01:29:59.118	0.97076	0.97076			6
2024.04.22	01:29:59.934	0.97077	0.97077			6
2024.04.22	01:30:00.544	0.97075	0.97075			6
2024.04.22	01:30:00.815	0.97076	0.97076			6
2024.04.22	01:30:01.910	0.97077	0.97077			6
2024.04.22	01:30:04.065	0.97075	0.97075			6
2024.04.22	01:30:04.094	0.97072	0.97072			6
2024.04.22	01:30:04.334	0.97071	0.97071			6
2024.04.22	01:30:04.605	0.97073	0.97073			6
2024.04.22	01:30:04.634	0.97072	0.97072			6
2024.04.22	01:30:05.198	0.97073	0.97073			6
2024.04.22	01:30:05.228	0.97072	0.97072			6
2024.04.22	01:30:05.439	0.97073	0.97073			6
2024.04.22	01:30:06.452	0.97074	0.97074			6
2024.04.22	01:30:12.044	0.97073	0.97073			6
2024.04.22	01:30:12.570	0.97074	0.97074			6
2024.04.22	01:30:12.632	0.97075	0.97075			6
2024.04.22	01:30:12.781	0.97074	0.97074			6
2024.04.22	01:30:12.989	0.97075	0.97075			6
2024.04.22	01:30:13.386	0.97071	0.97071			6
2024.04.22	01:30:13.444	0.97070	0.97070			6
2024.04.22	01:30:13.474	0.97069	0.97069			6
2024.04.22	01:30:19.578	0.97064	0.97064			6
2024.04.22	01:30:19.638	0.97065	0.97065			6
2024.04.22	01:30:20.371	0.97066	0.97066			6
2024.04.22	01:30:20.522	0.97067	0.97067			6
2024.04.22	01:30:20.672	0.97069	0.97069			6
2024.04.22	01:30:20.790	0.97070	0.97070			6
2024.04.22	01:30:20.820	0.97068	0.97068			6
2024.04.22	01:30:21.711	0.97069	0.97069			6
2024.04.22	01:30:21.861	0.97067	0.97067			6
2024.04.22	01:30:22.763	0.97069	0.97069			6
2024.04.22	01:30:22.823	0.97068	0.97068			6
2024.04.22	01:30:22.882	0.97067	0.97067			6
2024.04.22	01:30:23.814	0.97068	0.97068			6
2024.04.22	01:30:23.934	0.97067	0.97067			6
2024.04.22	01:30:24.845	0.97068	0.97068			6
2024.04.22	01:30:24.974	0.97067	0.97067			6
2024.04.22	01:30:25.210	0.97069	0.97069			6
2024.04.22	01:30:25.238	0.97070	0.97070			6
2024.04.22	01:30:25.914	0.97069	0.97069			6
2024.04.22	01:30:26.181	0.97067	0.97067			6
2024.04.22	01:30:26.457	0.97068	0.97068			6
2024.04.22	01:30:28.812	0.97067	0.97067			6
2024.04.22	01:30:30.157	0.97065	0.97065			6
2024.04.22	01:30:30.247	0.97066	0.97066			6
2024.04.22	01:30:30.547	0.97064	0.97064			6
2024.04.22	01:30:31.192	0.97066	0.97066			6
2024.04.22	01:30:31.322	0.97064	0.97064			6
2024.04.22	01:30:33.278	0.97065	0.97065			6
2024.04.22	01:30:37.342	0.97067	0.97067			6
2024.04.22	01:30:39.453	0.97066	0.97066			6
2024.04.22	01:30:40.185	0.97064	0.97064			6
2024.04.22	01:30:40.522	0.97066	0.97066			6
2024.04.22	01:30:40.583	0.97064	0.97064			6
2024.04.22	01:30:40.613	0.97063	0.97063			6
2024.04.22	01:30:41.710	0.97064	0.97064			6
2024.04.22	01:30:44.609	0.97063	0.97063			6
2024.04.22	01:30:51.320	0.97062	0.97062			6
2024.04.22	01:30:51.349	0.97061	0.97061			6
2024.04.22	01:30:51.409	0.97062	0.97062			6
2024.04.22	01:30:51.439	0.97064	0.97064			6
2024.04.22	01:30:51.950	0.97063	0.97063			6
2024.04.22	01:30:52.451	0.97064	0.97064			6
2024.04.22	01:30:53.472	0.97063	0.97063			6
2024.04.22	01:30:54.513	0.97064	0.97064			6
2024.04.22	01:30:55.042	0.97063	0.97063			6
2024.04.22	01:30:56.589	0.97064	0.97064			6
2024.04.22	01:30:56.811	0.97063	0.97063			6
2024.04.22	01:30:56.840	0.97064	0.97064			6
2024.04.22	01:30:57.699	0.97063	0.97063			6
2024.04.22	01:30:57.970	0.97064	0.97064			6
2024.04.22	01:30:58.255	0.97063	0.97063			6
2024.04.22	01:30:59.004	0.97064	0.97064			6
2024.04.22	01:30:59.698	0.97063	0.97063			6
2024.04.22	01:30:59.943	0.97064	0.97064			6
2024.04.22	01:31:00.154	0.97065	0.97065			6
2024.04.22	01:31:00.485	0.97064	0.97064			6
2024.04.22	01:31:05.043	0.97062	0.97062			6
2024.04.22	01:31:05.143	0.97061	0.97061			6
2024.04.22	01:31:05.173	0.97059	0.97059			6
2024.04.22	01:31:05.445	0.97058	0.97058			6
2024.04.22	01:31:05.598	0.97059	0.97059			6
2024.04.22	01:31:05.786	0.97058	0.97058			6
2024.04.22	01:31:06.071	0.97059	0.97059			6
2024.04.22	01:31:06.693	0.97061	0.97061			6
2024.04.22	01:31:06.813	0.97060	0.97060			6
2024.04.22	01:31:07.538	0.97059	0.97059			6
2024.04.22	01:31:07.726	0.97061	0.97061			6
2024.04.22	01:31:07.846	0.97059	0.97059			6
2024.04.22	01:31:09.789	0.97060	0.97060			6
2024.04.22	01:31:09.939	0.97059	0.97059			6
2024.04.22	01:31:10.299	0.97061	0.97061			6
2024.04.22	01:31:10.329	0.97059	0.97059			6
2024.04.22	01:31:11.235	0.97060	0.97060			6
2024.04.22	01:31:11.325	0.97059	0.97059			6
2024.04.22	01:31:11.658	0.97058	0.97058			6
2024.04.22	01:31:11.688	0.97057	0.97057			6
2024.04.22	01:31:11.717	0.97056	0.97056			6
2024.04.22	01:31:12.000	0.97055	0.97055			6
2024.04.22	01:31:19.071	0.97057	0.97057			6
2024.04.22	01:31:19.286	0.97056	0.97056			6
2024.04.22	01:31:20.205	0.97057	0.97057			6
2024.04.22	01:31:21.005	0.97054	0.97054			6
2024.04.22	01:31:21.036	0.97056	0.97056			6
2024.04.22	01:31:21.115	0.97055	0.97055			6
2024.04.22	01:31:21.144	0.97054	0.97054			6
2024.04.22	01:31:21.430	0.97056	0.97056			6
2024.04.22	01:31:21.489	0.97055	0.97055			6
2024.04.22	01:31:21.646	0.97056	0.97056			6
2024.04.22	01:31:22.430	0.97057	0.97057			6
2024.04.22	01:31:23.320	0.97058	0.97058			6
2024.04.22	01:31:28.129	0.97059	0.97059			6
2024.04.22	01:31:28.160	0.97060	0.97060			6
2024.04.22	01:31:28.250	0.97059	0.97059			6
2024.04.22	01:31:28.975	0.97060	0.97060			6
2024.04.22	01:31:29.186	0.97059	0.97059			6
2024.04.22	01:31:30.572	0.97058	0.97058			6
2024.04.22	01:31:31.187	0.97059	0.97059			6
2024.04.22	01:31:32.029	0.97060	0.97060			6
2024.04.22	01:31:32.362	0.97059	0.97059			6
2024.04.22	01:31:34.529	0.97060	0.97060			6
2024.04.22	01:31:34.922	0.97059	0.97059			6
2024.04.22	01:31:35.583	0.97060	0.97060			6
2024.04.22	01:31:35.848	0.97059	0.97059			6
2024.04.22	01:31:36.880	0.97060	0.97060			6
2024.04.22	01:31:37.393	0.97059	0.97059			6
2024.04.22	01:31:37.908	0.97060	0.97060			6
2024.04.22	01:31:38.394	0.97059	0.97059			6
2024.04.22	01:31:52.314	0.97060	0.97060			6
2024.04.22	01:31:52.523	0.97059	0.97059			6
2024.04.22	01:31:56.439	0.97060	0.97060			6
2024.04.22	01:31:56.642	0.97059	0.97059			6
2024.04.22	01:31:57.437	0.97060	0.97060			6
2024.04.22	01:31:57.715	0.97059	0.97059			6
2024.04.22	01:31:58.546	0.97060	0.97060			6
2024.04.22	01:31:58.576	0.97059	0.97059			6
2024.04.22	01:32:00.837	0.97059				2
2024.04.22	01:32:03.936	0.97058	0.97058			6
2024.04.22	01:32:05.739	0.97059	0.97059			6
2024.04.22	01:32:09.070	0.97060	0.97060			6
2024.04.22	01:32:09.130	0.97059	0.97059			6
2024.04.22	01:32:10.746	0.97060	0.97060			6
2024.04.22	01:32:14.230	0.97061	0.97061			6
2024.04.22	01:32:14.290	0.97060	0.97060			6
2024.04.22	01:32:14.350	0.97059	0.97059			6
2024.04.22	01:32:18.381	0.97060	0.97060			6
2024.04.22	01:32:19.443	0.97059	0.97059			6
2024.04.22	01:32:19.758	0.97058	0.97058			6
2024.04.22	01:32:19.788	0.97055	0.97055			6
2024.04.22	01:32:19.848	0.97056	0.97056			6
2024.04.22	01:32:19.956	0.97053	0.97053			6
2024.04.22	01:32:20.199	0.97055	0.97055			6
2024.04.22	01:32:20.414	0.97053	0.97053			6
2024.04.22	01:32:21.279	0.97054	0.97054			6
2024.04.22	01:32:21.309	0.97055	0.97055			6
2024.04.22	01:32:21.458	0.97053	0.97053			6
2024.04.22	01:32:21.488	0.97052	0.97052			6
2024.04.22	01:32:21.729	0.97051	0.97051			6
2024.04.22	01:32:22.555	0.97050	0.97050			6
2024.04.22	01:32:22.616	0.97048	0.97048			6
2024.04.22	01:32:22.869	0.97049	0.97049			6
2024.04.22	01:32:23.853	0.97050	0.97050			6
2024.04.22	01:32:24.852	0.97051	0.97051			6
2024.04.22	01:32:25.252	0.97050	0.97050			6
2024.04.22	01:32:26.141	0.97049	0.97049			6
2024.04.22	01:32:27.525	0.97051	0.97051			6
2024.04.22	01:32:31.152	0.97048	0.97048			6
2024.04.22	01:32:32.613	0.97051	0.97051			6
2024.04.22	01:32:33.774	0.97053	0.97053			6
2024.04.22	01:32:35.010	0.97051	0.97051			6
2024.04.22	01:32:37.267	0.97053	0.97053			6
2024.04.22	01:32:37.297	0.97052	0.97052			6
2024.04.22	01:32:37.586	0.97051	0.97051			6
2024.04.22	01:32:38.327	0.97052	0.97052			6
2024.04.22	01:32:38.491	0.97053	0.97053			6
2024.04.22	01:32:39.023	0.97052	0.97052			6
2024.04.22	01:32:39.523	0.97051	0.97051			6
2024.04.22	01:32:40.432	0.97052	0.97052			6
2024.04.22	01:32:40.779	0.97053	0.97053			6
2024.04.22	01:32:40.868	0.97052	0.97052			6
2024.04.22	01:32:42.210	0.97054	0.97054			6
2024.04.22	01:33:00.916	0.97055	0.97055			6
2024.04.22	01:33:03.972	0.97056	0.97056			6
2024.04.22	01:33:04.571	0.97057	0.97057			6
2024.04.22	01:33:04.977	0.97056	0.97056			6
2024.04.22	01:33:05.006	0.97057	0.97057			6
2024.04.22	01:33:05.993	0.97058	0.97058			6
2024.04.22	01:33:06.447	0.97060	0.97060			6
2024.04.22	01:33:06.477	0.97058	0.97058			6
2024.04.22	01:33:07.544	0.97060	0.97060			6
2024.04.22	01:33:08.103	0.97059	0.97059			6
2024.04.22	01:33:08.695	0.97061	0.97061			6
2024.04.22	01:33:08.977	0.97062	0.97062			6
2024.04.22	01:33:09.270	0.97059	0.97059			6
2024.04.22	01:33:10.307	0.97060	0.97060			6
2024.04.22	01:33:12.502	0.97061	0.97061			6
2024.04.22	01:33:12.958	0.97060	0.97060			6
2024.04.22	01:33:14.940	0.97061	0.97061			6
2024.04.22	01:33:15.568	0.97060	0.97060			6
2024.04.22	01:33:15.977	0.97061	0.97061			6
2024.04.22	01:33:16.594	0.97060	0.97060			6
2024.04.22	01:33:16.864	0.97061	0.97061			6
2024.04.22	01:33:20.242	0.97060	0.97060			6
2024.04.22	01:33:22.933	0.97059	0.97059			6
2024.04.22	01:33:27.761	0.97060	0.97060			6
2024.04.22	01:33:29.478	0.97059	0.97059			6
2024.04.22	01:33:29.628	0.97060	0.97060			6
2024.04.22	01:33:29.717	0.97062	0.97062			6
2024.04.22	01:33:29.988	0.97060	0.97060			6
2024.04.22	01:33:30.018	0.97061	0.97061			6
2024.04.22	01:33:30.109	0.97060	0.97060			6
2024.04.22	01:33:30.138	0.97059	0.97059			6
2024.04.22	01:33:30.169	0.97058	0.97058			6
2024.04.22	01:33:30.228	0.97056	0.97056			6
2024.04.22	01:33:30.355	0.97057	0.97057			6
2024.04.22	01:33:30.505	0.97056	0.97056			6
2024.04.22	01:33:30.745	0.97058	0.97058			6
2024.04.22	01:33:30.776	0.97063	0.97063			6
2024.04.22	01:33:31.074	0.97062	0.97062			6
2024.04.22	01:33:31.835	0.97063	0.97063			6
2024.04.22	01:33:33.407	0.97062	0.97062			6
2024.04.22	01:33:35.027	0.97061	0.97061			6
2024.04.22	01:33:35.057	0.97060	0.97060			6
2024.04.22	01:33:35.619	0.97059	0.97059			6
2024.04.22	01:33:37.146	0.97057	0.97057			6
2024.04.22	01:33:37.414	0.97056	0.97056			6
2024.04.22	01:33:37.619	0.97057	0.97057			6
2024.04.22	01:33:38.463	0.97056	0.97056			6
2024.04.22	01:33:38.826	0.97057	0.97057			6
2024.04.22	01:33:39.386	0.97056	0.97056			6
2024.04.22	01:33:41.769	0.97057	0.97057			6
2024.04.22	01:33:42.027	0.97056	0.97056			6
2024.04.22	01:33:42.237	0.97057	0.97057			6
2024.04.22	01:33:43.047	0.97056	0.97056			6
2024.04.22	01:33:43.684	0.97057	0.97057			6
2024.04.22	01:33:48.510	0.97058	0.97058			6
2024.04.22	01:33:50.265	0.97059	0.97059			6
2024.04.22	01:33:50.760	0.97057	0.97057			6
2024.04.22	01:33:55.277	0.97058	0.97058			6
2024.04.22	01:33:55.307	0.97057	0.97057			6
2024.04.22	01:33:56.317	0.97056	0.97056			6
2024.04.22	01:34:00.044	0.97056				2
2024.04.22	01:34:01.457	0.97055	0.97055			6
2024.04.22	01:34:03.634	0.97056	0.97056			6
2024.04.22	01:34:03.821	0.97055	0.97055			6
2024.04.22	01:34:05.062	0.97056	0.97056			6
2024.04.22	01:34:05.092	0.97055	0.97055			6
