<DATE>	<TIME>	<BID>	<ASK>	<LAST>	<VOLUME>	<FLAGS>
2024.06.05	00:00:01.829	0.96856	0.96856			6
2024.06.05	00:00:03.039	0.96854	0.96854			6
2024.06.05	00:00:03.805	0.96849	0.96849			6
2024.06.05	00:00:04.386	0.96848	0.96848			6
2024.06.05	00:00:49.347	0.96847	0.96847			6
2024.06.05	00:00:55.420	0.96846	0.96846			6
2024.06.05	00:00:55.450	0.96848	0.96848			6
2024.06.05	00:01:01.041	0.96846	0.96846			6
2024.06.05	00:01:01.685	0.96833	0.96833			6
2024.06.05	00:01:46.751	0.96842	0.96842			6
2024.06.05	00:01:46.862	0.96851	0.96851			6
2024.06.05	00:01:46.968	0.96842	0.96842			6
2024.06.05	00:01:47.090	0.96851	0.96851			6
2024.06.05	00:01:47.198	0.96842	0.96842			6
2024.06.05	00:01:47.303	0.96851	0.96851			6
2024.06.05	00:01:47.381	0.96842	0.96842			6
2024.06.05	00:01:47.506	0.96851	0.96851			6
2024.06.05	00:01:47.596	0.96842	0.96842			6
2024.06.05	00:01:47.717	0.96851	0.96851			6
2024.06.05	00:01:47.806	0.96842	0.96842			6
2024.06.05	00:01:51.352	0.96851	0.96851			6
2024.06.05	00:02:04.204	0.96851				2
2024.06.05	00:03:05.163	0.96852	0.96852			6
2024.06.05	00:03:15.157	0.96851	0.96851			6
2024.06.05	00:04:05.943	0.96858	0.96858			6
2024.06.05	00:04:09.404	0.96859	0.96859			6
2024.06.05	00:04:11.301	0.96858	0.96858			6
2024.06.05	00:04:33.107	0.96857	0.96857			6
2024.06.05	00:04:33.137	0.96858	0.96858			6
2024.06.05	00:04:56.841	0.96859	0.96859			6
2024.06.05	00:05:00.243	0.96862	0.96862			6
2024.06.05	00:05:00.379	0.96861	0.96861			6
2024.06.05	00:05:00.931	0.96863	0.96863			6
2024.06.05	00:05:01.359	0.96864	0.96864			6
2024.06.05	00:05:02.060	0.96870	0.96870			6
2024.06.05	00:05:03.071	0.96864	0.96864			6
2024.06.05	00:05:07.576	0.96853	0.96853			6
2024.06.05	00:05:08.130	0.96864	0.96864			6
2024.06.05	00:05:11.582	0.96855	0.96855			6
2024.06.05	00:05:11.672	0.96853	0.96853			6
2024.06.05	00:05:14.642	0.96852	0.96852			6
2024.06.05	00:05:16.082	0.96853	0.96853			6
2024.06.05	00:05:19.333	0.96851	0.96851			6
2024.06.05	00:05:20.473	0.96852	0.96852			6
2024.06.05	00:05:20.757	0.96840	0.96840			6
2024.06.05	00:05:21.648	0.96839	0.96839			6
2024.06.05	00:05:21.797	0.96840	0.96840			6
2024.06.05	00:05:28.302	0.96852	0.96852			6
2024.06.05	00:05:30.073	0.96851	0.96851			6
2024.06.05	00:05:30.504	0.96852	0.96852			6
2024.06.05	00:05:31.066	0.96840	0.96840			6
2024.06.05	00:05:31.631	0.96838	0.96838			6
2024.06.05	00:05:50.312	0.96836	0.96836			6
2024.06.05	00:05:55.198	0.96837	0.96837			6
2024.06.05	00:06:05.951	0.96847	0.96847			6
2024.06.05	00:06:07.533	0.96848	0.96848			6
2024.06.05	00:06:16.202	0.96847	0.96847			6
2024.06.05	00:06:18.727	0.96835	0.96835			6
2024.06.05	00:06:27.697	0.96834	0.96834			6
2024.06.05	00:06:30.526	0.96835	0.96835			6
2024.06.05	00:06:31.335	0.96834	0.96834			6
2024.06.05	00:06:32.411	0.96835	0.96835			6
2024.06.05	00:06:32.656	0.96833	0.96833			6
2024.06.05	00:06:34.526	0.96834	0.96834			6
2024.06.05	00:06:36.410	0.96835	0.96835			6
2024.06.05	00:06:43.706	0.96834	0.96834			6
2024.06.05	00:06:49.729	0.96833	0.96833			6
2024.06.05	00:06:52.435	0.96834	0.96834			6
2024.06.05	00:07:04.188	0.96846	0.96846			6
2024.06.05	00:07:12.639	0.96852	0.96852			6
2024.06.05	00:07:14.483	0.96839	0.96839			6
2024.06.05	00:07:15.973	0.96840	0.96840			6
2024.06.05	00:07:20.488	0.96838	0.96838			6
2024.06.05	00:07:23.394	0.96850	0.96850			6
2024.06.05	00:07:27.063	0.96838	0.96838			6
2024.06.05	00:07:40.639	0.96837	0.96837			6
2024.06.05	00:07:42.674	0.96838	0.96838			6
2024.06.05	00:07:52.650	0.96841	0.96841			6
2024.06.05	00:07:52.835	0.96852	0.96852			6
2024.06.05	00:07:53.640	0.96853	0.96853			6
2024.06.05	00:07:57.461	0.96841	0.96841			6
2024.06.05	00:08:10.192	0.96842	0.96842			6
2024.06.05	00:08:39.101	0.96854	0.96854			6
2024.06.05	00:08:51.580	0.96843	0.96843			6
2024.06.05	00:09:18.527	0.96842	0.96842			6
2024.06.05	00:09:26.127	0.96843	0.96843			6
2024.06.05	00:09:36.531	0.96842	0.96842			6
2024.06.05	00:09:51.511	0.96846	0.96846			6
2024.06.05	00:09:52.835	0.96854	0.96854			6
2024.06.05	00:09:53.140	0.96846	0.96846			6
2024.06.05	00:09:59.079	0.96844	0.96844			6
2024.06.05	00:10:01.450	0.96846	0.96846			6
2024.06.05	00:10:27.157	0.96841	0.96841			6
2024.06.05	00:10:44.450	0.96842	0.96842			6
2024.06.05	00:10:53.257	0.96848	0.96848			6
2024.06.05	00:11:20.109	0.96846	0.96846			6
2024.06.05	00:11:34.057	0.96841	0.96841			6
2024.06.05	00:12:09.057	0.96846	0.96846			6
2024.06.05	00:12:11.038	0.96844	0.96844			6
2024.06.05	00:12:11.321	0.96846	0.96846			6
2024.06.05	00:12:16.420	0.96841	0.96841			6
2024.06.05	00:12:22.958	0.96846	0.96846			6
2024.06.05	00:12:49.454	0.96841	0.96841			6
2024.06.05	00:12:55.094	0.96846	0.96846			6
2024.06.05	00:13:41.608	0.96858	0.96858			6
2024.06.05	00:13:48.932	0.96861	0.96861			6
2024.06.05	00:13:48.962	0.96848	0.96848			6
2024.06.05	00:13:52.921	0.96846	0.96846			6
2024.06.05	00:13:53.301	0.96849	0.96849			6
2024.06.05	00:13:55.133	0.96850	0.96850			6
2024.06.05	00:14:02.223	0.96847	0.96847			6
2024.06.05	00:14:09.149	0.96849	0.96849			6
2024.06.05	00:14:53.531	0.96848	0.96848			6
2024.06.05	00:14:56.023	0.96849	0.96849			6
2024.06.05	00:14:56.115	0.96844	0.96844			6
2024.06.05	00:14:56.204	0.96849	0.96849			6
2024.06.05	00:15:01.141	0.96848	0.96848			6
2024.06.05	00:15:01.202	0.96856	0.96856			6
2024.06.05	00:15:12.435	0.96858	0.96858			6
2024.06.05	00:16:06.127	0.96853	0.96853			6
2024.06.05	00:16:07.935	0.96854	0.96854			6
2024.06.05	00:16:09.124	0.96858	0.96858			6
2024.06.05	00:16:40.007	0.96843	0.96843			6
2024.06.05	00:16:48.952	0.96842	0.96842			6
2024.06.05	00:16:54.582	0.96839	0.96839			6
2024.06.05	00:17:32.579	0.96837	0.96837			6
2024.06.05	00:17:41.572	0.96839	0.96839			6
2024.06.05	00:18:44.486	0.96844	0.96844			6
2024.06.05	00:18:52.333	0.96843	0.96843			6
2024.06.05	00:18:53.578	0.96844	0.96844			6
2024.06.05	00:18:54.087	0.96845	0.96845			6
2024.06.05	00:19:11.679	0.96844	0.96844			6
2024.06.05	00:19:16.301	0.96846	0.96846			6
2024.06.05	00:19:16.331	0.96847	0.96847			6
2024.06.05	00:19:16.401	0.96846	0.96846			6
2024.06.05	00:19:20.901	0.96845	0.96845			6
2024.06.05	00:19:25.108	0.96847	0.96847			6
2024.06.05	00:19:26.273	0.96845	0.96845			6
2024.06.05	00:19:29.294	0.96844	0.96844			6
2024.06.05	00:19:40.807	0.96846	0.96846			6
2024.06.05	00:19:44.779	0.96844	0.96844			6
2024.06.05	00:19:44.869	0.96848	0.96848			6
2024.06.05	00:19:50.563	0.96846	0.96846			6
2024.06.05	00:19:52.872	0.96844	0.96844			6
2024.06.05	00:20:34.179	0.96840	0.96840			6
2024.06.05	00:20:34.696	0.96843	0.96843			6
2024.06.05	00:20:36.130	0.96842	0.96842			6
2024.06.05	00:20:49.906	0.96843	0.96843			6
2024.06.05	00:20:53.826	0.96842	0.96842			6
2024.06.05	00:21:06.106	0.96843	0.96843			6
2024.06.05	00:21:16.348	0.96840	0.96840			6
2024.06.05	00:21:38.612	0.96844	0.96844			6
2024.06.05	00:21:50.086	0.96843	0.96843			6
2024.06.05	00:22:12.516	0.96839	0.96839			6
2024.06.05	00:22:12.546	0.96840	0.96840			6
2024.06.05	00:22:35.533	0.96841	0.96841			6
2024.06.05	00:22:56.825	0.96840	0.96840			6
2024.06.05	00:23:12.518	0.96841	0.96841			6
2024.06.05	00:23:16.977	0.96842	0.96842			6
2024.06.05	00:23:19.684	0.96841	0.96841			6
2024.06.05	00:23:36.923	0.96842	0.96842			6
2024.06.05	00:23:42.691	0.96841	0.96841			6
2024.06.05	00:24:02.903	0.96840	0.96840			6
2024.06.05	00:24:02.994	0.96841	0.96841			6
2024.06.05	00:24:03.024	0.96843	0.96843			6
2024.06.05	00:24:03.501	0.96845	0.96845			6
2024.06.05	00:24:16.700	0.96844	0.96844			6
2024.06.05	00:24:16.730	0.96840	0.96840			6
2024.06.05	00:24:22.108	0.96841	0.96841			6
2024.06.05	00:24:27.094	0.96842	0.96842			6
2024.06.05	00:24:40.730	0.96847	0.96847			6
2024.06.05	00:24:48.208	0.96844	0.96844			6
2024.06.05	00:25:02.836	0.96846	0.96846			6
2024.06.05	00:25:02.896	0.96847	0.96847			6
2024.06.05	00:25:03.393	0.96852	0.96852			6
2024.06.05	00:25:08.608	0.96853	0.96853			6
2024.06.05	00:25:08.933	0.96854	0.96854			6
2024.06.05	00:25:10.676	0.96847	0.96847			6
2024.06.05	00:25:10.742	0.96850	0.96850			6
2024.06.05	00:25:14.314	0.96851	0.96851			6
2024.06.05	00:25:16.205	0.96850	0.96850			6
2024.06.05	00:25:19.404	0.96849	0.96849			6
2024.06.05	00:25:19.433	0.96848	0.96848			6
2024.06.05	00:25:20.319	0.96847	0.96847			6
2024.06.05	00:25:21.252	0.96850	0.96850			6
2024.06.05	00:25:21.282	0.96851	0.96851			6
2024.06.05	00:25:31.384	0.96849	0.96849			6
2024.06.05	00:25:31.414	0.96850	0.96850			6
2024.06.05	00:25:33.806	0.96849	0.96849			6
2024.06.05	00:25:35.235	0.96850	0.96850			6
2024.06.05	00:25:36.584	0.96851	0.96851			6
2024.06.05	00:25:51.638	0.96849	0.96849			6
2024.06.05	00:25:51.668	0.96850	0.96850			6
2024.06.05	00:25:53.949	0.96851	0.96851			6
2024.06.05	00:25:56.506	0.96850	0.96850			6
2024.06.05	00:25:59.507	0.96851	0.96851			6
2024.06.05	00:26:02.807	0.96850	0.96850			6
2024.06.05	00:26:03.079	0.96852	0.96852			6
2024.06.05	00:26:09.972	0.96849	0.96849			6
2024.06.05	00:26:10.031	0.96850	0.96850			6
2024.06.05	00:26:11.257	0.96852	0.96852			6
2024.06.05	00:26:12.545	0.96851	0.96851			6
2024.06.05	00:26:14.907	0.96850	0.96850			6
2024.06.05	00:26:14.936	0.96849	0.96849			6
2024.06.05	00:26:14.997	0.96850	0.96850			6
2024.06.05	00:26:21.540	0.96853	0.96853			6
2024.06.05	00:26:21.569	0.96856	0.96856			6
2024.06.05	00:26:36.247	0.96852	0.96852			6
2024.06.05	00:26:36.338	0.96850	0.96850			6
2024.06.05	00:26:52.277	0.96849	0.96849			6
2024.06.05	00:27:08.262	0.96848	0.96848			6
2024.06.05	00:27:19.914	0.96850	0.96850			6
2024.06.05	00:27:24.315	0.96849	0.96849			6
2024.06.05	00:27:50.010	0.96851	0.96851			6
2024.06.05	00:27:52.644	0.96850	0.96850			6
2024.06.05	00:27:53.253	0.96849	0.96849			6
2024.06.05	00:27:53.283	0.96851	0.96851			6
2024.06.05	00:28:01.307	0.96850	0.96850			6
2024.06.05	00:28:02.223	0.96848	0.96848			6
2024.06.05	00:28:02.283	0.96850	0.96850			6
2024.06.05	00:28:02.313	0.96851	0.96851			6
2024.06.05	00:28:02.837	0.96850	0.96850			6
2024.06.05	00:28:04.915	0.96849	0.96849			6
2024.06.05	00:28:08.804	0.96850	0.96850			6
2024.06.05	00:28:09.347	0.96847	0.96847			6
2024.06.05	00:28:09.408	0.96849	0.96849			6
2024.06.05	00:28:13.458	0.96847	0.96847			6
2024.06.05	00:28:13.518	0.96848	0.96848			6
2024.06.05	00:28:13.549	0.96849	0.96849			6
2024.06.05	00:28:16.854	0.96848	0.96848			6
2024.06.05	00:28:16.884	0.96850	0.96850			6
2024.06.05	00:28:17.928	0.96849	0.96849			6
2024.06.05	00:28:18.329	0.96850	0.96850			6
2024.06.05	00:28:23.636	0.96848	0.96848			6
2024.06.05	00:28:31.006	0.96849	0.96849			6
2024.06.05	00:28:33.782	0.96848	0.96848			6
2024.06.05	00:28:36.446	0.96844	0.96844			6
2024.06.05	00:28:36.561	0.96848	0.96848			6
2024.06.05	00:28:36.728	0.96849	0.96849			6
2024.06.05	00:28:42.911	0.96847	0.96847			6
2024.06.05	00:28:45.776	0.96848	0.96848			6
2024.06.05	00:28:45.807	0.96849	0.96849			6
2024.06.05	00:28:45.837	0.96850	0.96850			6
2024.06.05	00:28:47.569	0.96849	0.96849			6
2024.06.05	00:28:47.629	0.96848	0.96848			6
2024.06.05	00:28:48.062	0.96844	0.96844			6
2024.06.05	00:28:50.128	0.96841	0.96841			6
2024.06.05	00:28:50.218	0.96846	0.96846			6
2024.06.05	00:28:53.955	0.96837	0.96837			6
2024.06.05	00:28:54.015	0.96842	0.96842			6
2024.06.05	00:28:54.045	0.96847	0.96847			6
2024.06.05	00:28:55.516	0.96844	0.96844			6
2024.06.05	00:28:56.716	0.96840	0.96840			6
2024.06.05	00:28:56.776	0.96842	0.96842			6
2024.06.05	00:28:56.807	0.96843	0.96843			6
2024.06.05	00:28:59.789	0.96844	0.96844			6
2024.06.05	00:29:01.535	0.96841	0.96841			6
2024.06.05	00:29:03.645	0.96837	0.96837			6
2024.06.05	00:29:14.306	0.96844	0.96844			6
2024.06.05	00:29:18.500	0.96837	0.96837			6
2024.06.05	00:29:18.541	0.96841	0.96841			6
2024.06.05	00:29:18.570	0.96844	0.96844			6
2024.06.05	00:29:23.966	0.96838	0.96838			6
2024.06.05	00:29:23.997	0.96836	0.96836			6
2024.06.05	00:29:29.816	0.96837	0.96837			6
2024.06.05	00:29:37.962	0.96842	0.96842			6
2024.06.05	00:29:38.039	0.96849	0.96849			6
2024.06.05	00:29:42.167	0.96843	0.96843			6
2024.06.05	00:29:42.197	0.96840	0.96840			6
2024.06.05	00:29:50.102	0.96842	0.96842			6
2024.06.05	00:29:59.739	0.96841	0.96841			6
2024.06.05	00:29:59.799	0.96842	0.96842			6
2024.06.05	00:29:59.828	0.96846	0.96846			6
2024.06.05	00:30:00.079	0.96847	0.96847			6
2024.06.05	00:30:00.139	0.96845	0.96845			6
2024.06.05	00:30:07.719	0.96844	0.96844			6
2024.06.05	00:30:14.136	0.96843	0.96843			6
2024.06.05	00:30:15.093	0.96844	0.96844			6
2024.06.05	00:30:20.108	0.96843	0.96843			6
2024.06.05	00:30:29.805	0.96842	0.96842			6
2024.06.05	00:30:39.181	0.96843	0.96843			6
2024.06.05	00:30:40.968	0.96844	0.96844			6
2024.06.05	00:31:02.022	0.96843	0.96843			6
2024.06.05	00:31:14.274	0.96842	0.96842			6
2024.06.05	00:31:44.492	0.96843	0.96843			6
2024.06.05	00:32:01.245	0.96838	0.96838			6
2024.06.05	00:32:01.370	0.96837	0.96837			6
2024.06.05	00:32:01.830	0.96838	0.96838			6
2024.06.05	00:32:04.722	0.96833	0.96833			6
2024.06.05	00:32:08.819	0.96832	0.96832			6
2024.06.05	00:32:08.848	0.96830	0.96830			6
2024.06.05	00:32:08.879	0.96829	0.96829			6
2024.06.05	00:32:18.096	0.96826	0.96826			6
2024.06.05	00:32:20.207	0.96827	0.96827			6
2024.06.05	00:32:24.364	0.96826	0.96826			6
2024.06.05	00:32:29.473	0.96827	0.96827			6
2024.06.05	00:32:29.503	0.96825	0.96825			6
2024.06.05	00:32:34.240	0.96824	0.96824			6
2024.06.05	00:32:36.199	0.96823	0.96823			6
2024.06.05	00:32:36.229	0.96824	0.96824			6
2024.06.05	00:32:36.289	0.96826	0.96826			6
2024.06.05	00:32:37.214	0.96834	0.96834			6
2024.06.05	00:32:40.219	0.96856	0.96856			6
2024.06.05	00:32:41.216	0.96855	0.96855			6
2024.06.05	00:32:41.575	0.96856	0.96856			6
2024.06.05	00:32:41.806	0.96861	0.96861			6
2024.06.05	00:32:43.985	0.96860	0.96860			6
2024.06.05	00:32:46.624	0.96861	0.96861			6
2024.06.05	00:32:46.654	0.96862	0.96862			6
2024.06.05	00:32:47.436	0.96863	0.96863			6
2024.06.05	00:32:47.497	0.96864	0.96864			6
2024.06.05	00:33:05.350	0.96863	0.96863			6
2024.06.05	00:33:05.440	0.96864	0.96864			6
2024.06.05	00:33:06.462	0.96863	0.96863			6
2024.06.05	00:33:08.883	0.96864	0.96864			6
2024.06.05	00:33:12.114	0.96863	0.96863			6
2024.06.05	00:33:12.344	0.96862	0.96862			6
2024.06.05	00:33:13.016	0.96858	0.96858			6
2024.06.05	00:33:13.046	0.96848	0.96848			6
2024.06.05	00:33:15.634	0.96846	0.96846			6
2024.06.05	00:33:15.664	0.96847	0.96847			6
2024.06.05	00:33:15.755	0.96846	0.96846			6
2024.06.05	00:33:17.452	0.96847	0.96847			6
2024.06.05	00:33:18.894	0.96846	0.96846			6
2024.06.05	00:33:19.215	0.96844	0.96844			6
2024.06.05	00:33:19.462	0.96847	0.96847			6
2024.06.05	00:33:19.522	0.96846	0.96846			6
2024.06.05	00:33:19.647	0.96844	0.96844			6
2024.06.05	00:33:26.339	0.96843	0.96843			6
2024.06.05	00:33:30.231	0.96844	0.96844			6
2024.06.05	00:33:40.110	0.96842	0.96842			6
2024.06.05	00:33:51.400	0.96843	0.96843			6
2024.06.05	00:33:54.461	0.96844	0.96844			6
2024.06.05	00:33:54.674	0.96845	0.96845			6
2024.06.05	00:33:55.396	0.96844	0.96844			6
2024.06.05	00:34:01.014	0.96843	0.96843			6
2024.06.05	00:34:01.365	0.96844	0.96844			6
2024.06.05	00:34:50.876	0.96843	0.96843			6
2024.06.05	00:35:02.108	0.96844	0.96844			6
2024.06.05	00:35:31.253	0.96843	0.96843			6
2024.06.05	00:35:34.274	0.96844	0.96844			6
2024.06.05	00:35:39.304	0.96843	0.96843			6
2024.06.05	00:35:41.699	0.96844	0.96844			6
2024.06.05	00:35:49.400	0.96845	0.96845			6
2024.06.05	00:35:55.031	0.96844	0.96844			6
2024.06.05	00:36:01.663	0.96854	0.96854			6
2024.06.05	00:36:01.694	0.96856	0.96856			6
2024.06.05	00:36:01.723	0.96859	0.96859			6
2024.06.05	00:36:01.754	0.96860	0.96860			6
2024.06.05	00:36:03.492	0.96861	0.96861			6
2024.06.05	00:36:06.153	0.96860	0.96860			6
2024.06.05	00:36:06.221	0.96861	0.96861			6
2024.06.05	00:36:06.252	0.96865	0.96865			6
2024.06.05	00:36:06.311	0.96866	0.96866			6
2024.06.05	00:36:09.635	0.96865	0.96865			6
2024.06.05	00:36:09.666	0.96866	0.96866			6
2024.06.05	00:36:12.797	0.96865	0.96865			6
2024.06.05	00:36:15.704	0.96861	0.96861			6
2024.06.05	00:36:15.764	0.96863	0.96863			6
2024.06.05	00:36:15.795	0.96865	0.96865			6
2024.06.05	00:36:21.603	0.96866	0.96866			6
2024.06.05	00:36:23.506	0.96873	0.96873			6
2024.06.05	00:36:23.535	0.96866	0.96866			6
2024.06.05	00:36:23.740	0.96855	0.96855			6
2024.06.05	00:36:24.014	0.96853	0.96853			6
2024.06.05	00:36:28.661	0.96852	0.96852			6
2024.06.05	00:36:30.473	0.96848	0.96848			6
2024.06.05	00:36:30.504	0.96847	0.96847			6
2024.06.05	00:36:32.516	0.96846	0.96846			6
2024.06.05	00:36:33.028	0.96841	0.96841			6
2024.06.05	00:36:45.313	0.96839	0.96839			6
2024.06.05	00:36:47.514	0.96840	0.96840			6
2024.06.05	00:36:48.036	0.96841	0.96841			6
2024.06.05	00:37:00.612	0.96846	0.96846			6
2024.06.05	00:37:02.145	0.96850	0.96850			6
2024.06.05	00:37:05.445	0.96851	0.96851			6
2024.06.05	00:37:10.093	0.96850	0.96850			6
2024.06.05	00:37:19.145	0.96846	0.96846			6
2024.06.05	00:37:20.467	0.96845	0.96845			6
2024.06.05	00:37:23.297	0.96844	0.96844			6
2024.06.05	00:37:23.849	0.96843	0.96843			6
2024.06.05	00:37:25.414	0.96844	0.96844			6
2024.06.05	00:37:25.486	0.96856	0.96856			6
2024.06.05	00:37:25.547	0.96860	0.96860			6
2024.06.05	00:37:25.576	0.96859	0.96859			6
2024.06.05	00:37:27.687	0.96860	0.96860			6
2024.06.05	00:37:27.717	0.96861	0.96861			6
2024.06.05	00:37:32.358	0.96862	0.96862			6
2024.06.05	00:37:35.313	0.96859	0.96859			6
2024.06.05	00:37:43.205	0.96858	0.96858			6
2024.06.05	00:37:43.235	0.96857	0.96857			6
2024.06.05	00:37:43.295	0.96860	0.96860			6
2024.06.05	00:37:52.969	0.96861	0.96861			6
2024.06.05	00:37:59.534	0.96859	0.96859			6
2024.06.05	00:37:59.565	0.96858	0.96858			6
2024.06.05	00:37:59.623	0.96860	0.96860			6
2024.06.05	00:38:00.066	0.96863	0.96863			6
2024.06.05	00:38:06.406	0.96860	0.96860			6
2024.06.05	00:38:06.482	0.96861	0.96861			6
2024.06.05	00:38:06.513	0.96862	0.96862			6
2024.06.05	00:38:16.606	0.96863	0.96863			6
2024.06.05	00:38:19.099	0.96862	0.96862			6
2024.06.05	00:38:24.116	0.96861	0.96861			6
2024.06.05	00:38:27.302	0.96862	0.96862			6
2024.06.05	00:38:27.333	0.96864	0.96864			6
2024.06.05	00:38:30.116	0.96863	0.96863			6
2024.06.05	00:38:41.266	0.96864	0.96864			6
2024.06.05	00:38:50.893	0.96862	0.96862			6
2024.06.05	00:38:50.923	0.96859	0.96859			6
2024.06.05	00:38:50.952	0.96853	0.96853			6
2024.06.05	00:38:50.983	0.96852	0.96852			6
2024.06.05	00:38:51.012	0.96859	0.96859			6
2024.06.05	00:38:51.074	0.96861	0.96861			6
2024.06.05	00:38:51.618	0.96863	0.96863			6
2024.06.05	00:38:51.649	0.96857	0.96857			6
2024.06.05	00:38:51.920	0.96855	0.96855			6
2024.06.05	00:38:54.206	0.96856	0.96856			6
2024.06.05	00:38:54.765	0.96857	0.96857			6
2024.06.05	00:38:55.568	0.96856	0.96856			6
2024.06.05	00:38:56.073	0.96857	0.96857			6
2024.06.05	00:38:56.818	0.96856	0.96856			6
2024.06.05	00:39:02.304	0.96857	0.96857			6
2024.06.05	00:39:06.415	0.96858	0.96858			6
2024.06.05	00:39:10.073	0.96857	0.96857			6
2024.06.05	00:39:12.465	0.96858	0.96858			6
2024.06.05	00:39:12.495	0.96854	0.96854			6
2024.06.05	00:39:15.638	0.96855	0.96855			6
2024.06.05	00:39:15.784	0.96856	0.96856			6
2024.06.05	00:39:15.815	0.96858	0.96858			6
2024.06.05	00:39:18.328	0.96854	0.96854			6
2024.06.05	00:39:18.386	0.96853	0.96853			6
2024.06.05	00:39:20.026	0.96854	0.96854			6
2024.06.05	00:39:23.358	0.96853	0.96853			6
2024.06.05	00:39:24.527	0.96851	0.96851			6
2024.06.05	00:39:24.647	0.96854	0.96854			6
2024.06.05	00:39:24.860	0.96855	0.96855			6
2024.06.05	00:39:25.775	0.96854	0.96854			6
2024.06.05	00:39:26.727	0.96852	0.96852			6
2024.06.05	00:39:26.878	0.96851	0.96851			6
2024.06.05	00:39:27.017	0.96849	0.96849			6
2024.06.05	00:39:28.317	0.96850	0.96850			6
2024.06.05	00:39:30.739	0.96849	0.96849			6
2024.06.05	00:39:32.369	0.96852	0.96852			6
2024.06.05	00:39:32.921	0.96854	0.96854			6
2024.06.05	00:39:38.540	0.96850	0.96850			6
2024.06.05	00:39:38.599	0.96852	0.96852			6
2024.06.05	00:39:38.946	0.96853	0.96853			6
2024.06.05	00:39:40.811	0.96852	0.96852			6
2024.06.05	00:39:41.685	0.96849	0.96849			6
2024.06.05	00:39:41.776	0.96851	0.96851			6
2024.06.05	00:39:42.283	0.96855	0.96855			6
2024.06.05	00:39:42.313	0.96852	0.96852			6
2024.06.05	00:39:45.924	0.96851	0.96851			6
2024.06.05	00:39:49.285	0.96852	0.96852			6
2024.06.05	00:39:49.382	0.96853	0.96853			6
2024.06.05	00:39:51.874	0.96854	0.96854			6
2024.06.05	00:39:54.346	0.96853	0.96853			6
2024.06.05	00:39:55.254	0.96851	0.96851			6
2024.06.05	00:39:56.864	0.96848	0.96848			6
2024.06.05	00:39:57.738	0.96845	0.96845			6
2024.06.05	00:40:00.079	0.96846	0.96846			6
2024.06.05	00:40:02.617	0.96847	0.96847			6
2024.06.05	00:40:02.647	0.96850	0.96850			6
2024.06.05	00:40:04.191	0.96849	0.96849			6
2024.06.05	00:40:04.938	0.96848	0.96848			6
2024.06.05	00:40:05.004	0.96847	0.96847			6
2024.06.05	00:40:10.871	0.96859	0.96859			6
2024.06.05	00:40:14.964	0.96857	0.96857			6
2024.06.05	00:40:15.178	0.96856	0.96856			6
2024.06.05	00:40:15.583	0.96854	0.96854			6
2024.06.05	00:40:15.614	0.96852	0.96852			6
2024.06.05	00:40:16.271	0.96849	0.96849			6
2024.06.05	00:40:16.300	0.96847	0.96847			6
2024.06.05	00:40:16.516	0.96846	0.96846			6
2024.06.05	00:40:18.764	0.96844	0.96844			6
2024.06.05	00:40:20.834	0.96837	0.96837			6
2024.06.05	00:40:20.894	0.96836	0.96836			6
2024.06.05	00:40:20.954	0.96835	0.96835			6
2024.06.05	00:40:22.689	0.96844	0.96844			6
2024.06.05	00:40:35.102	0.96842	0.96842			6
2024.06.05	00:40:35.132	0.96840	0.96840			6
2024.06.05	00:40:43.146	0.96842	0.96842			6
2024.06.05	00:40:43.175	0.96844	0.96844			6
2024.06.05	00:40:46.448	0.96842	0.96842			6
2024.06.05	00:40:46.478	0.96844	0.96844			6
2024.06.05	00:40:48.248	0.96846	0.96846			6
2024.06.05	00:40:48.278	0.96844	0.96844			6
2024.06.05	00:40:51.406	0.96842	0.96842			6
2024.06.05	00:40:51.437	0.96844	0.96844			6
2024.06.05	00:41:01.979	0.96845	0.96845			6
2024.06.05	00:41:02.517	0.96846	0.96846			6
2024.06.05	00:41:05.626	0.96848	0.96848			6
2024.06.05	00:41:07.657	0.96847	0.96847			6
2024.06.05	00:41:12.568	0.96846	0.96846			6
2024.06.05	00:41:12.598	0.96847	0.96847			6
2024.06.05	00:41:14.942	0.96845	0.96845			6
2024.06.05	00:41:14.973	0.96847	0.96847			6
2024.06.05	00:41:16.495	0.96850	0.96850			6
2024.06.05	00:41:16.524	0.96845	0.96845			6
2024.06.05	00:41:16.555	0.96846	0.96846			6
2024.06.05	00:41:18.147	0.96848	0.96848			6
2024.06.05	00:41:21.950	0.96847	0.96847			6
2024.06.05	00:41:28.608	0.96848	0.96848			6
2024.06.05	00:41:29.216	0.96849	0.96849			6
2024.06.05	00:41:35.573	0.96848	0.96848			6
2024.06.05	00:41:35.603	0.96847	0.96847			6
2024.06.05	00:41:35.633	0.96848	0.96848			6
2024.06.05	00:41:42.874	0.96847	0.96847			6
2024.06.05	00:41:44.816	0.96848	0.96848			6
2024.06.05	00:41:46.984	0.96846	0.96846			6
2024.06.05	00:41:47.014	0.96845	0.96845			6
2024.06.05	00:41:48.093	0.96844	0.96844			6
2024.06.05	00:41:48.124	0.96845	0.96845			6
2024.06.05	00:41:48.335	0.96848	0.96848			6
2024.06.05	00:41:50.078	0.96849	0.96849			6
2024.06.05	00:41:54.441	0.96850	0.96850			6
2024.06.05	00:41:58.893	0.96851	0.96851			6
2024.06.05	00:42:00.734	0.96850	0.96850			6
2024.06.05	00:42:01.222	0.96849	0.96849			6
2024.06.05	00:42:03.191	0.96850	0.96850			6
2024.06.05	00:42:13.093	0.96849	0.96849			6
2024.06.05	00:42:14.967	0.96850	0.96850			6
2024.06.05	00:42:22.321	0.96848	0.96848			6
2024.06.05	00:42:22.381	0.96849	0.96849			6
2024.06.05	00:42:26.224	0.96850	0.96850			6
2024.06.05	00:42:26.314	0.96848	0.96848			6
2024.06.05	00:42:26.344	0.96849	0.96849			6
2024.06.05	00:42:28.615	0.96850	0.96850			6
2024.06.05	00:42:30.800	0.96848	0.96848			6
2024.06.05	00:42:33.601	0.96849	0.96849			6
2024.06.05	00:42:36.413	0.96850	0.96850			6
2024.06.05	00:42:37.716	0.96849	0.96849			6
2024.06.05	00:42:38.948	0.96850	0.96850			6
2024.06.05	00:42:44.756	0.96851	0.96851			6
2024.06.05	00:42:48.334	0.96849	0.96849			6
2024.06.05	00:42:53.899	0.96848	0.96848			6
2024.06.05	00:42:53.959	0.96849	0.96849			6
2024.06.05	00:42:59.048	0.96850	0.96850			6
2024.06.05	00:43:02.876	0.96849	0.96849			6
2024.06.05	00:43:02.907	0.96847	0.96847			6
2024.06.05	00:43:03.877	0.96848	0.96848			6
2024.06.05	00:43:03.996	0.96847	0.96847			6
2024.06.05	00:43:04.461	0.96848	0.96848			6
2024.06.05	00:43:07.460	0.96847	0.96847			6
2024.06.05	00:43:09.646	0.96848	0.96848			6
2024.06.05	00:43:11.755	0.96847	0.96847			6
2024.06.05	00:43:12.706	0.96846	0.96846			6
2024.06.05	00:43:12.768	0.96847	0.96847			6
2024.06.05	00:43:18.493	0.96844	0.96844			6
2024.06.05	00:43:18.523	0.96845	0.96845			6
2024.06.05	00:43:20.105	0.96846	0.96846			6
2024.06.05	00:43:25.397	0.96847	0.96847			6
2024.06.05	00:43:38.938	0.96848	0.96848			6
2024.06.05	00:43:43.049	0.96842	0.96842			6
2024.06.05	00:43:45.536	0.96843	0.96843			6
2024.06.05	00:44:28.414	0.96842	0.96842			6
2024.06.05	00:44:29.816	0.96843	0.96843			6
2024.06.05	00:44:41.215	0.96842	0.96842			6
2024.06.05	00:44:49.671	0.96843	0.96843			6
2024.06.05	00:44:51.561	0.96842	0.96842			6
2024.06.05	00:45:00.409	0.96843	0.96843			6
2024.06.05	00:45:22.047	0.96848	0.96848			6
2024.06.05	00:45:33.613	0.96849	0.96849			6
2024.06.05	00:45:35.468	0.96848	0.96848			6
2024.06.05	00:45:45.414	0.96854	0.96854			6
2024.06.05	00:45:54.257	0.96853	0.96853			6
2024.06.05	00:46:01.903	0.96852	0.96852			6
2024.06.05	00:46:04.624	0.96853	0.96853			6
2024.06.05	00:46:16.516	0.96852	0.96852			6
2024.06.05	00:46:16.636	0.96854	0.96854			6
2024.06.05	00:46:21.116	0.96855	0.96855			6
2024.06.05	00:46:28.934	0.96856	0.96856			6
2024.06.05	00:46:33.645	0.96855	0.96855			6
2024.06.05	00:46:33.906	0.96854	0.96854			6
2024.06.05	00:46:35.357	0.96856	0.96856			6
2024.06.05	00:47:04.990	0.96855	0.96855			6
2024.06.05	00:47:05.051	0.96854	0.96854			6
2024.06.05	00:47:11.122	0.96853	0.96853			6
2024.06.05	00:47:13.023	0.96854	0.96854			6
2024.06.05	00:47:16.585	0.96855	0.96855			6
2024.06.05	00:47:29.282	0.96854	0.96854			6
2024.06.05	00:47:33.122	0.96855	0.96855			6
2024.06.05	00:47:35.920	0.96854	0.96854			6
2024.06.05	00:47:42.131	0.96855	0.96855			6
2024.06.05	00:47:46.325	0.96854	0.96854			6
2024.06.05	00:48:10.204	0.96856	0.96856			6
2024.06.05	00:48:17.018	0.96854	0.96854			6
2024.06.05	00:48:17.078	0.96853	0.96853			6
2024.06.05	00:48:25.125	0.96854	0.96854			6
2024.06.05	00:48:25.747	0.96853	0.96853			6
2024.06.05	00:48:27.622	0.96854	0.96854			6
2024.06.05	00:48:27.829	0.96856	0.96856			6
2024.06.05	00:48:30.623	0.96854	0.96854			6
2024.06.05	00:48:40.693	0.96853	0.96853			6
2024.06.05	00:48:43.323	0.96854	0.96854			6
2024.06.05	00:50:39.245	0.96851	0.96851			6
2024.06.05	00:50:39.304	0.96853	0.96853			6
2024.06.05	00:50:47.275	0.96854	0.96854			6
2024.06.05	00:50:47.305	0.96853	0.96853			6
2024.06.05	00:50:52.276	0.96850	0.96850			6
2024.06.05	00:50:56.860	0.96851	0.96851			6
2024.06.05	00:50:56.890	0.96850	0.96850			6
2024.06.05	00:50:56.920	0.96849	0.96849			6
2024.06.05	00:50:57.169	0.96847	0.96847			6
2024.06.05	00:50:57.260	0.96848	0.96848			6
2024.06.05	00:50:57.323	0.96847	0.96847			6
2024.06.05	00:50:59.892	0.96844	0.96844			6
2024.06.05	00:50:59.929	0.96841	0.96841			6
2024.06.05	00:50:59.959	0.96851	0.96851			6
2024.06.05	00:50:59.988	0.96852	0.96852			6
2024.06.05	00:51:00.321	0.96850	0.96850			6
2024.06.05	00:51:00.353	0.96845	0.96845			6
2024.06.05	00:51:00.412	0.96844	0.96844			6
2024.06.05	00:51:00.442	0.96850	0.96850			6
2024.06.05	00:51:00.502	0.96851	0.96851			6
2024.06.05	00:51:00.593	0.96852	0.96852			6
2024.06.05	00:51:00.752	0.96853	0.96853			6
2024.06.05	00:51:00.931	0.96852	0.96852			6
2024.06.05	00:51:01.171	0.96853	0.96853			6
2024.06.05	00:51:02.498	0.96852	0.96852			6
2024.06.05	00:51:05.810	0.96851	0.96851			6
2024.06.05	00:51:06.022	0.96852	0.96852			6
2024.06.05	00:51:06.051	0.96849	0.96849			6
2024.06.05	00:51:06.230	0.96848	0.96848			6
2024.06.05	00:51:06.928	0.96842	0.96842			6
2024.06.05	00:51:11.309	0.96843	0.96843			6
2024.06.05	00:51:11.459	0.96841	0.96841			6
2024.06.05	00:51:11.520	0.96844	0.96844			6
2024.06.05	00:51:12.693	0.96843	0.96843			6
2024.06.05	00:51:12.753	0.96846	0.96846			6
2024.06.05	00:51:12.782	0.96852	0.96852			6
2024.06.05	00:51:13.053	0.96849	0.96849			6
2024.06.05	00:51:13.083	0.96844	0.96844			6
2024.06.05	00:51:15.868	0.96847	0.96847			6
2024.06.05	00:51:15.898	0.96850	0.96850			6
2024.06.05	00:51:15.929	0.96847	0.96847			6
2024.06.05	00:51:15.958	0.96851	0.96851			6
2024.06.05	00:51:16.330	0.96846	0.96846			6
2024.06.05	00:51:21.414	0.96845	0.96845			6
2024.06.05	00:51:21.744	0.96843	0.96843			6
2024.06.05	00:51:21.774	0.96842	0.96842			6
2024.06.05	00:51:25.930	0.96843	0.96843			6
2024.06.05	00:51:26.007	0.96845	0.96845			6
2024.06.05	00:51:31.082	0.96846	0.96846			6
2024.06.05	00:51:31.112	0.96848	0.96848			6
2024.06.05	00:51:35.515	0.96849	0.96849			6
2024.06.05	00:51:38.494	0.96848	0.96848			6
2024.06.05	00:51:45.404	0.96849	0.96849			6
2024.06.05	00:51:45.434	0.96847	0.96847			6
2024.06.05	00:51:46.515	0.96848	0.96848			6
2024.06.05	00:51:46.605	0.96857	0.96857			6
2024.06.05	00:51:46.635	0.96856	0.96856			6
2024.06.05	00:51:46.665	0.96855	0.96855			6
2024.06.05	00:51:47.227	0.96856	0.96856			6
2024.06.05	00:51:48.204	0.96853	0.96853			6
2024.06.05	00:51:50.518	0.96847	0.96847			6
2024.06.05	00:51:50.580	0.96849	0.96849			6
2024.06.05	00:51:51.754	0.96853	0.96853			6
2024.06.05	00:51:51.813	0.96851	0.96851			6
2024.06.05	00:51:51.875	0.96853	0.96853			6
2024.06.05	00:51:52.875	0.96846	0.96846			6
2024.06.05	00:51:52.965	0.96852	0.96852			6
2024.06.05	00:51:53.195	0.96851	0.96851			6
2024.06.05	00:51:53.405	0.96848	0.96848			6
2024.06.05	00:51:53.436	0.96845	0.96845			6
2024.06.05	00:51:56.047	0.96842	0.96842			6
2024.06.05	00:51:56.145	0.96846	0.96846			6
2024.06.05	00:51:59.582	0.96847	0.96847			6
2024.06.05	00:52:00.120	0.96853	0.96853			6
2024.06.05	00:52:00.180	0.96850	0.96850			6
2024.06.05	00:52:00.210	0.96849	0.96849			6
2024.06.05	00:52:00.241	0.96846	0.96846			6
2024.06.05	00:52:00.300	0.96847	0.96847			6
2024.06.05	00:52:00.396	0.96848	0.96848			6
2024.06.05	00:52:00.487	0.96849	0.96849			6
2024.06.05	00:52:00.546	0.96850	0.96850			6
2024.06.05	00:52:01.015	0.96847	0.96847			6
2024.06.05	00:52:01.074	0.96849	0.96849			6
2024.06.05	00:52:03.169	0.96847	0.96847			6
2024.06.05	00:52:03.200	0.96849	0.96849			6
2024.06.05	00:52:06.889	0.96848	0.96848			6
2024.06.05	00:52:07.092	0.96844	0.96844			6
2024.06.05	00:52:09.536	0.96843	0.96843			6
2024.06.05	00:52:10.980	0.96840	0.96840			6
2024.06.05	00:52:17.877	0.96841	0.96841			6
2024.06.05	00:52:26.958	0.96840	0.96840			6
2024.06.05	00:52:28.902	0.96839	0.96839			6
2024.06.05	00:52:30.941	0.96841	0.96841			6
2024.06.05	00:52:31.031	0.96844	0.96844			6
2024.06.05	00:52:31.120	0.96843	0.96843			6
2024.06.05	00:52:31.181	0.96844	0.96844			6
2024.06.05	00:52:32.316	0.96848	0.96848			6
2024.06.05	00:52:32.345	0.96847	0.96847			6
2024.06.05	00:52:32.811	0.96843	0.96843			6
2024.06.05	00:52:34.718	0.96841	0.96841			6
2024.06.05	00:52:34.781	0.96840	0.96840			6
2024.06.05	00:52:35.523	0.96842	0.96842			6
2024.06.05	00:52:36.047	0.96847	0.96847			6
2024.06.05	00:52:39.134	0.96848	0.96848			6
2024.06.05	00:52:43.906	0.96849	0.96849			6
2024.06.05	00:52:52.035	0.96847	0.96847			6
2024.06.05	00:52:55.072	0.96849	0.96849			6
2024.06.05	00:52:55.162	0.96850	0.96850			6
2024.06.05	00:52:55.564	0.96849	0.96849			6
2024.06.05	00:53:02.818	0.96850	0.96850			6
2024.06.05	00:53:25.883	0.96851	0.96851			6
2024.06.05	00:53:27.631	0.96850	0.96850			6
2024.06.05	00:53:35.890	0.96851	0.96851			6
2024.06.05	00:53:35.920	0.96848	0.96848			6
2024.06.05	00:53:36.349	0.96847	0.96847			6
2024.06.05	00:53:36.934	0.96848	0.96848			6
2024.06.05	00:53:46.326	0.96846	0.96846			6
2024.06.05	00:53:46.357	0.96844	0.96844			6
2024.06.05	00:53:46.387	0.96846	0.96846			6
2024.06.05	00:53:46.417	0.96847	0.96847			6
2024.06.05	00:53:47.053	0.96846	0.96846			6
2024.06.05	00:53:49.058	0.96844	0.96844			6
2024.06.05	00:53:49.412	0.96841	0.96841			6
2024.06.05	00:53:49.774	0.96840	0.96840			6
2024.06.05	00:53:50.236	0.96842	0.96842			6
2024.06.05	00:53:53.354	0.96841	0.96841			6
2024.06.05	00:53:53.579	0.96842	0.96842			6
2024.06.05	00:53:56.749	0.96841	0.96841			6
2024.06.05	00:53:56.779	0.96839	0.96839			6
2024.06.05	00:53:56.899	0.96837	0.96837			6
2024.06.05	00:53:58.547	0.96839	0.96839			6
2024.06.05	00:54:03.553	0.96838	0.96838			6
2024.06.05	00:54:06.096	0.96839	0.96839			6
2024.06.05	00:54:06.155	0.96838	0.96838			6
2024.06.05	00:54:06.185	0.96839	0.96839			6
2024.06.05	00:54:08.387	0.96838	0.96838			6
2024.06.05	00:54:08.749	0.96837	0.96837			6
2024.06.05	00:54:13.942	0.96838	0.96838			6
2024.06.05	00:54:13.971	0.96844	0.96844			6
2024.06.05	00:54:14.031	0.96845	0.96845			6
2024.06.05	00:54:14.061	0.96846	0.96846			6
2024.06.05	00:54:15.170	0.96847	0.96847			6
2024.06.05	00:54:15.260	0.96849	0.96849			6
2024.06.05	00:54:15.321	0.96848	0.96848			6
2024.06.05	00:54:15.380	0.96849	0.96849			6
2024.06.05	00:54:16.543	0.96848	0.96848			6
2024.06.05	00:54:16.603	0.96849	0.96849			6
2024.06.05	00:54:17.465	0.96847	0.96847			6
2024.06.05	00:54:17.954	0.96846	0.96846			6
2024.06.05	00:54:19.278	0.96844	0.96844			6
2024.06.05	00:54:19.388	0.96847	0.96847			6
2024.06.05	00:54:19.520	0.96846	0.96846			6
2024.06.05	00:54:19.604	0.96847	0.96847			6
2024.06.05	00:54:19.701	0.96848	0.96848			6
2024.06.05	00:54:20.665	0.96849	0.96849			6
2024.06.05	00:54:21.475	0.96848	0.96848			6
2024.06.05	00:54:24.139	0.96844	0.96844			6
2024.06.05	00:54:24.200	0.96847	0.96847			6
2024.06.05	00:54:24.230	0.96848	0.96848			6
2024.06.05	00:54:24.260	0.96849	0.96849			6
2024.06.05	00:54:24.553	0.96848	0.96848			6
2024.06.05	00:54:24.678	0.96849	0.96849			6
2024.06.05	00:54:25.846	0.96848	0.96848			6
2024.06.05	00:54:26.081	0.96849	0.96849			6
2024.06.05	00:54:29.517	0.96848	0.96848			6
2024.06.05	00:54:30.005	0.96849	0.96849			6
2024.06.05	00:54:30.035	0.96848	0.96848			6
2024.06.05	00:54:30.065	0.96849	0.96849			6
2024.06.05	00:54:32.200	0.96848	0.96848			6
2024.06.05	00:54:33.073	0.96847	0.96847			6
2024.06.05	00:54:37.019	0.96848	0.96848			6
2024.06.05	00:54:40.911	0.96847	0.96847			6
2024.06.05	00:55:06.605	0.96846	0.96846			6
2024.06.05	00:55:09.335	0.96841	0.96841			6
2024.06.05	00:55:10.957	0.96842	0.96842			6
2024.06.05	00:55:14.602	0.96843	0.96843			6
2024.06.05	00:55:17.445	0.96844	0.96844			6
2024.06.05	00:55:24.591	0.96846	0.96846			6
2024.06.05	00:55:46.253	0.96845	0.96845			6
2024.06.05	00:55:56.200	0.96844	0.96844			6
2024.06.05	00:56:00.063	0.96846	0.96846			6
2024.06.05	00:56:07.027	0.96845	0.96845			6
2024.06.05	00:56:15.117	0.96842	0.96842			6
2024.06.05	00:56:15.147	0.96845	0.96845			6
2024.06.05	00:56:15.177	0.96846	0.96846			6
2024.06.05	00:56:15.207	0.96848	0.96848			6
2024.06.05	00:56:15.237	0.96847	0.96847			6
2024.06.05	00:56:17.681	0.96843	0.96843			6
2024.06.05	00:56:17.771	0.96844	0.96844			6
2024.06.05	00:56:17.863	0.96846	0.96846			6
2024.06.05	00:56:18.649	0.96847	0.96847			6
2024.06.05	00:56:18.690	0.96848	0.96848			6
2024.06.05	00:56:20.370	0.96847	0.96847			6
2024.06.05	00:56:20.476	0.96846	0.96846			6
2024.06.05	00:56:20.598	0.96847	0.96847			6
2024.06.05	00:56:20.841	0.96848	0.96848			6
2024.06.05	00:56:23.952	0.96844	0.96844			6
2024.06.05	00:56:24.103	0.96846	0.96846			6
2024.06.05	00:56:25.885	0.96848	0.96848			6
2024.06.05	00:56:27.100	0.96847	0.96847			6
2024.06.05	00:56:28.541	0.96848	0.96848			6
2024.06.05	00:56:28.735	0.96847	0.96847			6
2024.06.05	00:56:29.190	0.96843	0.96843			6
2024.06.05	00:56:29.251	0.96842	0.96842			6
2024.06.05	00:56:29.310	0.96847	0.96847			6
2024.06.05	00:56:31.923	0.96846	0.96846			6
2024.06.05	00:56:33.805	0.96847	0.96847			6
2024.06.05	00:56:34.089	0.96845	0.96845			6
2024.06.05	00:56:34.149	0.96843	0.96843			6
2024.06.05	00:56:34.179	0.96847	0.96847			6
2024.06.05	00:56:35.067	0.96848	0.96848			6
2024.06.05	00:56:35.128	0.96847	0.96847			6
2024.06.05	00:56:35.605	0.96848	0.96848			6
2024.06.05	00:56:35.903	0.96846	0.96846			6
2024.06.05	00:56:36.116	0.96848	0.96848			6
2024.06.05	00:56:36.175	0.96847	0.96847			6
2024.06.05	00:56:36.339	0.96848	0.96848			6
2024.06.05	00:56:39.712	0.96847	0.96847			6
2024.06.05	00:56:40.141	0.96844	0.96844			6
2024.06.05	00:56:40.171	0.96848	0.96848			6
2024.06.05	00:56:40.260	0.96845	0.96845			6
2024.06.05	00:56:40.934	0.96846	0.96846			6
2024.06.05	00:56:41.277	0.96847	0.96847			6
2024.06.05	00:56:43.586	0.96848	0.96848			6
2024.06.05	00:56:44.037	0.96847	0.96847			6
2024.06.05	00:56:44.515	0.96848	0.96848			6
2024.06.05	00:56:44.749	0.96847	0.96847			6
2024.06.05	00:56:45.172	0.96848	0.96848			6
2024.06.05	00:56:46.969	0.96846	0.96846			6
2024.06.05	00:56:47.241	0.96848	0.96848			6
2024.06.05	00:56:47.480	0.96847	0.96847			6
2024.06.05	00:56:47.510	0.96846	0.96846			6
2024.06.05	00:56:47.600	0.96848	0.96848			6
2024.06.05	00:56:48.528	0.96847	0.96847			6
2024.06.05	00:56:48.894	0.96848	0.96848			6
2024.06.05	00:56:49.194	0.96847	0.96847			6
2024.06.05	00:56:50.147	0.96848	0.96848			6
2024.06.05	00:56:51.457	0.96847	0.96847			6
2024.06.05	00:56:53.564	0.96848	0.96848			6
2024.06.05	00:56:53.626	0.96849	0.96849			6
2024.06.05	00:56:54.926	0.96847	0.96847			6
2024.06.05	00:56:55.016	0.96845	0.96845			6
2024.06.05	00:56:55.075	0.96846	0.96846			6
2024.06.05	00:56:57.160	0.96847	0.96847			6
2024.06.05	00:56:59.633	0.96842	0.96842			6
2024.06.05	00:56:59.694	0.96841	0.96841			6
2024.06.05	00:56:59.722	0.96846	0.96846			6
2024.06.05	00:56:59.784	0.96848	0.96848			6
2024.06.05	00:57:00.813	0.96851	0.96851			6
2024.06.05	00:57:01.323	0.96852	0.96852			6
2024.06.05	00:57:09.409	0.96851	0.96851			6
2024.06.05	00:57:10.267	0.96852	0.96852			6
2024.06.05	00:57:13.945	0.96851	0.96851			6
2024.06.05	00:57:13.976	0.96852	0.96852			6
2024.06.05	00:57:14.548	0.96853	0.96853			6
2024.06.05	00:57:14.609	0.96852	0.96852			6
2024.06.05	00:57:15.104	0.96850	0.96850			6
2024.06.05	00:57:17.504	0.96851	0.96851			6
2024.06.05	00:57:30.139	0.96853	0.96853			6
2024.06.05	00:57:35.016	0.96851	0.96851			6
2024.06.05	00:57:36.010	0.96852	0.96852			6
2024.06.05	00:57:38.103	0.96851	0.96851			6
2024.06.05	00:57:40.593	0.96850	0.96850			6
2024.06.05	00:57:42.246	0.96849	0.96849			6
2024.06.05	00:57:43.469	0.96850	0.96850			6
2024.06.05	00:57:44.769	0.96851	0.96851			6
2024.06.05	00:57:46.322	0.96850	0.96850			6
2024.06.05	00:57:46.616	0.96860	0.96860			6
2024.06.05	00:57:46.736	0.96861	0.96861			6
2024.06.05	00:57:46.767	0.96860	0.96860			6
2024.06.05	00:57:47.057	0.96863	0.96863			6
2024.06.05	00:57:47.146	0.96860	0.96860			6
2024.06.05	00:57:47.176	0.96861	0.96861			6
2024.06.05	00:57:47.206	0.96860	0.96860			6
2024.06.05	00:57:47.523	0.96861	0.96861			6
2024.06.05	00:57:47.553	0.96860	0.96860			6
2024.06.05	00:57:48.993	0.96861	0.96861			6
2024.06.05	00:57:51.408	0.96858	0.96858			6
2024.06.05	00:57:51.438	0.96864	0.96864			6
2024.06.05	00:57:51.747	0.96858	0.96858			6
2024.06.05	00:57:53.711	0.96854	0.96854			6
2024.06.05	00:57:53.741	0.96848	0.96848			6
2024.06.05	00:57:53.772	0.96847	0.96847			6
2024.06.05	00:57:53.862	0.96848	0.96848			6
2024.06.05	00:57:53.922	0.96847	0.96847			6
2024.06.05	00:57:53.952	0.96848	0.96848			6
2024.06.05	00:57:53.982	0.96847	0.96847			6
2024.06.05	00:57:54.011	0.96848	0.96848			6
2024.06.05	00:57:56.391	0.96846	0.96846			6
2024.06.05	00:57:56.708	0.96848	0.96848			6
2024.06.05	00:57:56.738	0.96850	0.96850			6
2024.06.05	00:57:56.860	0.96846	0.96846			6
2024.06.05	00:57:56.950	0.96840	0.96840			6
2024.06.05	00:57:57.040	0.96839	0.96839			6
2024.06.05	00:57:57.069	0.96838	0.96838			6
2024.06.05	00:57:58.357	0.96836	0.96836			6
2024.06.05	00:57:58.648	0.96838	0.96838			6
2024.06.05	00:57:58.708	0.96836	0.96836			6
2024.06.05	00:57:58.739	0.96838	0.96838			6
2024.06.05	00:57:58.769	0.96837	0.96837			6
2024.06.05	00:57:58.948	0.96836	0.96836			6
2024.06.05	00:58:00.285	0.96835	0.96835			6
2024.06.05	00:58:00.315	0.96841	0.96841			6
2024.06.05	00:58:00.345	0.96842	0.96842			6
2024.06.05	00:58:00.374	0.96843	0.96843			6
2024.06.05	00:58:00.440	0.96842	0.96842			6
2024.06.05	00:58:00.622	0.96846	0.96846			6
2024.06.05	00:58:00.668	0.96847	0.96847			6
2024.06.05	00:58:00.831	0.96846	0.96846			6
2024.06.05	00:58:01.227	0.96843	0.96843			6
2024.06.05	00:58:01.257	0.96842	0.96842			6
2024.06.05	00:58:02.815	0.96846	0.96846			6
2024.06.05	00:58:02.874	0.96845	0.96845			6
2024.06.05	00:58:02.922	0.96846	0.96846			6
2024.06.05	00:58:04.111	0.96847	0.96847			6
2024.06.05	00:58:04.140	0.96845	0.96845			6
2024.06.05	00:58:04.170	0.96844	0.96844			6
2024.06.05	00:58:04.261	0.96845	0.96845			6
2024.06.05	00:58:04.291	0.96844	0.96844			6
2024.06.05	00:58:04.321	0.96845	0.96845			6
2024.06.05	00:58:04.481	0.96847	0.96847			6
2024.06.05	00:58:05.494	0.96844	0.96844			6
2024.06.05	00:58:05.525	0.96837	0.96837			6
2024.06.05	00:58:06.506	0.96835	0.96835			6
2024.06.05	00:58:06.537	0.96837	0.96837			6
2024.06.05	00:58:07.300	0.96836	0.96836			6
2024.06.05	00:58:07.883	0.96837	0.96837			6
2024.06.05	00:58:07.913	0.96844	0.96844			6
2024.06.05	00:58:07.943	0.96845	0.96845			6
2024.06.05	00:58:07.973	0.96846	0.96846			6
2024.06.05	00:58:09.305	0.96847	0.96847			6
2024.06.05	00:58:10.988	0.96844	0.96844			6
2024.06.05	00:58:11.018	0.96838	0.96838			6
2024.06.05	00:58:11.684	0.96839	0.96839			6
2024.06.05	00:58:11.791	0.96841	0.96841			6
2024.06.05	00:58:11.970	0.96840	0.96840			6
2024.06.05	00:58:12.000	0.96841	0.96841			6
2024.06.05	00:58:13.449	0.96840	0.96840			6
2024.06.05	00:58:13.519	0.96841	0.96841			6
2024.06.05	00:58:13.580	0.96840	0.96840			6
2024.06.05	00:58:13.610	0.96836	0.96836			6
2024.06.05	00:58:13.638	0.96840	0.96840			6
2024.06.05	00:58:13.760	0.96835	0.96835			6
2024.06.05	00:58:13.820	0.96834	0.96834			6
2024.06.05	00:58:13.972	0.96835	0.96835			6
2024.06.05	00:58:14.183	0.96834	0.96834			6
2024.06.05	00:58:14.307	0.96835	0.96835			6
2024.06.05	00:58:15.786	0.96845	0.96845			6
2024.06.05	00:58:15.817	0.96847	0.96847			6
2024.06.05	00:58:15.876	0.96842	0.96842			6
2024.06.05	00:58:16.588	0.96844	0.96844			6
2024.06.05	00:58:16.649	0.96845	0.96845			6
2024.06.05	00:58:17.081	0.96846	0.96846			6
2024.06.05	00:58:17.706	0.96845	0.96845			6
2024.06.05	00:58:18.285	0.96847	0.96847			6
2024.06.05	00:58:18.315	0.96858	0.96858			6
2024.06.05	00:58:18.554	0.96857	0.96857			6
2024.06.05	00:58:18.678	0.96858	0.96858			6
2024.06.05	00:58:18.708	0.96857	0.96857			6
2024.06.05	00:58:19.924	0.96855	0.96855			6
2024.06.05	00:58:19.955	0.96852	0.96852			6
2024.06.05	00:58:20.015	0.96861	0.96861			6
2024.06.05	00:58:21.120	0.96853	0.96853			6
2024.06.05	00:58:21.179	0.96852	0.96852			6
2024.06.05	00:58:21.212	0.96851	0.96851			6
2024.06.05	00:58:21.582	0.96850	0.96850			6
2024.06.05	00:58:21.612	0.96851	0.96851			6
2024.06.05	00:58:22.315	0.96849	0.96849			6
2024.06.05	00:58:22.345	0.96851	0.96851			6
2024.06.05	00:58:22.375	0.96849	0.96849			6
2024.06.05	00:58:24.578	0.96851	0.96851			6
2024.06.05	00:58:24.609	0.96849	0.96849			6
2024.06.05	00:58:24.638	0.96847	0.96847			6
2024.06.05	00:58:24.668	0.96848	0.96848			6
2024.06.05	00:58:26.608	0.96847	0.96847			6
2024.06.05	00:58:26.819	0.96848	0.96848			6
2024.06.05	00:58:27.311	0.96842	0.96842			6
2024.06.05	00:58:29.603	0.96839	0.96839			6
2024.06.05	00:58:29.633	0.96835	0.96835			6
2024.06.05	00:58:29.814	0.96834	0.96834			6
2024.06.05	00:58:36.109	0.96836	0.96836			6
2024.06.05	00:58:36.326	0.96837	0.96837			6
2024.06.05	00:58:36.356	0.96841	0.96841			6
2024.06.05	00:58:36.385	0.96842	0.96842			6
2024.06.05	00:58:36.475	0.96843	0.96843			6
2024.06.05	00:58:36.776	0.96847	0.96847			6
2024.06.05	00:58:36.805	0.96846	0.96846			6
2024.06.05	00:58:37.822	0.96847	0.96847			6
2024.06.05	00:58:37.851	0.96846	0.96846			6
2024.06.05	00:58:37.881	0.96848	0.96848			6
2024.06.05	00:58:38.323	0.96861	0.96861			6
2024.06.05	00:58:38.353	0.96859	0.96859			6
2024.06.05	00:58:38.413	0.96857	0.96857			6
2024.06.05	00:58:39.253	0.96860	0.96860			6
2024.06.05	00:58:39.343	0.96862	0.96862			6
2024.06.05	00:58:39.373	0.96860	0.96860			6
2024.06.05	00:58:39.522	0.96854	0.96854			6
2024.06.05	00:58:40.058	0.96855	0.96855			6
2024.06.05	00:58:40.502	0.96849	0.96849			6
2024.06.05	00:58:40.757	0.96848	0.96848			6
2024.06.05	00:58:40.991	0.96849	0.96849			6
2024.06.05	00:58:41.020	0.96859	0.96859			6
2024.06.05	00:58:41.050	0.96854	0.96854			6
2024.06.05	00:58:41.147	0.96862	0.96862			6
2024.06.05	00:58:41.176	0.96858	0.96858			6
2024.06.05	00:58:41.526	0.96862	0.96862			6
2024.06.05	00:58:41.566	0.96863	0.96863			6
2024.06.05	00:58:41.597	0.96861	0.96861			6
2024.06.05	00:58:43.647	0.96859	0.96859			6
2024.06.05	00:58:43.677	0.96860	0.96860			6
2024.06.05	00:58:43.707	0.96859	0.96859			6
2024.06.05	00:58:43.830	0.96864	0.96864			6
2024.06.05	00:58:47.279	0.96865	0.96865			6
2024.06.05	00:58:47.308	0.96864	0.96864			6
2024.06.05	00:58:47.479	0.96860	0.96860			6
2024.06.05	00:58:47.511	0.96859	0.96859			6
2024.06.05	00:58:47.541	0.96864	0.96864			6
2024.06.05	00:58:48.052	0.96859	0.96859			6
2024.06.05	00:58:48.125	0.96864	0.96864			6
2024.06.05	00:58:48.770	0.96860	0.96860			6
2024.06.05	00:58:48.801	0.96859	0.96859			6
2024.06.05	00:58:48.861	0.96865	0.96865			6
2024.06.05	00:58:48.980	0.96859	0.96859			6
2024.06.05	00:58:49.041	0.96856	0.96856			6
2024.06.05	00:58:49.072	0.96852	0.96852			6
2024.06.05	00:58:49.132	0.96854	0.96854			6
2024.06.05	00:58:49.297	0.96856	0.96856			6
2024.06.05	00:58:49.328	0.96854	0.96854			6
2024.06.05	00:58:49.358	0.96853	0.96853			6
2024.06.05	00:58:49.479	0.96850	0.96850			6
2024.06.05	00:58:49.660	0.96849	0.96849			6
2024.06.05	00:58:49.690	0.96852	0.96852			6
2024.06.05	00:58:50.153	0.96850	0.96850			6
2024.06.05	00:58:50.364	0.96849	0.96849			6
2024.06.05	00:58:50.696	0.96854	0.96854			6
2024.06.05	00:58:50.756	0.96860	0.96860			6
2024.06.05	00:58:50.786	0.96855	0.96855			6
2024.06.05	00:58:50.846	0.96859	0.96859			6
2024.06.05	00:58:50.907	0.96856	0.96856			6
2024.06.05	00:58:50.997	0.96860	0.96860			6
2024.06.05	00:58:51.026	0.96856	0.96856			6
2024.06.05	00:58:51.117	0.96857	0.96857			6
2024.06.05	00:58:51.392	0.96855	0.96855			6
2024.06.05	00:58:51.422	0.96861	0.96861			6
2024.06.05	00:58:51.452	0.96854	0.96854			6
2024.06.05	00:58:51.482	0.96856	0.96856			6
2024.06.05	00:58:51.511	0.96864	0.96864			6
2024.06.05	00:58:51.541	0.96857	0.96857			6
2024.06.05	00:58:51.601	0.96856	0.96856			6
2024.06.05	00:58:51.632	0.96857	0.96857			6
2024.06.05	00:58:52.152	0.96864	0.96864			6
2024.06.05	00:58:52.226	0.96857	0.96857			6
2024.06.05	00:58:53.502	0.96858	0.96858			6
2024.06.05	00:58:53.610	0.96865	0.96865			6
2024.06.05	00:58:53.640	0.96858	0.96858			6
2024.06.05	00:58:53.934	0.96861	0.96861			6
2024.06.05	00:58:53.964	0.96862	0.96862			6
2024.06.05	00:58:53.994	0.96866	0.96866			6
2024.06.05	00:58:54.023	0.96862	0.96862			6
2024.06.05	00:58:54.342	0.96860	0.96860			6
2024.06.05	00:58:55.027	0.96861	0.96861			6
2024.06.05	00:58:55.116	0.96866	0.96866			6
2024.06.05	00:58:55.397	0.96860	0.96860			6
2024.06.05	00:58:55.488	0.96866	0.96866			6
2024.06.05	00:58:55.850	0.96861	0.96861			6
2024.06.05	00:58:55.881	0.96860	0.96860			6
2024.06.05	00:58:55.915	0.96866	0.96866			6
2024.06.05	00:58:55.945	0.96861	0.96861			6
2024.06.05	00:58:56.005	0.96860	0.96860			6
2024.06.05	00:58:56.035	0.96865	0.96865			6
2024.06.05	00:58:56.065	0.96858	0.96858			6
2024.06.05	00:58:56.125	0.96865	0.96865			6
2024.06.05	00:58:56.156	0.96862	0.96862			6
2024.06.05	00:58:56.185	0.96858	0.96858			6
2024.06.05	00:58:56.216	0.96857	0.96857			6
2024.06.05	00:58:56.251	0.96864	0.96864			6
2024.06.05	00:58:56.374	0.96857	0.96857			6
2024.06.05	00:58:56.435	0.96858	0.96858			6
2024.06.05	00:58:56.465	0.96857	0.96857			6
2024.06.05	00:58:56.842	0.96854	0.96854			6
2024.06.05	00:58:56.901	0.96855	0.96855			6
2024.06.05	00:58:57.112	0.96854	0.96854			6
2024.06.05	00:58:57.172	0.96860	0.96860			6
2024.06.05	00:58:57.231	0.96854	0.96854			6
2024.06.05	00:58:58.616	0.96852	0.96852			6
2024.06.05	00:58:58.645	0.96850	0.96850			6
2024.06.05	00:58:58.676	0.96849	0.96849			6
2024.06.05	00:58:58.706	0.96850	0.96850			6
2024.06.05	00:58:58.737	0.96852	0.96852			6
2024.06.05	00:58:58.828	0.96850	0.96850			6
2024.06.05	00:58:58.859	0.96849	0.96849			6
2024.06.05	00:58:58.978	0.96848	0.96848			6
2024.06.05	00:58:59.294	0.96849	0.96849			6
2024.06.05	00:58:59.445	0.96847	0.96847			6
2024.06.05	00:58:59.474	0.96848	0.96848			6
2024.06.05	00:58:59.504	0.96846	0.96846			6
2024.06.05	00:58:59.564	0.96847	0.96847			6
2024.06.05	00:58:59.594	0.96846	0.96846			6
2024.06.05	00:58:59.878	0.96847	0.96847			6
2024.06.05	00:58:59.909	0.96849	0.96849			6
2024.06.05	00:59:00.978	0.96847	0.96847			6
2024.06.05	00:59:01.604	0.96837	0.96837			6
2024.06.05	00:59:03.336	0.96836	0.96836			6
2024.06.05	00:59:06.009	0.96837	0.96837			6
2024.06.05	00:59:06.039	0.96839	0.96839			6
2024.06.05	00:59:06.522	0.96838	0.96838			6
2024.06.05	00:59:07.273	0.96839	0.96839			6
2024.06.05	00:59:07.489	0.96837	0.96837			6
2024.06.05	00:59:07.821	0.96836	0.96836			6
2024.06.05	00:59:08.676	0.96835	0.96835			6
2024.06.05	00:59:08.706	0.96832	0.96832			6
2024.06.05	00:59:08.887	0.96831	0.96831			6
2024.06.05	00:59:09.128	0.96832	0.96832			6
2024.06.05	00:59:09.158	0.96841	0.96841			6
2024.06.05	00:59:09.189	0.96844	0.96844			6
2024.06.05	00:59:09.219	0.96845	0.96845			6
2024.06.05	00:59:09.248	0.96846	0.96846			6
2024.06.05	00:59:09.429	0.96847	0.96847			6
2024.06.05	00:59:09.488	0.96846	0.96846			6
2024.06.05	00:59:12.544	0.96845	0.96845			6
2024.06.05	00:59:12.695	0.96844	0.96844			6
2024.06.05	00:59:16.028	0.96835	0.96835			6
2024.06.05	00:59:19.300	0.96836	0.96836			6
2024.06.05	00:59:19.390	0.96837	0.96837			6
2024.06.05	00:59:19.884	0.96836	0.96836			6
2024.06.05	00:59:21.555	0.96835	0.96835			6
2024.06.05	00:59:23.615	0.96838	0.96838			6
2024.06.05	00:59:23.645	0.96840	0.96840			6
2024.06.05	00:59:24.225	0.96843	0.96843			6
2024.06.05	00:59:24.255	0.96844	0.96844			6
2024.06.05	00:59:24.471	0.96845	0.96845			6
2024.06.05	00:59:24.500	0.96847	0.96847			6
2024.06.05	00:59:24.971	0.96848	0.96848			6
2024.06.05	00:59:27.211	0.96859	0.96859			6
2024.06.05	00:59:27.241	0.96864	0.96864			6
2024.06.05	00:59:28.904	0.96861	0.96861			6
2024.06.05	00:59:28.935	0.96864	0.96864			6
2024.06.05	00:59:32.110	0.96865	0.96865			6
2024.06.05	00:59:34.355	0.96864	0.96864			6
2024.06.05	00:59:36.458	0.96865	0.96865			6
2024.06.05	00:59:37.033	0.96862	0.96862			6
2024.06.05	00:59:37.063	0.96857	0.96857			6
2024.06.05	00:59:38.321	0.96865	0.96865			6
2024.06.05	00:59:38.441	0.96866	0.96866			6
2024.06.05	00:59:39.363	0.96865	0.96865			6
2024.06.05	00:59:39.394	0.96858	0.96858			6
2024.06.05	00:59:39.454	0.96857	0.96857			6
2024.06.05	00:59:40.425	0.96860	0.96860			6
2024.06.05	00:59:40.455	0.96866	0.96866			6
2024.06.05	00:59:42.116	0.96871	0.96871			6
2024.06.05	00:59:43.322	0.96854	0.96854			6
2024.06.05	00:59:44.078	0.96858	0.96858			6
2024.06.05	00:59:44.108	0.96871	0.96871			6
2024.06.05	00:59:45.459	0.96869	0.96869			6
2024.06.05	00:59:45.668	0.96868	0.96868			6
2024.06.05	00:59:49.760	0.96869	0.96869			6
2024.06.05	00:59:51.568	0.96868	0.96868			6
2024.06.05	00:59:52.343	0.96850	0.96850			6
2024.06.05	00:59:55.554	0.96865	0.96865			6
2024.06.05	00:59:55.961	0.96863	0.96863			6
2024.06.05	00:59:58.561	0.96861	0.96861			6
2024.06.05	00:59:58.592	0.96854	0.96854			6
2024.06.05	00:59:58.652	0.96852	0.96852			6
2024.06.05	00:59:58.683	0.96851	0.96851			6
2024.06.05	01:00:00.064	0.96849	0.96849			6
2024.06.05	01:00:00.095	0.96848	0.96848			6
2024.06.05	01:00:00.124	0.96847	0.96847			6
2024.06.05	01:00:00.486	0.96829	0.96829			6
2024.06.05	01:00:00.606	0.96831	0.96831			6
2024.06.05	01:00:00.637	0.96836	0.96836			6
2024.06.05	01:00:00.666	0.96835	0.96835			6
2024.06.05	01:00:00.696	0.96833	0.96833			6
2024.06.05	01:00:02.057	0.96832	0.96832			6
2024.06.05	01:00:02.536	0.96831	0.96831			6
2024.06.05	01:00:03.417	0.96832	0.96832			6
2024.06.05	01:00:03.809	0.96833	0.96833			6
2024.06.05	01:00:04.168	0.96828	0.96828			6
2024.06.05	01:00:04.229	0.96829	0.96829			6
2024.06.05	01:00:04.408	0.96827	0.96827			6
2024.06.05	01:00:04.438	0.96826	0.96826			6
2024.06.05	01:00:04.468	0.96824	0.96824			6
2024.06.05	01:00:05.049	0.96825	0.96825			6
2024.06.05	01:00:07.026	0.96824	0.96824			6
2024.06.05	01:00:09.134	0.96825	0.96825			6
2024.06.05	01:00:10.704	0.96824	0.96824			6
2024.06.05	01:00:11.623	0.96823	0.96823			6
2024.06.05	01:00:11.713	0.96824	0.96824			6
2024.06.05	01:00:11.894	0.96826	0.96826			6
2024.06.05	01:00:11.925	0.96827	0.96827			6
2024.06.05	01:00:14.159	0.96824	0.96824			6
2024.06.05	01:00:14.189	0.96826	0.96826			6
2024.06.05	01:00:14.218	0.96824	0.96824			6
2024.06.05	01:00:14.459	0.96825	0.96825			6
2024.06.05	01:00:14.548	0.96826	0.96826			6
2024.06.05	01:00:14.668	0.96825	0.96825			6
2024.06.05	01:00:14.698	0.96835	0.96835			6
2024.06.05	01:00:14.729	0.96836	0.96836			6
2024.06.05	01:00:14.909	0.96829	0.96829			6
2024.06.05	01:00:15.237	0.96830	0.96830			6
2024.06.05	01:00:16.220	0.96836	0.96836			6
2024.06.05	01:00:16.341	0.96828	0.96828			6
2024.06.05	01:00:16.912	0.96827	0.96827			6
2024.06.05	01:00:18.360	0.96829	0.96829			6
2024.06.05	01:00:19.419	0.96827	0.96827			6
2024.06.05	01:00:19.750	0.96826	0.96826			6
2024.06.05	01:00:28.258	0.96825	0.96825			6
2024.06.05	01:00:29.611	0.96831	0.96831			6
2024.06.05	01:00:29.852	0.96827	0.96827			6
2024.06.05	01:00:29.911	0.96825	0.96825			6
2024.06.05	01:00:30.946	0.96823	0.96823			6
2024.06.05	01:00:34.308	0.96822	0.96822			6
2024.06.05	01:00:36.082	0.96821	0.96821			6
2024.06.05	01:00:51.368	0.96823	0.96823			6
2024.06.05	01:00:51.395	0.96822	0.96822			6
2024.06.05	01:00:51.515	0.96824	0.96824			6
2024.06.05	01:00:52.622	0.96823	0.96823			6
2024.06.05	01:01:00.115	0.96820	0.96820			6
2024.06.05	01:01:00.865	0.96823	0.96823			6
2024.06.05	01:01:01.408	0.96820	0.96820			6
2024.06.05	01:01:01.438	0.96818	0.96818			6
2024.06.05	01:01:01.498	0.96819	0.96819			6
2024.06.05	01:01:01.558	0.96820	0.96820			6
2024.06.05	01:01:03.755	0.96823	0.96823			6
2024.06.05	01:01:04.067	0.96824	0.96824			6
2024.06.05	01:01:04.942	0.96823	0.96823			6
2024.06.05	01:01:07.761	0.96822	0.96822			6
2024.06.05	01:01:12.608	0.96821	0.96821			6
2024.06.05	01:01:12.700	0.96820	0.96820			6
2024.06.05	01:01:15.210	0.96819	0.96819			6
2024.06.05	01:01:15.741	0.96818	0.96818			6
2024.06.05	01:01:15.772	0.96813	0.96813			6
2024.06.05	01:01:15.802	0.96812	0.96812			6
2024.06.05	01:01:16.090	0.96813	0.96813			6
2024.06.05	01:01:28.656	0.96814	0.96814			6
2024.06.05	01:01:30.677	0.96813	0.96813			6
2024.06.05	01:01:34.621	0.96812	0.96812			6
2024.06.05	01:01:34.652	0.96810	0.96810			6
2024.06.05	01:01:36.999	0.96809	0.96809			6
2024.06.05	01:01:41.046	0.96808	0.96808			6
2024.06.05	01:01:46.625	0.96804	0.96804			6
2024.06.05	01:01:46.654	0.96808	0.96808			6
2024.06.05	01:01:47.377	0.96804	0.96804			6
2024.06.05	01:01:47.467	0.96808	0.96808			6
2024.06.05	01:01:47.625	0.96804	0.96804			6
2024.06.05	01:01:47.686	0.96808	0.96808			6
2024.06.05	01:01:49.175	0.96806	0.96806			6
2024.06.05	01:01:49.205	0.96807	0.96807			6
2024.06.05	01:01:49.679	0.96808	0.96808			6
2024.06.05	01:01:49.709	0.96807	0.96807			6
2024.06.05	01:01:50.196	0.96808	0.96808			6
2024.06.05	01:01:54.555	0.96807	0.96807			6
2024.06.05	01:01:54.585	0.96806	0.96806			6
2024.06.05	01:01:54.645	0.96805	0.96805			6
2024.06.05	01:01:56.337	0.96806	0.96806			6
2024.06.05	01:01:56.425	0.96807	0.96807			6
2024.06.05	01:02:00.199	0.96809	0.96809			6
2024.06.05	01:02:00.229	0.96808	0.96808			6
2024.06.05	01:02:01.393	0.96810	0.96810			6
2024.06.05	01:02:01.639	0.96809	0.96809			6
2024.06.05	01:02:10.171	0.96810	0.96810			6
2024.06.05	01:02:10.789	0.96809	0.96809			6
2024.06.05	01:02:12.609	0.96810	0.96810			6
2024.06.05	01:02:16.442	0.96813	0.96813			6
2024.06.05	01:02:16.930	0.96811	0.96811			6
2024.06.05	01:02:21.667	0.96812	0.96812			6
2024.06.05	01:02:35.158	0.96814	0.96814			6
2024.06.05	01:02:40.062	0.96812	0.96812			6
2024.06.05	01:02:42.863	0.96809	0.96809			6
2024.06.05	01:02:43.185	0.96808	0.96808			6
2024.06.05	01:02:43.811	0.96810	0.96810			6
2024.06.05	01:02:46.035	0.96809	0.96809			6
2024.06.05	01:02:46.934	0.96808	0.96808			6
2024.06.05	01:03:06.229	0.96808				2
2024.06.05	01:03:09.261	0.96806	0.96806			6
2024.06.05	01:03:16.429	0.96805	0.96805			6
2024.06.05	01:03:30.567	0.96806	0.96806			6
2024.06.05	01:03:34.437	0.96805	0.96805			6
2024.06.05	01:03:56.200	0.96808	0.96808			6
2024.06.05	01:04:03.147	0.96808				2
2024.06.05	01:04:08.135	0.96810	0.96810			6
2024.06.05	01:04:13.930	0.96811	0.96811			6
2024.06.05	01:04:15.424	0.96810	0.96810			6
2024.06.05	01:04:17.669	0.96811	0.96811			6
2024.06.05	01:04:25.759	0.96810	0.96810			6
2024.06.05	01:04:31.390	0.96812	0.96812			6
2024.06.05	01:04:31.420	0.96810	0.96810			6
2024.06.05	01:04:31.637	0.96812	0.96812			6
2024.06.05	01:04:39.353	0.96810	0.96810			6
2024.06.05	01:04:39.864	0.96811	0.96811			6
2024.06.05	01:04:42.123	0.96810	0.96810			6
2024.06.05	01:04:43.030	0.96811	0.96811			6
2024.06.05	01:04:54.569	0.96810	0.96810			6
2024.06.05	01:04:56.629	0.96808	0.96808			6
2024.06.05	01:04:56.927	0.96810	0.96810			6
2024.06.05	01:04:57.257	0.96809	0.96809			6
2024.06.05	01:04:57.462	0.96810	0.96810			6
2024.06.05	01:04:57.492	0.96812	0.96812			6
2024.06.05	01:04:57.773	0.96813	0.96813			6
2024.06.05	01:05:02.583	0.96812	0.96812			6
2024.06.05	01:05:04.668	0.96813	0.96813			6
2024.06.05	01:05:10.892	0.96814	0.96814			6
2024.06.05	01:05:18.894	0.96813	0.96813			6
2024.06.05	01:05:19.393	0.96814	0.96814			6
2024.06.05	01:05:22.628	0.96813	0.96813			6
2024.06.05	01:05:26.688	0.96810	0.96810			6
2024.06.05	01:05:34.747	0.96812	0.96812			6
2024.06.05	01:05:35.524	0.96810	0.96810			6
2024.06.05	01:05:35.554	0.96809	0.96809			6
2024.06.05	01:05:35.979	0.96810	0.96810			6
2024.06.05	01:06:03.390	0.96812	0.96812			6
2024.06.05	01:06:05.105	0.96813	0.96813			6
2024.06.05	01:06:07.921	0.96812	0.96812			6
2024.06.05	01:06:38.071	0.96810	0.96810			6
2024.06.05	01:06:38.098	0.96809	0.96809			6
2024.06.05	01:06:38.445	0.96808	0.96808			6
2024.06.05	01:06:56.924	0.96807	0.96807			6
2024.06.05	01:06:57.205	0.96811	0.96811			6
2024.06.05	01:06:58.091	0.96814	0.96814			6
2024.06.05	01:06:59.489	0.96816	0.96816			6
2024.06.05	01:07:00.401	0.96816				2
2024.06.05	01:07:09.509	0.96815	0.96815			6
2024.06.05	01:07:11.833	0.96816	0.96816			6
2024.06.05	01:07:30.424	0.96815	0.96815			6
2024.06.05	01:07:40.064	0.96816	0.96816			6
2024.06.05	01:07:41.106	0.96815	0.96815			6
2024.06.05	01:07:58.030	0.96816	0.96816			6
2024.06.05	01:07:59.232	0.96815	0.96815			6
2024.06.05	01:08:01.601	0.96815				2
2024.06.05	01:08:01.709	0.96818	0.96818			6
2024.06.05	01:08:02.038	0.96819	0.96819			6
2024.06.05	01:08:10.740	0.96817	0.96817			6
2024.06.05	01:08:10.770	0.96815	0.96815			6
2024.06.05	01:08:10.859	0.96814	0.96814			6
2024.06.05	01:08:11.177	0.96813	0.96813			6
2024.06.05	01:08:11.361	0.96812	0.96812			6
2024.06.05	01:08:11.391	0.96813	0.96813			6
2024.06.05	01:08:16.639	0.96815	0.96815			6
2024.06.05	01:08:22.357	0.96814	0.96814			6
2024.06.05	01:08:22.475	0.96815	0.96815			6
2024.06.05	01:08:42.422	0.96814	0.96814			6
2024.06.05	01:08:45.252	0.96815	0.96815			6
2024.06.05	01:08:47.275	0.96814	0.96814			6
2024.06.05	01:08:47.476	0.96815	0.96815			6
2024.06.05	01:08:47.639	0.96814	0.96814			6
2024.06.05	01:08:47.742	0.96815	0.96815			6
2024.06.05	01:08:47.915	0.96814	0.96814			6
2024.06.05	01:08:48.043	0.96815	0.96815			6
2024.06.05	01:08:56.744	0.96814	0.96814			6
2024.06.05	01:08:59.332	0.96815	0.96815			6
2024.06.05	01:09:02.511	0.96815				2
2024.06.05	01:09:17.839	0.96813	0.96813			6
2024.06.05	01:09:19.196	0.96814	0.96814			6
2024.06.05	01:09:26.720	0.96809	0.96809			6
2024.06.05	01:09:27.409	0.96808	0.96808			6
2024.06.05	01:09:27.866	0.96810	0.96810			6
2024.06.05	01:09:28.254	0.96809	0.96809			6
2024.06.05	01:10:14.388	0.96809				2
2024.06.05	01:10:17.984	0.96810	0.96810			6
2024.06.05	01:10:21.727	0.96806	0.96806			6
2024.06.05	01:10:25.244	0.96805	0.96805			6
2024.06.05	01:10:36.434	0.96804	0.96804			6
2024.06.05	01:10:38.093	0.96805	0.96805			6
2024.06.05	01:10:46.273	0.96804	0.96804			6
2024.06.05	01:10:51.843	0.96803	0.96803			6
2024.06.05	01:10:51.873	0.96804	0.96804			6
2024.06.05	01:10:52.323	0.96805	0.96805			6
2024.06.05	01:10:52.775	0.96807	0.96807			6
2024.06.05	01:10:53.074	0.96808	0.96808			6
2024.06.05	01:11:02.211	0.96808				2
2024.06.05	01:11:36.741	0.96807	0.96807			6
2024.06.05	01:11:40.064	0.96808	0.96808			6
2024.06.05	01:12:06.847	0.96807	0.96807			6
2024.06.05	01:12:07.116	0.96808	0.96808			6
2024.06.05	01:12:07.393	0.96807	0.96807			6
2024.06.05	01:12:15.706	0.96808	0.96808			6
2024.06.05	01:12:21.747	0.96807	0.96807			6
2024.06.05	01:12:22.178	0.96806	0.96806			6
2024.06.05	01:12:45.152	0.96808	0.96808			6
2024.06.05	01:12:45.210	0.96809	0.96809			6
2024.06.05	01:12:47.463	0.96807	0.96807			6
2024.06.05	01:12:49.069	0.96809	0.96809			6
2024.06.05	01:13:04.312	0.96809				2
2024.06.05	01:13:21.795	0.96805	0.96805			6
2024.06.05	01:13:21.824	0.96804	0.96804			6
2024.06.05	01:13:36.851	0.96803	0.96803			6
2024.06.05	01:13:36.882	0.96804	0.96804			6
2024.06.05	01:13:51.776	0.96803	0.96803			6
2024.06.05	01:14:02.800	0.96803				2
2024.06.05	01:14:45.897	0.96804	0.96804			6
2024.06.05	01:14:47.050	0.96803	0.96803			6
2024.06.05	01:14:49.353	0.96804	0.96804			6
2024.06.05	01:14:52.275	0.96803	0.96803			6
2024.06.05	01:15:01.864	0.96804	0.96804			6
2024.06.05	01:15:20.112	0.96803	0.96803			6
2024.06.05	01:15:21.172	0.96804	0.96804			6
2024.06.05	01:15:57.151	0.96803	0.96803			6
2024.06.05	01:16:02.116	0.96804	0.96804			6
2024.06.05	01:16:07.502	0.96802	0.96802			6
2024.06.05	01:16:07.561	0.96800	0.96800			6
2024.06.05	01:16:11.403	0.96801	0.96801			6
2024.06.05	01:16:13.672	0.96800	0.96800			6
2024.06.05	01:16:17.253	0.96801	0.96801			6
2024.06.05	01:16:19.757	0.96800	0.96800			6
2024.06.05	01:16:25.087	0.96801	0.96801			6
2024.06.05	01:16:31.386	0.96796	0.96796			6
2024.06.05	01:16:31.976	0.96795	0.96795			6
2024.06.05	01:16:40.901	0.96794	0.96794			6
2024.06.05	01:16:45.606	0.96793	0.96793			6
2024.06.05	01:16:46.358	0.96795	0.96795			6
2024.06.05	01:16:48.897	0.96794	0.96794			6
2024.06.05	01:17:01.706	0.96795	0.96795			6
2024.06.05	01:17:06.564	0.96796	0.96796			6
2024.06.05	01:17:07.526	0.96795	0.96795			6
2024.06.05	01:17:09.759	0.96796	0.96796			6
2024.06.05	01:17:11.211	0.96795	0.96795			6
2024.06.05	01:17:11.807	0.96796	0.96796			6
2024.06.05	01:17:21.400	0.96795	0.96795			6
2024.06.05	01:17:22.149	0.96796	0.96796			6
2024.06.05	01:17:24.132	0.96795	0.96795			6
2024.06.05	01:17:24.975	0.96796	0.96796			6
2024.06.05	01:17:25.312	0.96795	0.96795			6
2024.06.05	01:17:25.911	0.96796	0.96796			6
2024.06.05	01:17:26.398	0.96795	0.96795			6
2024.06.05	01:17:26.973	0.96796	0.96796			6
2024.06.05	01:17:27.424	0.96795	0.96795			6
2024.06.05	01:17:27.996	0.96796	0.96796			6
2024.06.05	01:17:29.815	0.96795	0.96795			6
2024.06.05	01:17:31.105	0.96796	0.96796			6
2024.06.05	01:17:32.157	0.96795	0.96795			6
2024.06.05	01:17:34.354	0.96796	0.96796			6
2024.06.05	01:17:35.015	0.96795	0.96795			6
2024.06.05	01:17:35.388	0.96796	0.96796			6
2024.06.05	01:17:36.296	0.96795	0.96795			6
2024.06.05	01:17:41.298	0.96796	0.96796			6
2024.06.05	01:17:41.358	0.96805	0.96805			6
2024.06.05	01:17:44.804	0.96807	0.96807			6
2024.06.05	01:17:45.110	0.96808	0.96808			6
2024.06.05	01:17:48.351	0.96807	0.96807			6
2024.06.05	01:17:55.598	0.96808	0.96808			6
2024.06.05	01:17:55.863	0.96807	0.96807			6
2024.06.05	01:18:01.931	0.96807				2
2024.06.05	01:18:03.275	0.96809	0.96809			6
2024.06.05	01:18:20.810	0.96808	0.96808			6
2024.06.05	01:19:00.125	0.96808				2
2024.06.05	01:19:32.141	0.96807	0.96807			6
2024.06.05	01:19:37.016	0.96808	0.96808			6
2024.06.05	01:19:38.087	0.96807	0.96807			6
2024.06.05	01:19:38.341	0.96808	0.96808			6
2024.06.05	01:19:39.076	0.96807	0.96807			6
2024.06.05	01:19:39.333	0.96808	0.96808			6
2024.06.05	01:19:40.065	0.96807	0.96807			6
2024.06.05	01:19:41.805	0.96808	0.96808			6
2024.06.05	01:19:45.322	0.96807	0.96807			6
2024.06.05	01:19:45.571	0.96808	0.96808			6
2024.06.05	01:19:45.720	0.96807	0.96807			6
2024.06.05	01:19:46.604	0.96808	0.96808			6
2024.06.05	01:19:50.224	0.96807	0.96807			6
2024.06.05	01:19:52.003	0.96808	0.96808			6
2024.06.05	01:19:57.435	0.96807	0.96807			6
2024.06.05	01:19:59.676	0.96808	0.96808			6
2024.06.05	01:20:00.051	0.96807	0.96807			6
2024.06.05	01:20:00.471	0.96806	0.96806			6
2024.06.05	01:20:00.869	0.96807	0.96807			6
2024.06.05	01:20:01.109	0.96808	0.96808			6
2024.06.05	01:20:10.703	0.96807	0.96807			6
2024.06.05	01:20:11.364	0.96808	0.96808			6
2024.06.05	01:20:12.236	0.96807	0.96807			6
2024.06.05	01:20:12.627	0.96808	0.96808			6
2024.06.05	01:20:13.287	0.96807	0.96807			6
2024.06.05	01:20:13.675	0.96808	0.96808			6
2024.06.05	01:20:14.304	0.96807	0.96807			6
2024.06.05	01:20:14.695	0.96808	0.96808			6
2024.06.05	01:20:15.359	0.96807	0.96807			6
2024.06.05	01:20:15.749	0.96808	0.96808			6
2024.06.05	01:20:16.368	0.96807	0.96807			6
2024.06.05	01:20:16.769	0.96808	0.96808			6
2024.06.05	01:20:17.220	0.96807	0.96807			6
2024.06.05	01:20:31.906	0.96808	0.96808			6
2024.06.05	01:20:33.736	0.96807	0.96807			6
2024.06.05	01:20:48.108	0.96808	0.96808			6
2024.06.05	01:20:49.040	0.96807	0.96807			6
2024.06.05	01:20:55.324	0.96808	0.96808			6
2024.06.05	01:20:56.443	0.96807	0.96807			6
2024.06.05	01:21:00.448	0.96807				2
2024.06.05	01:21:01.380	0.96808	0.96808			6
2024.06.05	01:21:04.473	0.96807	0.96807			6
2024.06.05	01:21:04.723	0.96808	0.96808			6
2024.06.05	01:21:05.456	0.96807	0.96807			6
2024.06.05	01:21:06.080	0.96808	0.96808			6
2024.06.05	01:21:06.700	0.96807	0.96807			6
2024.06.05	01:21:06.943	0.96808	0.96808			6
2024.06.05	01:21:10.223	0.96809	0.96809			6
2024.06.05	01:21:11.803	0.96808	0.96808			6
2024.06.05	01:21:13.580	0.96807	0.96807			6
2024.06.05	01:21:15.461	0.96808	0.96808			6
2024.06.05	01:21:15.736	0.96807	0.96807			6
2024.06.05	01:21:15.856	0.96808	0.96808			6
2024.06.05	01:21:20.963	0.96807	0.96807			6
2024.06.05	01:21:22.086	0.96808	0.96808			6
2024.06.05	01:21:22.624	0.96809	0.96809			6
2024.06.05	01:21:24.122	0.96808	0.96808			6
2024.06.05	01:21:42.299	0.96807	0.96807			6
2024.06.05	01:21:42.751	0.96808	0.96808			6
2024.06.05	01:21:45.336	0.96809	0.96809			6
2024.06.05	01:21:45.907	0.96808	0.96808			6
2024.06.05	01:21:46.959	0.96807	0.96807			6
2024.06.05	01:21:47.480	0.96808	0.96808			6
2024.06.05	01:21:48.199	0.96807	0.96807			6
2024.06.05	01:21:49.531	0.96808	0.96808			6
2024.06.05	01:21:50.051	0.96809	0.96809			6
2024.06.05	01:21:50.592	0.96808	0.96808			6
2024.06.05	01:21:52.965	0.96807	0.96807			6
2024.06.05	01:21:53.680	0.96808	0.96808			6
2024.06.05	01:21:55.280	0.96807	0.96807			6
2024.06.05	01:21:55.763	0.96808	0.96808			6
2024.06.05	01:21:56.275	0.96807	0.96807			6
2024.06.05	01:21:56.784	0.96808	0.96808			6
2024.06.05	01:21:57.322	0.96807	0.96807			6
2024.06.05	01:21:57.843	0.96808	0.96808			6
2024.06.05	01:21:58.352	0.96807	0.96807			6
2024.06.05	01:21:59.044	0.96808	0.96808			6
2024.06.05	01:22:00.434	0.96807	0.96807			6
2024.06.05	01:22:01.072	0.96808	0.96808			6
2024.06.05	01:22:01.403	0.96807	0.96807			6
2024.06.05	01:22:02.130	0.96808	0.96808			6
2024.06.05	01:22:07.921	0.96810	0.96810			6
2024.06.05	01:22:08.130	0.96811	0.96811			6
2024.06.05	01:22:08.190	0.96812	0.96812			6
2024.06.05	01:22:08.220	0.96813	0.96813			6
2024.06.05	01:22:08.640	0.96812	0.96812			6
2024.06.05	01:22:09.330	0.96813	0.96813			6
2024.06.05	01:22:10.341	0.96812	0.96812			6
2024.06.05	01:22:10.803	0.96813	0.96813			6
2024.06.05	01:22:12.487	0.96812	0.96812			6
2024.06.05	01:22:12.865	0.96813	0.96813			6
2024.06.05	01:22:15.710	0.96812	0.96812			6
2024.06.05	01:22:31.694	0.96813	0.96813			6
2024.06.05	01:22:33.442	0.96812	0.96812			6
2024.06.05	01:22:33.773	0.96813	0.96813			6
2024.06.05	01:22:46.796	0.96812	0.96812			6
2024.06.05	01:22:47.320	0.96813	0.96813			6
2024.06.05	01:22:54.591	0.96812	0.96812			6
2024.06.05	01:22:55.632	0.96813	0.96813			6
2024.06.05	01:22:55.992	0.96812	0.96812			6
2024.06.05	01:22:56.647	0.96813	0.96813			6
2024.06.05	01:22:57.052	0.96812	0.96812			6
2024.06.05	01:23:00.147	0.96812				2
2024.06.05	01:23:02.060	0.96813	0.96813			6
2024.06.05	01:23:18.757	0.96812	0.96812			6
2024.06.05	01:23:18.787	0.96810	0.96810			6
2024.06.05	01:24:00.257	0.96812	0.96812			6
2024.06.05	01:24:01.188	0.96811	0.96811			6
2024.06.05	01:24:02.089	0.96812	0.96812			6
2024.06.05	01:24:09.197	0.96810	0.96810			6
2024.06.05	01:24:09.227	0.96807	0.96807			6
2024.06.05	01:24:11.513	0.96808	0.96808			6
2024.06.05	01:24:12.055	0.96807	0.96807			6
2024.06.05	01:24:12.484	0.96808	0.96808			6
2024.06.05	01:24:12.959	0.96807	0.96807			6
2024.06.05	01:24:20.003	0.96808	0.96808			6
2024.06.05	01:24:21.077	0.96807	0.96807			6
2024.06.05	01:24:21.417	0.96808	0.96808			6
2024.06.05	01:24:24.750	0.96807	0.96807			6
2024.06.05	01:24:26.744	0.96808	0.96808			6
2024.06.05	01:24:27.297	0.96807	0.96807			6
2024.06.05	01:24:27.596	0.96808	0.96808			6
2024.06.05	01:24:30.984	0.96807	0.96807			6
2024.06.05	01:24:32.013	0.96808	0.96808			6
2024.06.05	01:24:34.556	0.96807	0.96807			6
2024.06.05	01:24:35.000	0.96808	0.96808			6
2024.06.05	01:24:35.600	0.96807	0.96807			6
2024.06.05	01:24:35.896	0.96808	0.96808			6
2024.06.05	01:24:36.649	0.96807	0.96807			6
2024.06.05	01:24:36.904	0.96808	0.96808			6
2024.06.05	01:24:37.658	0.96807	0.96807			6
2024.06.05	01:24:37.959	0.96808	0.96808			6
2024.06.05	01:24:40.635	0.96807	0.96807			6
2024.06.05	01:24:41.085	0.96808	0.96808			6
2024.06.05	01:24:45.565	0.96807	0.96807			6
2024.06.05	01:24:46.279	0.96808	0.96808			6
2024.06.05	01:24:59.071	0.96807	0.96807			6
2024.06.05	01:25:00.449	0.96807				2
2024.06.05	01:26:00.259	0.96807	0.96807			6
2024.06.05	01:26:44.466	0.96806	0.96806			6
2024.06.05	01:26:45.128	0.96807	0.96807			6
2024.06.05	01:27:00.350	0.96807				2
2024.06.05	01:27:03.219	0.96806	0.96806			6
2024.06.05	01:27:03.340	0.96807	0.96807			6
2024.06.05	01:27:23.292	0.96806	0.96806			6
2024.06.05	01:27:23.935	0.96807	0.96807			6
2024.06.05	01:27:33.027	0.96806	0.96806			6
2024.06.05	01:27:35.755	0.96807	0.96807			6
2024.06.05	01:27:41.320	0.96806	0.96806			6
2024.06.05	01:28:00.270	0.96806				2
2024.06.05	01:28:01.040	0.96807	0.96807			6
2024.06.05	01:28:12.432	0.96806	0.96806			6
2024.06.05	01:28:21.304	0.96807	0.96807			6
2024.06.05	01:28:27.973	0.96806	0.96806			6
2024.06.05	01:28:32.615	0.96807	0.96807			6
2024.06.05	01:28:47.580	0.96805	0.96805			6
2024.06.05	01:28:47.850	0.96804	0.96804			6
2024.06.05	01:28:50.093	0.96803	0.96803			6
2024.06.05	01:28:50.409	0.96804	0.96804			6
2024.06.05	01:28:51.001	0.96803	0.96803			6
2024.06.05	01:28:52.917	0.96804	0.96804			6
2024.06.05	01:28:59.366	0.96803	0.96803			6
2024.06.05	01:29:00.834	0.96803				2
2024.06.05	01:29:03.934	0.96804	0.96804			6
2024.06.05	01:29:03.964	0.96806	0.96806			6
2024.06.05	01:29:04.212	0.96807	0.96807			6
2024.06.05	01:29:22.621	0.96806	0.96806			6
2024.06.05	01:29:24.070	0.96807	0.96807			6
2024.06.05	01:29:35.025	0.96805	0.96805			6
2024.06.05	01:29:37.489	0.96806	0.96806			6
2024.06.05	01:30:00.026	0.96805	0.96805			6
2024.06.05	01:30:00.116	0.96806	0.96806			6
2024.06.05	01:30:06.824	0.96812	0.96812			6
2024.06.05	01:30:06.853	0.96814	0.96814			6
2024.06.05	01:30:06.915	0.96813	0.96813			6
2024.06.05	01:30:26.616	0.96812	0.96812			6
2024.06.05	01:30:26.676	0.96810	0.96810			6
2024.06.05	01:30:29.107	0.96811	0.96811			6
2024.06.05	01:30:35.521	0.96810	0.96810			6
2024.06.05	01:30:38.029	0.96809	0.96809			6
2024.06.05	01:30:52.108	0.96810	0.96810			6
2024.06.05	01:31:01.851	0.96810				2
2024.06.05	01:31:05.299	0.96809	0.96809			6
2024.06.05	01:31:06.026	0.96810	0.96810			6
2024.06.05	01:31:18.594	0.96811	0.96811			6
2024.06.05	01:31:20.005	0.96810	0.96810			6
2024.06.05	01:31:30.818	0.96807	0.96807			6
2024.06.05	01:31:32.228	0.96806	0.96806			6
2024.06.05	01:31:33.510	0.96805	0.96805			6
2024.06.05	01:31:33.799	0.96806	0.96806			6
2024.06.05	01:31:34.909	0.96807	0.96807			6
2024.06.05	01:31:40.910	0.96806	0.96806			6
2024.06.05	01:31:43.519	0.96807	0.96807			6
2024.06.05	01:31:52.257	0.96806	0.96806			6
2024.06.05	01:31:53.910	0.96805	0.96805			6
2024.06.05	01:31:55.027	0.96806	0.96806			6
2024.06.05	01:31:55.607	0.96807	0.96807			6
2024.06.05	01:31:57.335	0.96806	0.96806			6
2024.06.05	01:31:59.506	0.96807	0.96807			6
2024.06.05	01:32:00.418	0.96807				2
2024.06.05	01:32:03.550	0.96806	0.96806			6
2024.06.05	01:32:04.380	0.96805	0.96805			6
2024.06.05	01:32:04.950	0.96804	0.96804			6
2024.06.05	01:32:05.763	0.96803	0.96803			6
2024.06.05	01:32:11.768	0.96807	0.96807			6
2024.06.05	01:32:12.039	0.96808	0.96808			6
2024.06.05	01:32:14.179	0.96807	0.96807			6
2024.06.05	01:32:15.026	0.96808	0.96808			6
2024.06.05	01:32:18.898	0.96807	0.96807			6
2024.06.05	01:32:19.680	0.96808	0.96808			6
2024.06.05	01:32:20.265	0.96807	0.96807			6
2024.06.05	01:32:35.966	0.96808	0.96808			6
2024.06.05	01:32:36.484	0.96807	0.96807			6
2024.06.05	01:32:40.973	0.96808	0.96808			6
2024.06.05	01:32:43.481	0.96809	0.96809			6
2024.06.05	01:32:44.383	0.96810	0.96810			6
2024.06.05	01:32:46.373	0.96812	0.96812			6
2024.06.05	01:32:46.403	0.96813	0.96813			6
2024.06.05	01:33:00.116	0.96812	0.96812			6
2024.06.05	01:33:06.549	0.96813	0.96813			6
2024.06.05	01:33:09.108	0.96812	0.96812			6
2024.06.05	01:33:09.464	0.96813	0.96813			6
2024.06.05	01:33:11.704	0.96812	0.96812			6
2024.06.05	01:33:14.328	0.96815	0.96815			6
2024.06.05	01:33:14.478	0.96814	0.96814			6
2024.06.05	01:33:14.753	0.96813	0.96813			6
2024.06.05	01:33:20.888	0.96812	0.96812			6
2024.06.05	01:33:24.062	0.96813	0.96813			6
2024.06.05	01:33:27.623	0.96812	0.96812			6
2024.06.05	01:33:28.510	0.96813	0.96813			6
2024.06.05	01:33:32.364	0.96812	0.96812			6
2024.06.05	01:33:42.275	0.96813	0.96813			6
2024.06.05	01:33:42.396	0.96812	0.96812			6
2024.06.05	01:33:45.797	0.96810	0.96810			6
2024.06.05	01:33:55.811	0.96809	0.96809			6
2024.06.05	01:33:56.206	0.96810	0.96810			6
2024.06.05	01:34:01.166	0.96809	0.96809			6
2024.06.05	01:34:01.739	0.96808	0.96808			6
2024.06.05	01:34:06.272	0.96806	0.96806			6
2024.06.05	01:34:07.524	0.96808	0.96808			6
2024.06.05	01:34:09.161	0.96807	0.96807			6
2024.06.05	01:34:09.581	0.96808	0.96808			6
2024.06.05	01:34:12.493	0.96807	0.96807			6
2024.06.05	01:34:18.681	0.96808	0.96808			6
2024.06.05	01:34:19.727	0.96807	0.96807			6
2024.06.05	01:34:20.738	0.96812	0.96812			6
2024.06.05	01:34:40.309	0.96811	0.96811			6
2024.06.05	01:34:47.714	0.96810	0.96810			6
2024.06.05	01:34:48.041	0.96811	0.96811			6
2024.06.05	01:34:48.732	0.96810	0.96810			6
2024.06.05	01:34:48.987	0.96811	0.96811			6
2024.06.05	01:34:51.330	0.96810	0.96810			6
2024.06.05	01:34:56.860	0.96808	0.96808			6
2024.06.05	01:34:57.113	0.96807	0.96807			6
2024.06.05	01:34:59.063	0.96808	0.96808			6
2024.06.05	01:35:00.312	0.96808				2
2024.06.05	01:35:21.179	0.96812	0.96812			6
2024.06.05	01:35:21.210	0.96813	0.96813			6
2024.06.05	01:35:21.903	0.96814	0.96814			6
2024.06.05	01:35:55.677	0.96813	0.96813			6
2024.06.05	01:35:55.956	0.96812	0.96812			6
2024.06.05	01:36:00.012	0.96811	0.96811			6
2024.06.05	01:36:09.461	0.96810	0.96810			6
2024.06.05	01:36:25.198	0.96813	0.96813			6
2024.06.05	01:36:28.673	0.96814	0.96814			6
2024.06.05	01:36:29.593	0.96813	0.96813			6
2024.06.05	01:36:38.012	0.96814	0.96814			6
2024.06.05	01:36:40.443	0.96813	0.96813			6
2024.06.05	01:37:00.525	0.96813				2
2024.06.05	01:37:16.195	0.96812	0.96812			6
2024.06.05	01:37:27.070	0.96814	0.96814			6
2024.06.05	01:37:28.007	0.96812	0.96812			6
2024.06.05	01:37:30.257	0.96810	0.96810			6
2024.06.05	01:37:30.720	0.96811	0.96811			6
2024.06.05	01:37:31.223	0.96812	0.96812			6
2024.06.05	01:37:32.115	0.96811	0.96811			6
2024.06.05	01:37:33.284	0.96812	0.96812			6
2024.06.05	01:37:34.373	0.96818	0.96818			6
2024.06.05	01:37:35.870	0.96817	0.96817			6
2024.06.05	01:37:37.559	0.96818	0.96818			6
2024.06.05	01:37:56.208	0.96817	0.96817			6
2024.06.05	01:38:02.495	0.96817				2
2024.06.05	01:38:05.723	0.96816	0.96816			6
2024.06.05	01:38:09.088	0.96815	0.96815			6
2024.06.05	01:38:09.271	0.96817	0.96817			6
2024.06.05	01:38:10.100	0.96816	0.96816			6
2024.06.05	01:38:10.860	0.96817	0.96817			6
2024.06.05	01:38:11.885	0.96816	0.96816			6
2024.06.05	01:38:23.572	0.96815	0.96815			6
2024.06.05	01:38:24.011	0.96816	0.96816			6
2024.06.05	01:38:38.507	0.96817	0.96817			6
2024.06.05	01:38:39.391	0.96816	0.96816			6
2024.06.05	01:38:54.016	0.96817	0.96817			6
2024.06.05	01:38:54.397	0.96816	0.96816			6
2024.06.05	01:38:55.619	0.96817	0.96817			6
2024.06.05	01:38:56.410	0.96816	0.96816			6
2024.06.05	01:38:59.432	0.96817	0.96817			6
2024.06.05	01:39:00.394	0.96816	0.96816			6
2024.06.05	01:39:39.909	0.96814	0.96814			6
2024.06.05	01:39:41.066	0.96813	0.96813			6
2024.06.05	01:39:41.961	0.96812	0.96812			6
2024.06.05	01:39:45.426	0.96813	0.96813			6
2024.06.05	01:39:48.535	0.96814	0.96814			6
2024.06.05	01:39:53.474	0.96813	0.96813			6
2024.06.05	01:39:55.319	0.96814	0.96814			6
2024.06.05	01:39:57.467	0.96813	0.96813			6
2024.06.05	01:39:58.570	0.96814	0.96814			6
2024.06.05	01:39:58.599	0.96813	0.96813			6
2024.06.05	01:40:00.125	0.96814	0.96814			6
2024.06.05	01:40:07.340	0.96813	0.96813			6
2024.06.05	01:40:07.549	0.96812	0.96812			6
2024.06.05	01:40:23.667	0.96813	0.96813			6
2024.06.05	01:41:00.975	0.96813				2
2024.06.05	01:41:05.143	0.96814	0.96814			6
2024.06.05	01:41:07.194	0.96813	0.96813			6
2024.06.05	01:41:11.474	0.96814	0.96814			6
2024.06.05	01:41:18.872	0.96812	0.96812			6
2024.06.05	01:41:24.435	0.96813	0.96813			6
2024.06.05	01:41:28.581	0.96812	0.96812			6
2024.06.05	01:41:29.063	0.96813	0.96813			6
2024.06.05	01:41:31.925	0.96812	0.96812			6
2024.06.05	01:41:47.030	0.96811	0.96811			6
2024.06.05	01:41:47.740	0.96812	0.96812			6
2024.06.05	01:41:50.544	0.96813	0.96813			6
2024.06.05	01:41:51.877	0.96812	0.96812			6
2024.06.05	01:41:53.418	0.96813	0.96813			6
2024.06.05	01:41:53.812	0.96812	0.96812			6
2024.06.05	01:41:58.242	0.96813	0.96813			6
2024.06.05	01:42:01.179	0.96814	0.96814			6
2024.06.05	01:42:02.197	0.96813	0.96813			6
2024.06.05	01:42:07.309	0.96814	0.96814			6
2024.06.05	01:42:27.651	0.96813	0.96813			6
2024.06.05	01:42:28.964	0.96812	0.96812			6
2024.06.05	01:42:31.872	0.96813	0.96813			6
2024.06.05	01:43:03.260	0.96817	0.96817			6
2024.06.05	01:43:03.350	0.96818	0.96818			6
2024.06.05	01:43:10.334	0.96819	0.96819			6
2024.06.05	01:43:18.452	0.96818	0.96818			6
2024.06.05	01:44:00.199	0.96817	0.96817			6
2024.06.05	01:44:00.534	0.96816	0.96816			6
2024.06.05	01:44:03.114	0.96815	0.96815			6
2024.06.05	01:44:14.643	0.96814	0.96814			6
2024.06.05	01:44:16.514	0.96813	0.96813			6
2024.06.05	01:44:16.605	0.96811	0.96811			6
2024.06.05	01:45:00.129	0.96811				2
2024.06.05	01:45:01.196	0.96812	0.96812			6
2024.06.05	01:45:01.225	0.96810	0.96810			6
2024.06.05	01:45:11.493	0.96811	0.96811			6
2024.06.05	01:45:11.732	0.96810	0.96810			6
2024.06.05	01:45:13.442	0.96811	0.96811			6
2024.06.05	01:45:13.639	0.96812	0.96812			6
2024.06.05	01:45:14.187	0.96810	0.96810			6
2024.06.05	01:45:15.664	0.96811	0.96811			6
2024.06.05	01:45:26.272	0.96810	0.96810			6
2024.06.05	01:45:26.332	0.96811	0.96811			6
2024.06.05	01:45:26.953	0.96810	0.96810			6
2024.06.05	01:45:27.074	0.96811	0.96811			6
2024.06.05	01:45:27.708	0.96810	0.96810			6
2024.06.05	01:45:27.739	0.96812	0.96812			6
2024.06.05	01:45:35.404	0.96814	0.96814			6
2024.06.05	01:45:35.676	0.96813	0.96813			6
2024.06.05	01:45:36.529	0.96812	0.96812			6
2024.06.05	01:45:36.680	0.96813	0.96813			6
2024.06.05	01:45:37.281	0.96812	0.96812			6
2024.06.05	01:45:37.432	0.96813	0.96813			6
2024.06.05	01:45:38.042	0.96812	0.96812			6
2024.06.05	01:45:38.192	0.96813	0.96813			6
2024.06.05	01:45:38.785	0.96812	0.96812			6
2024.06.05	01:45:38.949	0.96813	0.96813			6
2024.06.05	01:45:39.099	0.96812	0.96812			6
2024.06.05	01:45:40.495	0.96811	0.96811			6
2024.06.05	01:45:40.554	0.96810	0.96810			6
2024.06.05	01:45:40.780	0.96811	0.96811			6
2024.06.05	01:45:40.962	0.96810	0.96810			6
2024.06.05	01:45:41.482	0.96811	0.96811			6
2024.06.05	01:45:51.559	0.96810	0.96810			6
2024.06.05	01:46:03.593	0.96811	0.96811			6
2024.06.05	01:46:04.527	0.96809	0.96809			6
2024.06.05	01:46:09.111	0.96808	0.96808			6
2024.06.05	01:46:09.170	0.96807	0.96807			6
2024.06.05	01:46:09.419	0.96808	0.96808			6
2024.06.05	01:46:10.025	0.96807	0.96807			6
2024.06.05	01:46:11.382	0.96808	0.96808			6
2024.06.05	01:46:14.368	0.96807	0.96807			6
2024.06.05	01:46:16.439	0.96808	0.96808			6
2024.06.05	01:46:18.116	0.96807	0.96807			6
2024.06.05	01:46:19.217	0.96806	0.96806			6
2024.06.05	01:46:19.910	0.96807	0.96807			6
2024.06.05	01:46:20.019	0.96808	0.96808			6
2024.06.05	01:46:22.616	0.96807	0.96807			6
2024.06.05	01:46:25.424	0.96808	0.96808			6
2024.06.05	01:46:25.517	0.96807	0.96807			6
2024.06.05	01:46:26.299	0.96808	0.96808			6
2024.06.05	01:46:26.423	0.96807	0.96807			6
2024.06.05	01:46:26.453	0.96806	0.96806			6
2024.06.05	01:46:28.361	0.96808	0.96808			6
2024.06.05	01:46:39.603	0.96807	0.96807			6
2024.06.05	01:46:39.900	0.96808	0.96808			6
2024.06.05	01:46:41.805	0.96807	0.96807			6
2024.06.05	01:46:44.206	0.96808	0.96808			6
2024.06.05	01:46:47.765	0.96809	0.96809			6
2024.06.05	01:46:48.502	0.96808	0.96808			6
2024.06.05	01:46:58.223	0.96806	0.96806			6
2024.06.05	01:46:58.327	0.96808	0.96808			6
2024.06.05	01:46:59.214	0.96806	0.96806			6
2024.06.05	01:46:59.304	0.96808	0.96808			6
2024.06.05	01:47:08.371	0.96806	0.96806			6
2024.06.05	01:47:08.463	0.96808	0.96808			6
2024.06.05	01:47:09.524	0.96806	0.96806			6
2024.06.05	01:47:09.677	0.96808	0.96808			6
2024.06.05	01:47:09.707	0.96806	0.96806			6
2024.06.05	01:47:12.412	0.96807	0.96807			6
2024.06.05	01:47:13.573	0.96808	0.96808			6
2024.06.05	01:47:16.480	0.96807	0.96807			6
2024.06.05	01:47:16.600	0.96808	0.96808			6
2024.06.05	01:47:17.488	0.96807	0.96807			6
2024.06.05	01:47:17.606	0.96808	0.96808			6
2024.06.05	01:47:18.758	0.96807	0.96807			6
2024.06.05	01:47:18.848	0.96808	0.96808			6
2024.06.05	01:47:19.309	0.96809	0.96809			6
2024.06.05	01:47:19.338	0.96808	0.96808			6
2024.06.05	01:47:20.517	0.96807	0.96807			6
2024.06.05	01:47:32.934	0.96806	0.96806			6
2024.06.05	01:47:38.498	0.96805	0.96805			6
2024.06.05	01:47:39.413	0.96806	0.96806			6
2024.06.05	01:48:03.194	0.96805	0.96805			6
2024.06.05	01:48:03.470	0.96806	0.96806			6
2024.06.05	01:48:05.702	0.96805	0.96805			6
2024.06.05	01:48:12.221	0.96804	0.96804			6
2024.06.05	01:48:17.890	0.96803	0.96803			6
2024.06.05	01:48:19.422	0.96804	0.96804			6
2024.06.05	01:48:20.444	0.96805	0.96805			6
2024.06.05	01:48:24.570	0.96807	0.96807			6
2024.06.05	01:48:24.659	0.96808	0.96808			6
2024.06.05	01:49:00.758	0.96809	0.96809			6
2024.06.05	01:49:04.913	0.96807	0.96807			6
2024.06.05	01:49:04.968	0.96808	0.96808			6
2024.06.05	01:49:05.591	0.96807	0.96807			6
2024.06.05	01:49:05.742	0.96808	0.96808			6
2024.06.05	01:49:06.361	0.96807	0.96807			6
2024.06.05	01:49:06.481	0.96808	0.96808			6
2024.06.05	01:49:07.103	0.96807	0.96807			6
2024.06.05	01:49:07.222	0.96808	0.96808			6
2024.06.05	01:49:08.582	0.96807	0.96807			6
2024.06.05	01:49:08.731	0.96808	0.96808			6
2024.06.05	01:49:09.328	0.96807	0.96807			6
2024.06.05	01:49:09.480	0.96808	0.96808			6
2024.06.05	01:49:10.092	0.96807	0.96807			6
2024.06.05	01:49:10.243	0.96808	0.96808			6
2024.06.05	01:49:10.861	0.96807	0.96807			6
2024.06.05	01:49:10.978	0.96808	0.96808			6
2024.06.05	01:49:22.415	0.96807	0.96807			6
2024.06.05	01:49:22.592	0.96808	0.96808			6
2024.06.05	01:49:23.191	0.96807	0.96807			6
2024.06.05	01:49:23.321	0.96808	0.96808			6
2024.06.05	01:49:23.938	0.96807	0.96807			6
2024.06.05	01:49:24.077	0.96808	0.96808			6
2024.06.05	01:49:24.701	0.96807	0.96807			6
2024.06.05	01:49:24.839	0.96808	0.96808			6
2024.06.05	01:49:25.439	0.96807	0.96807			6
2024.06.05	01:49:25.591	0.96808	0.96808			6
2024.06.05	01:49:26.195	0.96807	0.96807			6
2024.06.05	01:49:26.341	0.96808	0.96808			6
2024.06.05	01:49:26.972	0.96807	0.96807			6
2024.06.05	01:49:27.091	0.96808	0.96808			6
2024.06.05	01:49:27.698	0.96807	0.96807			6
2024.06.05	01:49:27.827	0.96808	0.96808			6
2024.06.05	01:49:28.440	0.96807	0.96807			6
2024.06.05	01:49:28.577	0.96808	0.96808			6
2024.06.05	01:49:30.917	0.96807	0.96807			6
2024.06.05	01:49:31.037	0.96808	0.96808			6
2024.06.05	01:49:31.638	0.96807	0.96807			6
2024.06.05	01:49:31.775	0.96808	0.96808			6
2024.06.05	01:49:32.371	0.96807	0.96807			6
2024.06.05	01:49:32.546	0.96808	0.96808			6
2024.06.05	01:49:33.124	0.96807	0.96807			6
2024.06.05	01:49:33.270	0.96808	0.96808			6
2024.06.05	01:49:33.898	0.96807	0.96807			6
2024.06.05	01:49:34.021	0.96808	0.96808			6
2024.06.05	01:49:34.657	0.96807	0.96807			6
2024.06.05	01:49:34.791	0.96808	0.96808			6
2024.06.05	01:49:35.437	0.96807	0.96807			6
2024.06.05	01:49:35.591	0.96808	0.96808			6
2024.06.05	01:49:36.203	0.96807	0.96807			6
2024.06.05	01:49:36.322	0.96808	0.96808			6
2024.06.05	01:49:36.988	0.96807	0.96807			6
2024.06.05	01:49:37.143	0.96808	0.96808			6
2024.06.05	01:49:57.760	0.96810	0.96810			6
2024.06.05	01:49:57.879	0.96809	0.96809			6
2024.06.05	01:49:59.032	0.96810	0.96810			6
2024.06.05	01:49:59.200	0.96809	0.96809			6
2024.06.05	01:49:59.795	0.96810	0.96810			6
2024.06.05	01:49:59.945	0.96809	0.96809			6
2024.06.05	01:50:00.537	0.96810	0.96810			6
2024.06.05	01:50:00.687	0.96809	0.96809			6
2024.06.05	01:50:01.538	0.96810	0.96810			6
2024.06.05	01:50:01.676	0.96809	0.96809			6
2024.06.05	01:50:02.159	0.96810	0.96810			6
2024.06.05	01:50:02.191	0.96812	0.96812			6
2024.06.05	01:52:07.094	0.96811	0.96811			6
2024.06.05	01:52:07.394	0.96812	0.96812			6
2024.06.05	01:52:31.118	0.96810	0.96810			6
2024.06.05	01:52:37.229	0.96811	0.96811			6
2024.06.05	01:52:37.259	0.96813	0.96813			6
2024.06.05	01:52:37.291	0.96812	0.96812			6
2024.06.05	01:52:37.322	0.96813	0.96813			6
2024.06.05	01:52:37.353	0.96814	0.96814			6
2024.06.05	01:52:37.532	0.96815	0.96815			6
2024.06.05	01:52:40.362	0.96818	0.96818			6
2024.06.05	01:52:43.143	0.96819	0.96819			6
2024.06.05	01:52:47.046	0.96820	0.96820			6
2024.06.05	01:52:47.166	0.96821	0.96821			6
2024.06.05	01:52:47.348	0.96820	0.96820			6
2024.06.05	01:53:00.862	0.96819	0.96819			6
2024.06.05	01:53:02.073	0.96820	0.96820			6
2024.06.05	01:53:03.081	0.96819	0.96819			6
2024.06.05	01:53:10.114	0.96820	0.96820			6
2024.06.05	01:53:13.327	0.96821	0.96821			6
2024.06.05	01:53:35.324	0.96818	0.96818			6
2024.06.05	01:53:35.617	0.96821	0.96821			6
2024.06.05	01:53:55.058	0.96822	0.96822			6
2024.06.05	01:54:05.666	0.96822				2
2024.06.05	01:54:07.414	0.96821	0.96821			6
2024.06.05	01:54:57.693	0.96822	0.96822			6
2024.06.05	01:55:05.830	0.96822				2
2024.06.05	01:55:05.862	0.96823	0.96823			6
2024.06.05	01:55:05.919	0.96824	0.96824			6
2024.06.05	01:55:53.161	0.96826	0.96826			6
2024.06.05	01:55:53.745	0.96825	0.96825			6
2024.06.05	01:56:01.800	0.96825				2
2024.06.05	01:56:02.897	0.96824	0.96824			6
2024.06.05	01:56:02.993	0.96825	0.96825			6
2024.06.05	01:56:31.237	0.96824	0.96824			6
2024.06.05	01:56:31.267	0.96825	0.96825			6
2024.06.05	01:56:31.579	0.96824	0.96824			6
2024.06.05	01:56:32.057	0.96825	0.96825			6
2024.06.05	01:56:32.208	0.96824	0.96824			6
2024.06.05	01:56:33.252	0.96825	0.96825			6
2024.06.05	01:57:01.913	0.96824	0.96824			6
2024.06.05	01:57:22.418	0.96825	0.96825			6
2024.06.05	01:57:51.123	0.96824	0.96824			6
2024.06.05	01:57:55.070	0.96825	0.96825			6
2024.06.05	01:57:57.091	0.96824	0.96824			6
2024.06.05	01:58:08.711	0.96824				2
2024.06.05	01:58:21.750	0.96823	0.96823			6
2024.06.05	01:58:22.220	0.96822	0.96822			6
2024.06.05	01:58:25.023	0.96823	0.96823			6
2024.06.05	01:58:26.822	0.96822	0.96822			6
2024.06.05	01:58:27.435	0.96823	0.96823			6
2024.06.05	01:58:48.023	0.96821	0.96821			6
2024.06.05	01:58:48.082	0.96822	0.96822			6
2024.06.05	01:58:52.649	0.96821	0.96821			6
2024.06.05	01:58:54.752	0.96823	0.96823			6
2024.06.05	01:59:07.096	0.96822	0.96822			6
2024.06.05	01:59:22.782	0.96821	0.96821			6
2024.06.05	01:59:23.905	0.96822	0.96822			6
2024.06.05	01:59:24.730	0.96821	0.96821			6
2024.06.05	01:59:53.599	0.96822	0.96822			6
2024.06.05	01:59:53.659	0.96821	0.96821			6
2024.06.05	01:59:53.912	0.96822	0.96822			6
2024.06.05	01:59:54.350	0.96821	0.96821			6
2024.06.05	01:59:55.939	0.96822	0.96822			6
2024.06.05	01:59:57.999	0.96820	0.96820			6
2024.06.05	01:59:58.029	0.96819	0.96819			6
2024.06.05	01:59:58.119	0.96821	0.96821			6
2024.06.05	01:59:58.271	0.96819	0.96819			6
2024.06.05	02:00:00.059	0.96818	0.96818			6
2024.06.05	02:00:00.090	0.96820	0.96820			6
2024.06.05	02:00:00.149	0.96821	0.96821			6
2024.06.05	02:00:00.179	0.96820	0.96820			6
2024.06.05	02:00:02.322	0.96821	0.96821			6
2024.06.05	02:00:08.244	0.96820	0.96820			6
2024.06.05	02:00:10.503	0.96819	0.96819			6
2024.06.05	02:00:10.564	0.96820	0.96820			6
2024.06.05	02:00:10.655	0.96818	0.96818			6
2024.06.05	02:00:11.454	0.96817	0.96817			6
2024.06.05	02:00:15.113	0.96818	0.96818			6
2024.06.05	02:00:15.465	0.96817	0.96817			6
2024.06.05	02:00:47.706	0.96818	0.96818			6
2024.06.05	02:00:47.735	0.96817	0.96817			6
2024.06.05	02:00:48.148	0.96818	0.96818			6
2024.06.05	02:00:49.635	0.96817	0.96817			6
2024.06.05	02:00:55.960	0.96815	0.96815			6
2024.06.05	02:00:56.069	0.96814	0.96814			6
2024.06.05	02:00:56.130	0.96815	0.96815			6
2024.06.05	02:00:56.250	0.96814	0.96814			6
2024.06.05	02:00:57.791	0.96815	0.96815			6
2024.06.05	02:00:57.821	0.96816	0.96816			6
2024.06.05	02:00:57.911	0.96817	0.96817			6
2024.06.05	02:00:57.942	0.96818	0.96818			6
2024.06.05	02:01:01.467	0.96818				2
2024.06.05	02:01:02.124	0.96817	0.96817			6
2024.06.05	02:01:04.613	0.96816	0.96816			6
2024.06.05	02:01:05.360	0.96818	0.96818			6
2024.06.05	02:01:06.362	0.96817	0.96817			6
2024.06.05	02:01:06.710	0.96818	0.96818			6
2024.06.05	02:01:08.654	0.96817	0.96817			6
2024.06.05	02:01:09.791	0.96818	0.96818			6
2024.06.05	02:01:09.821	0.96817	0.96817			6
2024.06.05	02:01:10.990	0.96818	0.96818			6
2024.06.05	02:01:11.130	0.96817	0.96817			6
2024.06.05	02:01:13.304	0.96818	0.96818			6
2024.06.05	02:01:14.935	0.96817	0.96817			6
2024.06.05	02:01:17.631	0.96818	0.96818			6
2024.06.05	02:01:19.116	0.96817	0.96817			6
2024.06.05	02:01:19.649	0.96818	0.96818			6
2024.06.05	02:01:55.218	0.96821	0.96821			6
2024.06.05	02:01:55.335	0.96822	0.96822			6
2024.06.05	02:01:55.536	0.96824	0.96824			6
2024.06.05	02:01:55.565	0.96825	0.96825			6
2024.06.05	02:01:55.625	0.96826	0.96826			6
2024.06.05	02:02:00.948	0.96827	0.96827			6
2024.06.05	02:02:02.705	0.96828	0.96828			6
2024.06.05	02:02:02.735	0.96827	0.96827			6
2024.06.05	02:02:02.914	0.96826	0.96826			6
2024.06.05	02:02:04.868	0.96828	0.96828			6
2024.06.05	02:02:05.287	0.96827	0.96827			6
2024.06.05	02:02:10.802	0.96826	0.96826			6
2024.06.05	02:02:13.561	0.96827	0.96827			6
2024.06.05	02:02:13.590	0.96828	0.96828			6
2024.06.05	02:02:14.538	0.96827	0.96827			6
2024.06.05	02:02:21.587	0.96828	0.96828			6
2024.06.05	02:02:27.890	0.96827	0.96827			6
2024.06.05	02:02:27.921	0.96826	0.96826			6
2024.06.05	02:02:28.486	0.96825	0.96825			6
2024.06.05	02:02:28.923	0.96826	0.96826			6
2024.06.05	02:02:30.027	0.96825	0.96825			6
2024.06.05	02:02:31.099	0.96824	0.96824			6
2024.06.05	02:02:32.537	0.96825	0.96825			6
2024.06.05	02:02:33.046	0.96824	0.96824			6
2024.06.05	02:02:35.596	0.96825	0.96825			6
2024.06.05	02:02:36.322	0.96824	0.96824			6
2024.06.05	02:02:36.843	0.96825	0.96825			6
2024.06.05	02:02:39.491	0.96824	0.96824			6
2024.06.05	02:02:39.521	0.96825	0.96825			6
2024.06.05	02:02:39.552	0.96824	0.96824			6
2024.06.05	02:02:46.251	0.96826	0.96826			6
2024.06.05	02:02:47.311	0.96824	0.96824			6
2024.06.05	02:02:47.664	0.96826	0.96826			6
2024.06.05	02:02:50.627	0.96825	0.96825			6
2024.06.05	02:03:00.829	0.96825				2
2024.06.05	02:03:01.452	0.96824	0.96824			6
2024.06.05	02:03:19.535	0.96825	0.96825			6
2024.06.05	02:03:29.200	0.96824	0.96824			6
2024.06.05	02:03:29.260	0.96823	0.96823			6
2024.06.05	02:03:35.162	0.96822	0.96822			6
2024.06.05	02:03:35.634	0.96823	0.96823			6
2024.06.05	02:03:35.815	0.96824	0.96824			6
2024.06.05	02:04:00.632	0.96823	0.96823			6
2024.06.05	02:04:00.873	0.96824	0.96824			6
2024.06.05	02:04:01.449	0.96823	0.96823			6
2024.06.05	02:04:03.646	0.96822	0.96822			6
2024.06.05	02:04:04.311	0.96823	0.96823			6
2024.06.05	02:04:22.363	0.96822	0.96822			6
2024.06.05	02:04:23.359	0.96821	0.96821			6
2024.06.05	02:04:25.431	0.96822	0.96822			6
2024.06.05	02:04:26.158	0.96824	0.96824			6
2024.06.05	02:04:26.529	0.96822	0.96822			6
2024.06.05	02:04:26.618	0.96823	0.96823			6
2024.06.05	02:04:31.297	0.96822	0.96822			6
2024.06.05	02:04:31.416	0.96821	0.96821			6
2024.06.05	02:04:33.451	0.96820	0.96820			6
2024.06.05	02:04:37.160	0.96821	0.96821			6
2024.06.05	02:04:38.627	0.96820	0.96820			6
2024.06.05	02:04:40.066	0.96821	0.96821			6
2024.06.05	02:04:42.945	0.96820	0.96820			6
2024.06.05	02:04:44.773	0.96822	0.96822			6
2024.06.05	02:04:44.804	0.96821	0.96821			6
2024.06.05	02:04:44.834	0.96822	0.96822			6
2024.06.05	02:04:45.014	0.96821	0.96821			6
2024.06.05	02:04:45.490	0.96822	0.96822			6
2024.06.05	02:04:45.519	0.96823	0.96823			6
2024.06.05	02:04:46.260	0.96824	0.96824			6
2024.06.05	02:04:48.026	0.96822	0.96822			6
2024.06.05	02:04:48.323	0.96823	0.96823			6
2024.06.05	02:04:48.564	0.96822	0.96822			6
2024.06.05	02:04:48.970	0.96823	0.96823			6
2024.06.05	02:04:50.017	0.96824	0.96824			6
2024.06.05	02:04:54.719	0.96825	0.96825			6
2024.06.05	02:05:01.533	0.96825				2
2024.06.05	02:05:03.964	0.96826	0.96826			6
2024.06.05	02:05:11.922	0.96825	0.96825			6
2024.06.05	02:05:12.132	0.96826	0.96826			6
2024.06.05	02:05:14.062	0.96825	0.96825			6
2024.06.05	02:05:14.316	0.96826	0.96826			6
2024.06.05	02:05:16.415	0.96825	0.96825			6
2024.06.05	02:05:17.426	0.96826	0.96826			6
2024.06.05	02:05:22.497	0.96825	0.96825			6
2024.06.05	02:05:22.784	0.96826	0.96826			6
2024.06.05	02:05:23.521	0.96825	0.96825			6
2024.06.05	02:05:23.827	0.96826	0.96826			6
2024.06.05	02:05:37.327	0.96828	0.96828			6
2024.06.05	02:05:37.812	0.96826	0.96826			6
2024.06.05	02:05:37.989	0.96825	0.96825			6
2024.06.05	02:05:48.140	0.96824	0.96824			6
2024.06.05	02:05:48.170	0.96825	0.96825			6
2024.06.05	02:05:49.002	0.96823	0.96823			6
2024.06.05	02:05:49.031	0.96822	0.96822			6
2024.06.05	02:05:49.123	0.96821	0.96821			6
2024.06.05	02:05:49.152	0.96820	0.96820			6
2024.06.05	02:05:50.203	0.96821	0.96821			6
2024.06.05	02:05:50.326	0.96820	0.96820			6
2024.06.05	02:05:50.447	0.96821	0.96821			6
2024.06.05	02:05:50.508	0.96820	0.96820			6
2024.06.05	02:05:50.808	0.96821	0.96821			6
2024.06.05	02:05:51.238	0.96820	0.96820			6
2024.06.05	02:06:04.715	0.96819	0.96819			6
2024.06.05	02:06:08.787	0.96818	0.96818			6
2024.06.05	02:06:08.847	0.96817	0.96817			6
2024.06.05	02:06:09.207	0.96818	0.96818			6
2024.06.05	02:06:10.904	0.96819	0.96819			6
2024.06.05	02:06:11.024	0.96820	0.96820			6
2024.06.05	02:06:14.102	0.96821	0.96821			6
2024.06.05	02:06:17.175	0.96820	0.96820			6
2024.06.05	02:06:18.065	0.96821	0.96821			6
2024.06.05	02:06:20.922	0.96820	0.96820			6
2024.06.05	02:06:20.953	0.96821	0.96821			6
2024.06.05	02:06:29.128	0.96823	0.96823			6
2024.06.05	02:06:29.371	0.96824	0.96824			6
2024.06.05	02:06:29.461	0.96823	0.96823			6
2024.06.05	02:06:30.817	0.96822	0.96822			6
2024.06.05	02:06:31.161	0.96823	0.96823			6
2024.06.05	02:06:34.975	0.96822	0.96822			6
2024.06.05	02:06:38.780	0.96823	0.96823			6
2024.06.05	02:06:44.057	0.96824	0.96824			6
2024.06.05	02:07:00.988	0.96823	0.96823			6
2024.06.05	02:07:04.065	0.96824	0.96824			6
2024.06.05	02:07:22.469	0.96825	0.96825			6
2024.06.05	02:07:22.500	0.96826	0.96826			6
2024.06.05	02:07:24.002	0.96825	0.96825			6
2024.06.05	02:07:26.252	0.96826	0.96826			6
2024.06.05	02:07:30.229	0.96825	0.96825			6
2024.06.05	02:07:35.383	0.96826	0.96826			6
2024.06.05	02:07:35.621	0.96827	0.96827			6
2024.06.05	02:07:36.375	0.96826	0.96826			6
2024.06.05	02:07:39.858	0.96827	0.96827			6
2024.06.05	02:07:40.069	0.96826	0.96826			6
2024.06.05	02:07:42.279	0.96825	0.96825			6
2024.06.05	02:07:42.309	0.96824	0.96824			6
2024.06.05	02:07:46.612	0.96825	0.96825			6
2024.06.05	02:07:49.083	0.96827	0.96827			6
2024.06.05	02:07:50.358	0.96826	0.96826			6
2024.06.05	02:07:59.526	0.96825	0.96825			6
2024.06.05	02:07:59.800	0.96826	0.96826			6
2024.06.05	02:08:06.290	0.96826				2
2024.06.05	02:08:07.337	0.96825	0.96825			6
2024.06.05	02:08:07.429	0.96826	0.96826			6
2024.06.05	02:08:07.459	0.96825	0.96825			6
2024.06.05	02:08:08.268	0.96826	0.96826			6
2024.06.05	02:08:08.299	0.96827	0.96827			6
2024.06.05	02:08:08.358	0.96826	0.96826			6
2024.06.05	02:08:21.496	0.96825	0.96825			6
2024.06.05	02:08:27.680	0.96824	0.96824			6
2024.06.05	02:08:27.740	0.96825	0.96825			6
2024.06.05	02:08:28.100	0.96824	0.96824			6
2024.06.05	02:08:32.858	0.96825	0.96825			6
2024.06.05	02:08:33.304	0.96824	0.96824			6
2024.06.05	02:08:34.145	0.96825	0.96825			6
2024.06.05	02:08:59.463	0.96824	0.96824			6
2024.06.05	02:08:59.864	0.96823	0.96823			6
2024.06.05	02:09:07.487	0.96823				2
2024.06.05	02:09:45.466	0.96825	0.96825			6
2024.06.05	02:09:45.758	0.96823	0.96823			6
2024.06.05	02:10:01.389	0.96822	0.96822			6
2024.06.05	02:10:01.569	0.96823	0.96823			6
2024.06.05	02:10:02.654	0.96822	0.96822			6
2024.06.05	02:10:02.715	0.96823	0.96823			6
2024.06.05	02:10:14.504	0.96821	0.96821			6
2024.06.05	02:10:14.534	0.96823	0.96823			6
2024.06.05	02:10:15.397	0.96822	0.96822			6
2024.06.05	02:10:15.673	0.96821	0.96821			6
2024.06.05	02:10:16.859	0.96822	0.96822			6
2024.06.05	02:10:48.498	0.96823	0.96823			6
2024.06.05	02:10:48.753	0.96822	0.96822			6
2024.06.05	02:10:50.303	0.96823	0.96823			6
2024.06.05	02:10:50.593	0.96822	0.96822			6
2024.06.05	02:11:17.290	0.96822				2
2024.06.05	02:11:20.114	0.96821	0.96821			6
2024.06.05	02:11:33.218	0.96822	0.96822			6
2024.06.05	02:11:34.398	0.96821	0.96821			6
2024.06.05	02:11:42.708	0.96822	0.96822			6
2024.06.05	02:11:42.769	0.96821	0.96821			6
2024.06.05	02:11:42.889	0.96822	0.96822			6
2024.06.05	02:11:42.958	0.96821	0.96821			6
2024.06.05	02:11:43.081	0.96822	0.96822			6
2024.06.05	02:12:27.598	0.96822				2
2024.06.05	02:12:30.720	0.96823	0.96823			6
