<DATE>	<TIME>	<BID>	<ASK>	<LAST>	<VOLUME>	<FLAGS>
2024.07.16	00:00:03.306	0.97593	0.97593			6
2024.07.16	00:00:04.455	0.97583	0.97583			6
2024.07.16	00:00:25.771	0.97592	0.97592			6
2024.07.16	00:00:33.060	0.97590	0.97590			6
2024.07.16	00:01:03.891	0.97583	0.97583			6
2024.07.16	00:01:08.479	0.97590	0.97590			6
2024.07.16	00:01:09.129	0.97583	0.97583			6
2024.07.16	00:02:56.653	0.97582	0.97582			6
2024.07.16	00:02:57.411	0.97583	0.97583			6
2024.07.16	00:03:04.358	0.97588	0.97588			6
2024.07.16	00:03:04.387	0.97582	0.97582			6
2024.07.16	00:03:05.058	0.97584	0.97584			6
2024.07.16	00:03:05.119	0.97585	0.97585			6
2024.07.16	00:04:56.488	0.97590	0.97590			6
2024.07.16	00:04:56.578	0.97585	0.97585			6
2024.07.16	00:04:56.711	0.97590	0.97590			6
2024.07.16	00:04:56.792	0.97585	0.97585			6
2024.07.16	00:04:56.926	0.97590	0.97590			6
2024.07.16	00:04:56.996	0.97585	0.97585			6
2024.07.16	00:04:57.130	0.97590	0.97590			6
2024.07.16	00:04:57.241	0.97585	0.97585			6
2024.07.16	00:04:57.343	0.97590	0.97590			6
2024.07.16	00:04:57.449	0.97585	0.97585			6
2024.07.16	00:04:57.548	0.97590	0.97590			6
2024.07.16	00:04:57.659	0.97585	0.97585			6
2024.07.16	00:05:00.342	0.97594	0.97594			6
2024.07.16	00:05:01.558	0.97593	0.97593			6
2024.07.16	00:05:02.680	0.97595	0.97595			6
2024.07.16	00:05:09.330	0.97588	0.97588			6
2024.07.16	00:05:10.112	0.97587	0.97587			6
2024.07.16	00:05:43.904	0.97591	0.97591			6
2024.07.16	00:05:43.964	0.97590	0.97590			6
2024.07.16	00:06:10.078	0.97601	0.97601			6
2024.07.16	00:06:20.660	0.97605	0.97605			6
2024.07.16	00:08:11.095	0.97606	0.97606			6
2024.07.16	00:08:11.125	0.97608	0.97608			6
2024.07.16	00:09:03.630	0.97606	0.97606			6
2024.07.16	00:09:03.660	0.97598	0.97598			6
2024.07.16	00:09:04.456	0.97601	0.97601			6
2024.07.16	00:09:15.568	0.97602	0.97602			6
2024.07.16	00:10:10.071	0.97597	0.97597			6
2024.07.16	00:10:10.111	0.97592	0.97592			6
2024.07.16	00:10:16.088	0.97593	0.97593			6
2024.07.16	00:10:20.647	0.97592	0.97592			6
2024.07.16	00:11:03.990	0.97602	0.97602			6
2024.07.16	00:11:04.885	0.97601	0.97601			6
2024.07.16	00:11:11.163	0.97594	0.97594			6
2024.07.16	00:11:11.198	0.97593	0.97593			6
2024.07.16	00:11:11.223	0.97592	0.97592			6
2024.07.16	00:11:11.253	0.97591	0.97591			6
2024.07.16	00:11:13.097	0.97589	0.97589			6
2024.07.16	00:11:43.908	0.97587	0.97587			6
2024.07.16	00:11:44.895	0.97584	0.97584			6
2024.07.16	00:11:45.905	0.97587	0.97587			6
2024.07.16	00:12:08.677	0.97581	0.97581			6
2024.07.16	00:12:10.641	0.97586	0.97586			6
2024.07.16	00:12:39.097	0.97585	0.97585			6
2024.07.16	00:12:39.186	0.97584	0.97584			6
2024.07.16	00:13:31.077	0.97576	0.97576			6
2024.07.16	00:13:31.107	0.97575	0.97575			6
2024.07.16	00:13:43.876	0.97578	0.97578			6
2024.07.16	00:13:43.906	0.97579	0.97579			6
2024.07.16	00:13:53.856	0.97580	0.97580			6
2024.07.16	00:14:10.077	0.97587	0.97587			6
2024.07.16	00:14:42.738	0.97586	0.97586			6
2024.07.16	00:14:45.031	0.97587	0.97587			6
2024.07.16	00:15:02.378	0.97588	0.97588			6
2024.07.16	00:16:04.215	0.97587	0.97587			6
2024.07.16	00:16:05.310	0.97588	0.97588			6
2024.07.16	00:16:06.770	0.97589	0.97589			6
2024.07.16	00:16:07.644	0.97588	0.97588			6
2024.07.16	00:16:07.774	0.97589	0.97589			6
2024.07.16	00:16:08.713	0.97588	0.97588			6
2024.07.16	00:16:24.934	0.97589	0.97589			6
2024.07.16	00:16:31.986	0.97588	0.97588			6
2024.07.16	00:16:32.379	0.97589	0.97589			6
2024.07.16	00:16:34.404	0.97588	0.97588			6
2024.07.16	00:16:35.869	0.97589	0.97589			6
2024.07.16	00:16:42.477	0.97588	0.97588			6
2024.07.16	00:16:52.957	0.97589	0.97589			6
2024.07.16	00:16:57.479	0.97588	0.97588			6
2024.07.16	00:17:01.570	0.97589	0.97589			6
2024.07.16	00:17:02.560	0.97588	0.97588			6
2024.07.16	00:17:06.602	0.97589	0.97589			6
2024.07.16	00:17:08.255	0.97588	0.97588			6
2024.07.16	00:17:09.607	0.97589	0.97589			6
2024.07.16	00:17:09.787	0.97588	0.97588			6
2024.07.16	00:17:11.670	0.97589	0.97589			6
2024.07.16	00:18:44.374	0.97588	0.97588			6
2024.07.16	00:18:44.404	0.97590	0.97590			6
2024.07.16	00:18:45.775	0.97589	0.97589			6
2024.07.16	00:18:47.314	0.97590	0.97590			6
2024.07.16	00:18:47.376	0.97588	0.97588			6
2024.07.16	00:18:47.405	0.97589	0.97589			6
2024.07.16	00:18:52.475	0.97590	0.97590			6
2024.07.16	00:18:52.598	0.97593	0.97593			6
2024.07.16	00:18:52.627	0.97595	0.97595			6
2024.07.16	00:18:52.994	0.97594	0.97594			6
2024.07.16	00:18:53.852	0.97593	0.97593			6
2024.07.16	00:19:00.840	0.97595	0.97595			6
2024.07.16	00:19:00.870	0.97593	0.97593			6
2024.07.16	00:19:00.930	0.97596	0.97596			6
2024.07.16	00:19:09.446	0.97593	0.97593			6
2024.07.16	00:19:09.538	0.97590	0.97590			6
2024.07.16	00:19:38.473	0.97589	0.97589			6
2024.07.16	00:19:40.813	0.97590	0.97590			6
2024.07.16	00:19:46.444	0.97589	0.97589			6
2024.07.16	00:19:47.427	0.97590	0.97590			6
2024.07.16	00:19:49.459	0.97589	0.97589			6
2024.07.16	00:19:50.343	0.97590	0.97590			6
2024.07.16	00:19:52.460	0.97589	0.97589			6
2024.07.16	00:19:53.419	0.97590	0.97590			6
2024.07.16	00:19:56.317	0.97589	0.97589			6
2024.07.16	00:19:56.483	0.97590	0.97590			6
2024.07.16	00:19:58.826	0.97589	0.97589			6
2024.07.16	00:19:59.428	0.97590	0.97590			6
2024.07.16	00:20:02.306	0.97589	0.97589			6
2024.07.16	00:20:02.915	0.97590	0.97590			6
2024.07.16	00:20:13.697	0.97595	0.97595			6
2024.07.16	00:20:14.451	0.97594	0.97594			6
2024.07.16	00:20:16.714	0.97595	0.97595			6
2024.07.16	00:20:17.442	0.97594	0.97594			6
2024.07.16	00:20:20.431	0.97593	0.97593			6
2024.07.16	00:20:22.362	0.97594	0.97594			6
2024.07.16	00:20:22.715	0.97595	0.97595			6
2024.07.16	00:20:22.775	0.97594	0.97594			6
2024.07.16	00:20:23.427	0.97593	0.97593			6
2024.07.16	00:20:25.715	0.97595	0.97595			6
2024.07.16	00:20:26.430	0.97594	0.97594			6
2024.07.16	00:20:35.030	0.97593	0.97593			6
2024.07.16	00:20:37.901	0.97594	0.97594			6
2024.07.16	00:20:37.990	0.97595	0.97595			6
2024.07.16	00:20:38.440	0.97593	0.97593			6
2024.07.16	00:20:40.879	0.97594	0.97594			6
2024.07.16	00:20:45.288	0.97593	0.97593			6
2024.07.16	00:21:35.126	0.97595	0.97595			6
2024.07.16	00:21:36.164	0.97593	0.97593			6
2024.07.16	00:21:44.254	0.97594	0.97594			6
2024.07.16	00:22:13.953	0.97593	0.97593			6
2024.07.16	00:23:08.716	0.97592	0.97592			6
2024.07.16	00:23:22.798	0.97593	0.97593			6
2024.07.16	00:24:12.171	0.97594	0.97594			6
2024.07.16	00:24:12.201	0.97596	0.97596			6
2024.07.16	00:25:02.506	0.97603	0.97603			6
2024.07.16	00:25:08.311	0.97602	0.97602			6
2024.07.16	00:25:08.340	0.97603	0.97603			6
2024.07.16	00:25:14.555	0.97602	0.97602			6
2024.07.16	00:25:14.583	0.97603	0.97603			6
2024.07.16	00:25:14.613	0.97602	0.97602			6
2024.07.16	00:25:14.763	0.97603	0.97603			6
2024.07.16	00:25:17.333	0.97602	0.97602			6
2024.07.16	00:25:19.532	0.97603	0.97603			6
2024.07.16	00:27:12.795	0.97604	0.97604			6
2024.07.16	00:27:13.293	0.97603	0.97603			6
2024.07.16	00:28:59.417	0.97605	0.97605			6
2024.07.16	00:29:03.172	0.97604	0.97604			6
2024.07.16	00:29:05.474	0.97605	0.97605			6
2024.07.16	00:29:21.157	0.97606	0.97606			6
2024.07.16	00:29:23.806	0.97604	0.97604			6
2024.07.16	00:29:23.836	0.97605	0.97605			6
2024.07.16	00:29:24.983	0.97604	0.97604			6
2024.07.16	00:29:25.014	0.97606	0.97606			6
2024.07.16	00:29:27.452	0.97605	0.97605			6
2024.07.16	00:30:00.049	0.97599	0.97599			6
2024.07.16	00:30:00.109	0.97601	0.97601			6
2024.07.16	00:30:00.138	0.97597	0.97597			6
2024.07.16	00:30:01.081	0.97605	0.97605			6
2024.07.16	00:30:08.715	0.97599	0.97599			6
2024.07.16	00:30:29.266	0.97598	0.97598			6
2024.07.16	00:30:29.426	0.97597	0.97597			6
2024.07.16	00:30:34.881	0.97598	0.97598			6
2024.07.16	00:30:37.122	0.97599	0.97599			6
2024.07.16	00:30:41.365	0.97600	0.97600			6
2024.07.16	00:30:46.850	0.97601	0.97601			6
2024.07.16	00:30:46.881	0.97600	0.97600			6
2024.07.16	00:30:55.065	0.97599	0.97599			6
2024.07.16	00:31:04.876	0.97600	0.97600			6
2024.07.16	00:31:16.043	0.97597	0.97597			6
2024.07.16	00:31:19.618	0.97599	0.97599			6
2024.07.16	00:31:21.480	0.97600	0.97600			6
2024.07.16	00:31:21.784	0.97597	0.97597			6
2024.07.16	00:31:21.814	0.97595	0.97595			6
2024.07.16	00:31:21.874	0.97590	0.97590			6
2024.07.16	00:31:21.934	0.97593	0.97593			6
2024.07.16	00:31:21.965	0.97591	0.97591			6
2024.07.16	00:31:22.846	0.97592	0.97592			6
2024.07.16	00:31:24.480	0.97591	0.97591			6
2024.07.16	00:31:25.164	0.97593	0.97593			6
2024.07.16	00:31:25.195	0.97594	0.97594			6
2024.07.16	00:31:26.359	0.97593	0.97593			6
2024.07.16	00:31:26.389	0.97592	0.97592			6
2024.07.16	00:31:26.453	0.97593	0.97593			6
2024.07.16	00:31:27.936	0.97592	0.97592			6
2024.07.16	00:31:28.220	0.97593	0.97593			6
2024.07.16	00:31:51.400	0.97597	0.97597			6
2024.07.16	00:31:51.460	0.97598	0.97598			6
2024.07.16	00:31:51.491	0.97599	0.97599			6
2024.07.16	00:31:51.972	0.97598	0.97598			6
2024.07.16	00:31:55.527	0.97597	0.97597			6
2024.07.16	00:31:57.242	0.97598	0.97598			6
2024.07.16	00:31:58.320	0.97599	0.97599			6
2024.07.16	00:32:00.101	0.97598	0.97598			6
2024.07.16	00:32:01.509	0.97599	0.97599			6
2024.07.16	00:32:06.939	0.97598	0.97598			6
2024.07.16	00:32:06.970	0.97597	0.97597			6
2024.07.16	00:32:21.861	0.97598	0.97598			6
2024.07.16	00:32:33.776	0.97597	0.97597			6
2024.07.16	00:32:42.128	0.97598	0.97598			6
2024.07.16	00:32:51.519	0.97597	0.97597			6
2024.07.16	00:32:54.510	0.97595	0.97595			6
2024.07.16	00:33:22.513	0.97595				2
2024.07.16	00:33:39.176	0.97596	0.97596			6
2024.07.16	00:33:48.455	0.97595	0.97595			6
2024.07.16	00:33:58.907	0.97596	0.97596			6
2024.07.16	00:33:58.936	0.97595	0.97595			6
2024.07.16	00:34:03.949	0.97593	0.97593			6
2024.07.16	00:34:10.944	0.97586	0.97586			6
2024.07.16	00:34:11.462	0.97585	0.97585			6
2024.07.16	00:34:12.692	0.97586	0.97586			6
2024.07.16	00:34:13.200	0.97589	0.97589			6
2024.07.16	00:34:19.295	0.97588	0.97588			6
2024.07.16	00:34:19.904	0.97589	0.97589			6
2024.07.16	00:34:25.876	0.97588	0.97588			6
2024.07.16	00:34:25.967	0.97590	0.97590			6
2024.07.16	00:34:26.028	0.97588	0.97588			6
2024.07.16	00:34:26.179	0.97589	0.97589			6
2024.07.16	00:34:26.208	0.97587	0.97587			6
2024.07.16	00:34:26.279	0.97589	0.97589			6
2024.07.16	00:34:28.963	0.97590	0.97590			6
2024.07.16	00:34:39.172	0.97589	0.97589			6
2024.07.16	00:34:40.592	0.97591	0.97591			6
2024.07.16	00:34:43.341	0.97590	0.97590			6
2024.07.16	00:34:43.430	0.97589	0.97589			6
2024.07.16	00:34:43.461	0.97588	0.97588			6
2024.07.16	00:34:43.491	0.97590	0.97590			6
2024.07.16	00:34:43.521	0.97588	0.97588			6
2024.07.16	00:34:43.641	0.97590	0.97590			6
2024.07.16	00:34:43.671	0.97588	0.97588			6
2024.07.16	00:34:43.706	0.97590	0.97590			6
2024.07.16	00:34:43.737	0.97588	0.97588			6
2024.07.16	00:34:45.643	0.97590	0.97590			6
2024.07.16	00:34:58.938	0.97591	0.97591			6
2024.07.16	00:35:01.947	0.97590	0.97590			6
2024.07.16	00:35:02.007	0.97592	0.97592			6
2024.07.16	00:35:02.067	0.97589	0.97589			6
2024.07.16	00:35:02.097	0.97592	0.97592			6
2024.07.16	00:35:02.159	0.97593	0.97593			6
2024.07.16	00:35:02.188	0.97592	0.97592			6
2024.07.16	00:35:02.218	0.97590	0.97590			6
2024.07.16	00:35:02.248	0.97588	0.97588			6
2024.07.16	00:35:02.308	0.97592	0.97592			6
2024.07.16	00:35:04.293	0.97591	0.97591			6
2024.07.16	00:35:04.500	0.97592	0.97592			6
2024.07.16	00:35:04.596	0.97591	0.97591			6
2024.07.16	00:35:04.626	0.97589	0.97589			6
2024.07.16	00:35:04.656	0.97590	0.97590			6
2024.07.16	00:35:04.685	0.97588	0.97588			6
2024.07.16	00:35:04.719	0.97589	0.97589			6
2024.07.16	00:35:04.750	0.97588	0.97588			6
2024.07.16	00:35:04.841	0.97589	0.97589			6
2024.07.16	00:35:04.870	0.97592	0.97592			6
2024.07.16	00:35:15.145	0.97591	0.97591			6
2024.07.16	00:35:15.175	0.97589	0.97589			6
2024.07.16	00:35:15.204	0.97590	0.97590			6
2024.07.16	00:35:15.236	0.97589	0.97589			6
2024.07.16	00:35:15.275	0.97590	0.97590			6
2024.07.16	00:35:15.307	0.97589	0.97589			6
2024.07.16	00:35:15.355	0.97590	0.97590			6
2024.07.16	00:35:15.385	0.97592	0.97592			6
2024.07.16	00:35:20.339	0.97591	0.97591			6
2024.07.16	00:35:20.368	0.97589	0.97589			6
2024.07.16	00:35:20.428	0.97591	0.97591			6
2024.07.16	00:35:20.457	0.97590	0.97590			6
2024.07.16	00:35:20.488	0.97591	0.97591			6
2024.07.16	00:35:20.519	0.97589	0.97589			6
2024.07.16	00:35:20.940	0.97592	0.97592			6
2024.07.16	00:35:23.687	0.97593	0.97593			6
2024.07.16	00:36:10.662	0.97601	0.97601			6
2024.07.16	00:36:10.692	0.97593	0.97593			6
2024.07.16	00:37:06.787	0.97592	0.97592			6
2024.07.16	00:37:06.817	0.97591	0.97591			6
2024.07.16	00:37:19.714	0.97592	0.97592			6
2024.07.16	00:37:33.753	0.97593	0.97593			6
2024.07.16	00:37:35.119	0.97586	0.97586			6
2024.07.16	00:37:36.992	0.97585	0.97585			6
2024.07.16	00:37:46.755	0.97587	0.97587			6
2024.07.16	00:37:49.576	0.97586	0.97586			6
2024.07.16	00:37:51.108	0.97587	0.97587			6
2024.07.16	00:37:51.139	0.97590	0.97590			6
2024.07.16	00:38:05.606	0.97588	0.97588			6
2024.07.16	00:38:29.817	0.97590	0.97590			6
2024.07.16	00:38:29.906	0.97589	0.97589			6
2024.07.16	00:38:30.200	0.97588	0.97588			6
2024.07.16	00:38:59.941	0.97589	0.97589			6
2024.07.16	00:39:00.002	0.97588	0.97588			6
2024.07.16	00:40:02.110	0.97587	0.97587			6
2024.07.16	00:40:02.206	0.97588	0.97588			6
2024.07.16	00:40:09.524	0.97586	0.97586			6
2024.07.16	00:40:09.553	0.97588	0.97588			6
2024.07.16	00:40:10.008	0.97587	0.97587			6
2024.07.16	00:40:21.752	0.97586	0.97586			6
2024.07.16	00:40:22.563	0.97587	0.97587			6
2024.07.16	00:40:22.593	0.97586	0.97586			6
2024.07.16	00:40:25.805	0.97588	0.97588			6
2024.07.16	00:40:37.626	0.97592	0.97592			6
2024.07.16	00:40:39.810	0.97591	0.97591			6
2024.07.16	00:40:55.291	0.97592	0.97592			6
2024.07.16	00:40:58.334	0.97593	0.97593			6
2024.07.16	00:40:58.364	0.97592	0.97592			6
2024.07.16	00:40:59.302	0.97596	0.97596			6
2024.07.16	00:40:59.332	0.97592	0.97592			6
2024.07.16	00:41:07.688	0.97595	0.97595			6
2024.07.16	00:41:07.719	0.97592	0.97592			6
2024.07.16	00:41:14.551	0.97593	0.97593			6
2024.07.16	00:41:33.751	0.97592	0.97592			6
2024.07.16	00:42:01.059	0.97596	0.97596			6
2024.07.16	00:42:01.090	0.97589	0.97589			6
2024.07.16	00:42:01.120	0.97590	0.97590			6
2024.07.16	00:42:01.150	0.97585	0.97585			6
2024.07.16	00:42:03.823	0.97586	0.97586			6
2024.07.16	00:42:12.867	0.97585	0.97585			6
2024.07.16	00:42:45.808	0.97586	0.97586			6
2024.07.16	00:42:58.443	0.97585	0.97585			6
2024.07.16	00:43:01.165	0.97584	0.97584			6
2024.07.16	00:43:01.226	0.97587	0.97587			6
2024.07.16	00:43:51.060	0.97588	0.97588			6
2024.07.16	00:43:51.329	0.97589	0.97589			6
2024.07.16	00:43:51.360	0.97588	0.97588			6
2024.07.16	00:43:53.332	0.97594	0.97594			6
2024.07.16	00:43:54.387	0.97593	0.97593			6
2024.07.16	00:44:24.427	0.97594	0.97594			6
2024.07.16	00:44:32.436	0.97591	0.97591			6
2024.07.16	00:44:41.258	0.97592	0.97592			6
2024.07.16	00:44:56.489	0.97593	0.97593			6
2024.07.16	00:45:02.066	0.97592	0.97592			6
2024.07.16	00:45:02.097	0.97594	0.97594			6
2024.07.16	00:45:02.556	0.97592	0.97592			6
2024.07.16	00:45:02.587	0.97597	0.97597			6
2024.07.16	00:45:03.813	0.97593	0.97593			6
2024.07.16	00:45:03.843	0.97592	0.97592			6
2024.07.16	00:45:03.873	0.97596	0.97596			6
2024.07.16	00:45:06.824	0.97592	0.97592			6
2024.07.16	00:45:12.988	0.97596	0.97596			6
2024.07.16	00:45:29.783	0.97595	0.97595			6
2024.07.16	00:45:31.117	0.97593	0.97593			6
2024.07.16	00:45:31.178	0.97591	0.97591			6
2024.07.16	00:46:16.967	0.97590	0.97590			6
2024.07.16	00:46:39.478	0.97591	0.97591			6
2024.07.16	00:47:01.534	0.97602	0.97602			6
2024.07.16	00:47:01.564	0.97610	0.97610			6
2024.07.16	00:47:01.594	0.97607	0.97607			6
2024.07.16	00:47:01.996	0.97604	0.97604			6
2024.07.16	00:47:05.257	0.97605	0.97605			6
2024.07.16	00:47:06.159	0.97609	0.97609			6
2024.07.16	00:47:06.370	0.97597	0.97597			6
2024.07.16	00:47:06.430	0.97601	0.97601			6
2024.07.16	00:47:06.460	0.97614	0.97614			6
2024.07.16	00:47:06.519	0.97616	0.97616			6
2024.07.16	00:47:06.550	0.97617	0.97617			6
2024.07.16	00:47:06.580	0.97614	0.97614			6
2024.07.16	00:47:07.208	0.97613	0.97613			6
2024.07.16	00:47:10.058	0.97614	0.97614			6
2024.07.16	00:47:10.945	0.97613	0.97613			6
2024.07.16	00:47:10.975	0.97612	0.97612			6
2024.07.16	00:47:11.377	0.97611	0.97611			6
2024.07.16	00:47:11.704	0.97612	0.97612			6
2024.07.16	00:47:11.898	0.97613	0.97613			6
2024.07.16	00:47:12.188	0.97612	0.97612			6
2024.07.16	00:47:14.223	0.97614	0.97614			6
2024.07.16	00:47:14.282	0.97615	0.97615			6
2024.07.16	00:47:14.311	0.97614	0.97614			6
2024.07.16	00:47:14.857	0.97615	0.97615			6
2024.07.16	00:47:15.779	0.97614	0.97614			6
2024.07.16	00:47:15.840	0.97615	0.97615			6
2024.07.16	00:47:19.263	0.97613	0.97613			6
2024.07.16	00:47:19.354	0.97611	0.97611			6
2024.07.16	00:47:19.680	0.97603	0.97603			6
2024.07.16	00:47:19.989	0.97602	0.97602			6
2024.07.16	00:47:21.393	0.97601	0.97601			6
2024.07.16	00:47:21.423	0.97591	0.97591			6
2024.07.16	00:47:25.209	0.97586	0.97586			6
2024.07.16	00:47:26.139	0.97584	0.97584			6
2024.07.16	00:47:26.167	0.97583	0.97583			6
2024.07.16	00:47:26.198	0.97584	0.97584			6
2024.07.16	00:47:26.228	0.97586	0.97586			6
2024.07.16	00:47:26.873	0.97587	0.97587			6
2024.07.16	00:47:28.971	0.97586	0.97586			6
2024.07.16	00:47:29.000	0.97585	0.97585			6
2024.07.16	00:47:29.066	0.97582	0.97582			6
2024.07.16	00:47:29.156	0.97581	0.97581			6
2024.07.16	00:47:29.215	0.97583	0.97583			6
2024.07.16	00:47:29.245	0.97586	0.97586			6
2024.07.16	00:47:29.276	0.97590	0.97590			6
2024.07.16	00:47:29.336	0.97583	0.97583			6
2024.07.16	00:47:29.366	0.97584	0.97584			6
2024.07.16	00:47:29.882	0.97585	0.97585			6
2024.07.16	00:47:32.235	0.97584	0.97584			6
2024.07.16	00:47:32.264	0.97587	0.97587			6
2024.07.16	00:47:32.334	0.97586	0.97586			6
2024.07.16	00:47:32.423	0.97585	0.97585			6
2024.07.16	00:47:32.453	0.97584	0.97584			6
2024.07.16	00:47:32.483	0.97586	0.97586			6
2024.07.16	00:47:32.884	0.97587	0.97587			6
2024.07.16	00:47:35.416	0.97583	0.97583			6
2024.07.16	00:47:35.476	0.97581	0.97581			6
2024.07.16	00:47:35.586	0.97582	0.97582			6
2024.07.16	00:47:35.616	0.97581	0.97581			6
2024.07.16	00:47:35.677	0.97585	0.97585			6
2024.07.16	00:47:35.707	0.97598	0.97598			6
2024.07.16	00:47:35.737	0.97600	0.97600			6
2024.07.16	00:47:35.766	0.97599	0.97599			6
2024.07.16	00:47:35.796	0.97596	0.97596			6
2024.07.16	00:47:35.826	0.97595	0.97595			6
2024.07.16	00:47:36.000	0.97596	0.97596			6
2024.07.16	00:47:36.218	0.97595	0.97595			6
2024.07.16	00:47:37.821	0.97592	0.97592			6
2024.07.16	00:47:37.887	0.97593	0.97593			6
2024.07.16	00:47:37.946	0.97592	0.97592			6
2024.07.16	00:47:37.977	0.97595	0.97595			6
2024.07.16	00:47:38.127	0.97594	0.97594			6
2024.07.16	00:47:40.285	0.97595	0.97595			6
2024.07.16	00:47:40.604	0.97584	0.97584			6
2024.07.16	00:47:40.664	0.97587	0.97587			6
2024.07.16	00:47:40.695	0.97588	0.97588			6
2024.07.16	00:47:40.724	0.97589	0.97589			6
2024.07.16	00:47:40.785	0.97590	0.97590			6
2024.07.16	00:47:40.816	0.97602	0.97602			6
2024.07.16	00:47:40.845	0.97601	0.97601			6
2024.07.16	00:47:40.874	0.97600	0.97600			6
2024.07.16	00:47:41.478	0.97601	0.97601			6
2024.07.16	00:47:41.508	0.97606	0.97606			6
2024.07.16	00:47:41.737	0.97598	0.97598			6
2024.07.16	00:47:41.767	0.97599	0.97599			6
2024.07.16	00:47:42.125	0.97618	0.97618			6
2024.07.16	00:47:42.552	0.97628	0.97628			6
2024.07.16	00:47:43.083	0.97617	0.97617			6
2024.07.16	00:47:43.130	0.97627	0.97627			6
2024.07.16	00:47:43.680	0.97626	0.97626			6
2024.07.16	00:47:43.745	0.97623	0.97623			6
2024.07.16	00:47:45.475	0.97615	0.97615			6
2024.07.16	00:47:45.535	0.97623	0.97623			6
2024.07.16	00:47:45.595	0.97616	0.97616			6
2024.07.16	00:47:45.625	0.97617	0.97617			6
2024.07.16	00:47:45.656	0.97618	0.97618			6
2024.07.16	00:47:46.799	0.97617	0.97617			6
2024.07.16	00:47:46.828	0.97618	0.97618			6
2024.07.16	00:47:47.350	0.97617	0.97617			6
2024.07.16	00:47:47.815	0.97618	0.97618			6
2024.07.16	00:47:47.905	0.97625	0.97625			6
2024.07.16	00:47:47.935	0.97619	0.97619			6
2024.07.16	00:47:47.995	0.97620	0.97620			6
2024.07.16	00:47:48.025	0.97619	0.97619			6
2024.07.16	00:47:48.389	0.97620	0.97620			6
2024.07.16	00:47:48.688	0.97619	0.97619			6
2024.07.16	00:47:51.052	0.97628	0.97628			6
2024.07.16	00:47:51.410	0.97627	0.97627			6
2024.07.16	00:47:51.440	0.97619	0.97619			6
2024.07.16	00:47:51.500	0.97620	0.97620			6
2024.07.16	00:47:53.287	0.97619	0.97619			6
2024.07.16	00:47:55.602	0.97620	0.97620			6
2024.07.16	00:47:55.956	0.97619	0.97619			6
2024.07.16	00:47:56.089	0.97620	0.97620			6
2024.07.16	00:47:56.148	0.97618	0.97618			6
2024.07.16	00:47:58.273	0.97619	0.97619			6
2024.07.16	00:47:58.362	0.97620	0.97620			6
2024.07.16	00:47:58.646	0.97619	0.97619			6
2024.07.16	00:47:59.873	0.97620	0.97620			6
2024.07.16	00:48:04.048	0.97619	0.97619			6
2024.07.16	00:48:04.580	0.97620	0.97620			6
2024.07.16	00:48:07.935	0.97619	0.97619			6
2024.07.16	00:48:08.891	0.97620	0.97620			6
2024.07.16	00:48:10.975	0.97619	0.97619			6
2024.07.16	00:48:11.900	0.97624	0.97624			6
2024.07.16	00:48:12.173	0.97618	0.97618			6
2024.07.16	00:48:12.201	0.97619	0.97619			6
2024.07.16	00:48:12.262	0.97618	0.97618			6
2024.07.16	00:48:13.285	0.97619	0.97619			6
2024.07.16	00:48:13.344	0.97623	0.97623			6
2024.07.16	00:48:13.706	0.97622	0.97622			6
2024.07.16	00:48:13.796	0.97618	0.97618			6
2024.07.16	00:48:13.826	0.97619	0.97619			6
2024.07.16	00:48:13.976	0.97618	0.97618			6
2024.07.16	00:48:14.320	0.97619	0.97619			6
2024.07.16	00:48:14.788	0.97620	0.97620			6
2024.07.16	00:48:14.878	0.97619	0.97619			6
2024.07.16	00:48:15.087	0.97620	0.97620			6
2024.07.16	00:48:15.148	0.97619	0.97619			6
2024.07.16	00:48:15.207	0.97620	0.97620			6
2024.07.16	00:48:15.497	0.97619	0.97619			6
2024.07.16	00:48:17.702	0.97620	0.97620			6
2024.07.16	00:48:19.556	0.97571	0.97571			6
2024.07.16	00:48:20.696	0.97572	0.97572			6
2024.07.16	00:48:20.755	0.97573	0.97573			6
2024.07.16	00:48:21.406	0.97574	0.97574			6
2024.07.16	00:48:22.964	0.97573	0.97573			6
2024.07.16	00:48:23.222	0.97571	0.97571			6
2024.07.16	00:48:23.253	0.97568	0.97568			6
2024.07.16	00:48:23.710	0.97569	0.97569			6
2024.07.16	00:48:25.207	0.97571	0.97571			6
2024.07.16	00:48:25.297	0.97569	0.97569			6
2024.07.16	00:48:25.928	0.97568	0.97568			6
2024.07.16	00:48:27.054	0.97569	0.97569			6
2024.07.16	00:48:28.198	0.97570	0.97570			6
2024.07.16	00:48:28.629	0.97569	0.97569			6
2024.07.16	00:48:29.124	0.97568	0.97568			6
2024.07.16	00:48:30.491	0.97570	0.97570			6
2024.07.16	00:48:31.017	0.97571	0.97571			6
2024.07.16	00:48:32.134	0.97570	0.97570			6
2024.07.16	00:48:38.581	0.97591	0.97591			6
2024.07.16	00:48:40.053	0.97592	0.97592			6
2024.07.16	00:48:41.250	0.97591	0.97591			6
2024.07.16	00:48:44.423	0.97605	0.97605			6
2024.07.16	00:48:44.452	0.97598	0.97598			6
2024.07.16	00:48:44.551	0.97600	0.97600			6
2024.07.16	00:48:44.686	0.97597	0.97597			6
2024.07.16	00:48:45.002	0.97598	0.97598			6
2024.07.16	00:48:45.062	0.97596	0.97596			6
2024.07.16	00:48:45.415	0.97595	0.97595			6
2024.07.16	00:48:45.446	0.97596	0.97596			6
2024.07.16	00:48:45.505	0.97598	0.97598			6
2024.07.16	00:48:45.536	0.97596	0.97596			6
2024.07.16	00:48:45.926	0.97597	0.97597			6
2024.07.16	00:48:46.381	0.97596	0.97596			6
2024.07.16	00:48:46.412	0.97597	0.97597			6
2024.07.16	00:48:46.857	0.97595	0.97595			6
2024.07.16	00:48:46.917	0.97598	0.97598			6
2024.07.16	00:48:47.067	0.97599	0.97599			6
2024.07.16	00:48:47.127	0.97601	0.97601			6
2024.07.16	00:48:47.157	0.97599	0.97599			6
2024.07.16	00:48:47.438	0.97600	0.97600			6
2024.07.16	00:48:47.497	0.97601	0.97601			6
2024.07.16	00:48:47.528	0.97602	0.97602			6
2024.07.16	00:48:47.799	0.97601	0.97601			6
2024.07.16	00:48:47.836	0.97602	0.97602			6
2024.07.16	00:48:47.867	0.97603	0.97603			6
2024.07.16	00:48:47.896	0.97601	0.97601			6
2024.07.16	00:48:47.986	0.97602	0.97602			6
2024.07.16	00:48:48.147	0.97601	0.97601			6
2024.07.16	00:48:48.175	0.97602	0.97602			6
2024.07.16	00:48:48.205	0.97600	0.97600			6
2024.07.16	00:48:48.296	0.97606	0.97606			6
2024.07.16	00:48:48.326	0.97601	0.97601			6
2024.07.16	00:48:48.355	0.97604	0.97604			6
2024.07.16	00:48:48.386	0.97602	0.97602			6
2024.07.16	00:48:48.415	0.97603	0.97603			6
2024.07.16	00:48:48.446	0.97597	0.97597			6
2024.07.16	00:48:48.587	0.97596	0.97596			6
2024.07.16	00:48:48.616	0.97597	0.97597			6
2024.07.16	00:48:49.434	0.97594	0.97594			6
2024.07.16	00:48:49.502	0.97595	0.97595			6
2024.07.16	00:48:49.532	0.97596	0.97596			6
2024.07.16	00:48:51.286	0.97595	0.97595			6
2024.07.16	00:48:51.316	0.97596	0.97596			6
2024.07.16	00:48:55.883	0.97597	0.97597			6
2024.07.16	00:48:58.955	0.97596	0.97596			6
2024.07.16	00:49:01.490	0.97595	0.97595			6
2024.07.16	00:49:02.041	0.97591	0.97591			6
2024.07.16	00:49:18.791	0.97592	0.97592			6
2024.07.16	00:49:21.471	0.97591	0.97591			6
2024.07.16	00:49:29.343	0.97592	0.97592			6
2024.07.16	00:49:30.777	0.97591	0.97591			6
2024.07.16	00:49:32.805	0.97592	0.97592			6
2024.07.16	00:49:32.834	0.97593	0.97593			6
2024.07.16	00:49:44.868	0.97595	0.97595			6
2024.07.16	00:49:55.507	0.97596	0.97596			6
2024.07.16	00:49:55.567	0.97595	0.97595			6
2024.07.16	00:50:37.464	0.97593	0.97593			6
2024.07.16	00:50:40.805	0.97595	0.97595			6
2024.07.16	00:51:03.880	0.97596	0.97596			6
2024.07.16	00:51:03.909	0.97595	0.97595			6
2024.07.16	00:51:06.812	0.97596	0.97596			6
2024.07.16	00:51:06.842	0.97595	0.97595			6
2024.07.16	00:51:07.292	0.97594	0.97594			6
2024.07.16	00:51:07.322	0.97595	0.97595			6
2024.07.16	00:51:07.382	0.97593	0.97593			6
2024.07.16	00:51:53.872	0.97592	0.97592			6
2024.07.16	00:52:01.053	0.97593	0.97593			6
2024.07.16	00:52:15.475	0.97592	0.97592			6
2024.07.16	00:52:32.265	0.97593	0.97593			6
2024.07.16	00:52:40.378	0.97592	0.97592			6
2024.07.16	00:52:57.142	0.97593	0.97593			6
2024.07.16	00:53:06.367	0.97592	0.97592			6
2024.07.16	00:53:07.406	0.97593	0.97593			6
2024.07.16	00:53:14.801	0.97592	0.97592			6
2024.07.16	00:53:17.250	0.97591	0.97591			6
2024.07.16	00:53:37.811	0.97593	0.97593			6
2024.07.16	00:54:02.409	0.97591	0.97591			6
2024.07.16	00:54:06.833	0.97587	0.97587			6
2024.07.16	00:54:06.862	0.97576	0.97576			6
2024.07.16	00:54:18.329	0.97592	0.97592			6
2024.07.16	00:54:18.359	0.97591	0.97591			6
2024.07.16	00:54:26.280	0.97590	0.97590			6
2024.07.16	00:54:28.359	0.97591	0.97591			6
2024.07.16	00:54:30.758	0.97590	0.97590			6
2024.07.16	00:54:32.552	0.97591	0.97591			6
2024.07.16	00:54:34.352	0.97590	0.97590			6
2024.07.16	00:54:35.814	0.97591	0.97591			6
2024.07.16	00:54:36.759	0.97592	0.97592			6
2024.07.16	00:54:38.850	0.97591	0.97591			6
2024.07.16	00:54:58.651	0.97590	0.97590			6
2024.07.16	00:55:01.051	0.97591	0.97591			6
2024.07.16	00:55:05.864	0.97590	0.97590			6
2024.07.16	00:55:10.351	0.97591	0.97591			6
2024.07.16	00:55:11.862	0.97590	0.97590			6
2024.07.16	00:55:35.023	0.97586	0.97586			6
2024.07.16	00:55:43.362	0.97587	0.97587			6
2024.07.16	00:55:46.067	0.97586	0.97586			6
2024.07.16	00:55:56.563	0.97585	0.97585			6
2024.07.16	00:56:00.878	0.97584	0.97584			6
2024.07.16	00:56:03.613	0.97583	0.97583			6
2024.07.16	00:56:03.782	0.97584	0.97584			6
2024.07.16	00:56:03.812	0.97583	0.97583			6
2024.07.16	00:56:24.680	0.97582	0.97582			6
2024.07.16	00:56:26.872	0.97583	0.97583			6
2024.07.16	00:56:33.791	0.97584	0.97584			6
2024.07.16	00:56:48.169	0.97583	0.97583			6
2024.07.16	00:56:53.264	0.97584	0.97584			6
2024.07.16	00:56:58.043	0.97583	0.97583			6
2024.07.16	00:57:01.566	0.97582	0.97582			6
2024.07.16	00:57:06.748	0.97583	0.97583			6
2024.07.16	00:57:08.261	0.97582	0.97582			6
2024.07.16	00:57:32.560	0.97581	0.97581			6
2024.07.16	00:57:38.268	0.97582	0.97582			6
2024.07.16	00:57:54.765	0.97581	0.97581			6
2024.07.16	00:57:56.548	0.97579	0.97579			6
2024.07.16	00:57:56.829	0.97580	0.97580			6
2024.07.16	00:57:58.081	0.97582	0.97582			6
2024.07.16	00:57:58.416	0.97584	0.97584			6
2024.07.16	00:57:58.446	0.97582	0.97582			6
2024.07.16	00:58:00.148	0.97581	0.97581			6
2024.07.16	00:58:01.332	0.97584	0.97584			6
2024.07.16	00:58:01.362	0.97589	0.97589			6
2024.07.16	00:58:01.617	0.97593	0.97593			6
2024.07.16	00:58:01.648	0.97589	0.97589			6
2024.07.16	00:58:02.880	0.97588	0.97588			6
2024.07.16	00:58:21.784	0.97587	0.97587			6
2024.07.16	00:58:23.868	0.97592	0.97592			6
2024.07.16	00:58:23.929	0.97587	0.97587			6
2024.07.16	00:58:33.749	0.97586	0.97586			6
2024.07.16	00:58:49.667	0.97592	0.97592			6
2024.07.16	00:58:49.696	0.97586	0.97586			6
2024.07.16	00:58:59.089	0.97591	0.97591			6
2024.07.16	00:58:59.119	0.97586	0.97586			6
2024.07.16	00:59:00.015	0.97591	0.97591			6
2024.07.16	00:59:00.044	0.97586	0.97586			6
2024.07.16	00:59:28.531	0.97590	0.97590			6
2024.07.16	00:59:28.562	0.97586	0.97586			6
2024.07.16	00:59:29.778	0.97590	0.97590			6
2024.07.16	00:59:29.808	0.97589	0.97589			6
2024.07.16	00:59:29.838	0.97586	0.97586			6
2024.07.16	00:59:36.114	0.97582	0.97582			6
2024.07.16	00:59:45.783	0.97581	0.97581			6
2024.07.16	00:59:45.812	0.97580	0.97580			6
2024.07.16	00:59:45.906	0.97586	0.97586			6
2024.07.16	00:59:45.938	0.97584	0.97584			6
2024.07.16	00:59:46.305	0.97588	0.97588			6
2024.07.16	00:59:47.123	0.97592	0.97592			6
2024.07.16	00:59:51.630	0.97591	0.97591			6
2024.07.16	00:59:52.232	0.97590	0.97590			6
2024.07.16	00:59:54.967	0.97589	0.97589			6
2024.07.16	00:59:55.057	0.97590	0.97590			6
2024.07.16	00:59:55.482	0.97589	0.97589			6
2024.07.16	00:59:55.596	0.97591	0.97591			6
2024.07.16	00:59:55.967	0.97590	0.97590			6
2024.07.16	00:59:55.997	0.97591	0.97591			6
2024.07.16	00:59:56.097	0.97590	0.97590			6
2024.07.16	00:59:56.360	0.97589	0.97589			6
2024.07.16	00:59:57.462	0.97584	0.97584			6
2024.07.16	00:59:57.522	0.97590	0.97590			6
2024.07.16	00:59:57.703	0.97588	0.97588			6
2024.07.16	00:59:58.937	0.97590	0.97590			6
2024.07.16	00:59:59.030	0.97588	0.97588			6
2024.07.16	00:59:59.934	0.97581	0.97581			6
2024.07.16	00:59:59.964	0.97590	0.97590			6
2024.07.16	01:00:00.096	0.97592	0.97592			6
2024.07.16	01:00:00.125	0.97597	0.97597			6
2024.07.16	01:00:00.155	0.97591	0.97591			6
2024.07.16	01:00:00.185	0.97596	0.97596			6
2024.07.16	01:00:00.246	0.97591	0.97591			6
2024.07.16	01:00:00.577	0.97590	0.97590			6
2024.07.16	01:00:00.667	0.97586	0.97586			6
2024.07.16	01:00:00.698	0.97584	0.97584			6
2024.07.16	01:00:00.790	0.97586	0.97586			6
2024.07.16	01:00:00.848	0.97588	0.97588			6
2024.07.16	01:00:00.908	0.97587	0.97587			6
2024.07.16	01:00:00.938	0.97586	0.97586			6
2024.07.16	01:00:00.969	0.97585	0.97585			6
2024.07.16	01:00:01.088	0.97590	0.97590			6
2024.07.16	01:00:01.119	0.97591	0.97591			6
2024.07.16	01:00:01.148	0.97592	0.97592			6
2024.07.16	01:00:01.178	0.97589	0.97589			6
2024.07.16	01:00:01.388	0.97590	0.97590			6
2024.07.16	01:00:01.448	0.97591	0.97591			6
2024.07.16	01:00:01.508	0.97593	0.97593			6
2024.07.16	01:00:01.538	0.97594	0.97594			6
2024.07.16	01:00:01.569	0.97596	0.97596			6
2024.07.16	01:00:01.868	0.97598	0.97598			6
2024.07.16	01:00:02.079	0.97593	0.97593			6
2024.07.16	01:00:02.110	0.97599	0.97599			6
2024.07.16	01:00:03.047	0.97598	0.97598			6
2024.07.16	01:00:03.845	0.97597	0.97597			6
2024.07.16	01:00:03.875	0.97596	0.97596			6
2024.07.16	01:00:05.183	0.97598	0.97598			6
2024.07.16	01:00:05.802	0.97597	0.97597			6
2024.07.16	01:00:06.472	0.97596	0.97596			6
2024.07.16	01:00:08.416	0.97593	0.97593			6
2024.07.16	01:00:08.445	0.97591	0.97591			6
2024.07.16	01:00:08.534	0.97589	0.97589			6
2024.07.16	01:00:08.566	0.97593	0.97593			6
2024.07.16	01:00:09.422	0.97592	0.97592			6
2024.07.16	01:00:09.603	0.97593	0.97593			6
2024.07.16	01:00:09.873	0.97594	0.97594			6
2024.07.16	01:00:10.644	0.97595	0.97595			6
2024.07.16	01:00:10.733	0.97593	0.97593			6
2024.07.16	01:00:11.431	0.97594	0.97594			6
2024.07.16	01:00:12.220	0.97595	0.97595			6
2024.07.16	01:00:12.340	0.97594	0.97594			6
2024.07.16	01:00:14.869	0.97595	0.97595			6
2024.07.16	01:00:16.030	0.97594	0.97594			6
2024.07.16	01:00:17.535	0.97601	0.97601			6
2024.07.16	01:00:18.919	0.97602	0.97602			6
2024.07.16	01:00:19.859	0.97601	0.97601			6
2024.07.16	01:00:21.402	0.97602	0.97602			6
2024.07.16	01:00:22.313	0.97601	0.97601			6
2024.07.16	01:00:22.901	0.97600	0.97600			6
2024.07.16	01:00:23.111	0.97601	0.97601			6
2024.07.16	01:00:23.140	0.97600	0.97600			6
2024.07.16	01:00:24.455	0.97602	0.97602			6
2024.07.16	01:00:24.697	0.97603	0.97603			6
2024.07.16	01:00:35.428	0.97602	0.97602			6
2024.07.16	01:00:39.071	0.97603	0.97603			6
2024.07.16	01:00:39.101	0.97602	0.97602			6
2024.07.16	01:00:42.376	0.97601	0.97601			6
2024.07.16	01:00:46.095	0.97600	0.97600			6
2024.07.16	01:00:49.926	0.97601	0.97601			6
2024.07.16	01:01:01.761	0.97598	0.97598			6
2024.07.16	01:01:02.934	0.97592	0.97592			6
2024.07.16	01:01:03.160	0.97598	0.97598			6
2024.07.16	01:01:03.250	0.97592	0.97592			6
2024.07.16	01:01:03.346	0.97598	0.97598			6
2024.07.16	01:01:03.467	0.97592	0.97592			6
2024.07.16	01:01:03.496	0.97599	0.97599			6
2024.07.16	01:01:03.677	0.97593	0.97593			6
2024.07.16	01:01:03.767	0.97599	0.97599			6
2024.07.16	01:01:03.797	0.97593	0.97593			6
2024.07.16	01:01:03.827	0.97594	0.97594			6
2024.07.16	01:01:03.887	0.97599	0.97599			6
2024.07.16	01:01:04.082	0.97594	0.97594			6
2024.07.16	01:01:04.112	0.97595	0.97595			6
2024.07.16	01:01:04.333	0.97599	0.97599			6
2024.07.16	01:01:05.958	0.97600	0.97600			6
2024.07.16	01:01:06.764	0.97601	0.97601			6
2024.07.16	01:01:08.573	0.97600	0.97600			6
2024.07.16	01:01:14.883	0.97595	0.97595			6
2024.07.16	01:01:14.915	0.97596	0.97596			6
2024.07.16	01:01:14.973	0.97595	0.97595			6
2024.07.16	01:01:15.669	0.97596	0.97596			6
2024.07.16	01:01:16.962	0.97595	0.97595			6
2024.07.16	01:01:19.899	0.97598	0.97598			6
2024.07.16	01:01:19.929	0.97599	0.97599			6
2024.07.16	01:01:20.168	0.97596	0.97596			6
2024.07.16	01:01:20.197	0.97595	0.97595			6
2024.07.16	01:01:20.227	0.97593	0.97593			6
2024.07.16	01:01:23.213	0.97597	0.97597			6
2024.07.16	01:01:32.742	0.97596	0.97596			6
2024.07.16	01:01:34.680	0.97597	0.97597			6
2024.07.16	01:01:36.750	0.97596	0.97596			6
2024.07.16	01:01:44.791	0.97595	0.97595			6
2024.07.16	01:01:46.526	0.97589	0.97589			6
2024.07.16	01:01:46.585	0.97587	0.97587			6
2024.07.16	01:01:49.495	0.97592	0.97592			6
2024.07.16	01:01:49.614	0.97593	0.97593			6
2024.07.16	01:01:52.955	0.97594	0.97594			6
2024.07.16	01:02:01.255	0.97593	0.97593			6
2024.07.16	01:02:01.658	0.97592	0.97592			6
2024.07.16	01:02:04.790	0.97591	0.97591			6
2024.07.16	01:02:04.821	0.97590	0.97590			6
2024.07.16	01:02:06.292	0.97591	0.97591			6
2024.07.16	01:02:06.635	0.97592	0.97592			6
2024.07.16	01:02:10.692	0.97589	0.97589			6
2024.07.16	01:02:10.961	0.97588	0.97588			6
2024.07.16	01:02:12.321	0.97589	0.97589			6
2024.07.16	01:02:12.381	0.97590	0.97590			6
2024.07.16	01:02:12.685	0.97592	0.97592			6
2024.07.16	01:02:16.727	0.97593	0.97593			6
2024.07.16	01:02:17.547	0.97592	0.97592			6
2024.07.16	01:02:25.378	0.97593	0.97593			6
2024.07.16	01:02:30.684	0.97592	0.97592			6
2024.07.16	01:02:32.628	0.97590	0.97590			6
2024.07.16	01:02:32.658	0.97589	0.97589			6
2024.07.16	01:02:32.856	0.97590	0.97590			6
2024.07.16	01:02:36.630	0.97589	0.97589			6
2024.07.16	01:02:37.232	0.97590	0.97590			6
2024.07.16	01:02:37.995	0.97589	0.97589			6
2024.07.16	01:02:38.638	0.97590	0.97590			6
2024.07.16	01:02:44.262	0.97589	0.97589			6
2024.07.16	01:02:46.043	0.97590	0.97590			6
2024.07.16	01:02:49.056	0.97589	0.97589			6
2024.07.16	01:02:52.366	0.97590	0.97590			6
2024.07.16	01:02:55.678	0.97589	0.97589			6
2024.07.16	01:03:04.216	0.97588	0.97588			6
2024.07.16	01:03:04.922	0.97587	0.97587			6
2024.07.16	01:03:05.345	0.97588	0.97588			6
2024.07.16	01:03:05.499	0.97587	0.97587			6
2024.07.16	01:03:05.528	0.97591	0.97591			6
2024.07.16	01:03:05.828	0.97592	0.97592			6
2024.07.16	01:03:05.977	0.97591	0.97591			6
2024.07.16	01:03:06.562	0.97590	0.97590			6
2024.07.16	01:03:07.282	0.97589	0.97589			6
2024.07.16	01:03:07.312	0.97588	0.97588			6
2024.07.16	01:03:07.340	0.97589	0.97589			6
2024.07.16	01:03:07.370	0.97588	0.97588			6
2024.07.16	01:03:07.530	0.97587	0.97587			6
2024.07.16	01:03:08.038	0.97588	0.97588			6
2024.07.16	01:03:16.479	0.97586	0.97586			6
2024.07.16	01:03:17.563	0.97588	0.97588			6
2024.07.16	01:03:20.831	0.97590	0.97590			6
2024.07.16	01:03:21.513	0.97589	0.97589			6
2024.07.16	01:03:21.934	0.97588	0.97588			6
2024.07.16	01:03:24.565	0.97587	0.97587			6
2024.07.16	01:03:24.596	0.97589	0.97589			6
2024.07.16	01:03:30.399	0.97590	0.97590			6
2024.07.16	01:03:34.965	0.97589	0.97589			6
2024.07.16	01:03:52.680	0.97588	0.97588			6
2024.07.16	01:04:05.857	0.97587	0.97587			6
2024.07.16	01:04:32.551	0.97588	0.97588			6
2024.07.16	01:04:37.357	0.97587	0.97587			6
2024.07.16	01:04:46.380	0.97586	0.97586			6
2024.07.16	01:04:51.161	0.97587	0.97587			6
2024.07.16	01:04:56.277	0.97586	0.97586			6
2024.07.16	01:04:56.338	0.97590	0.97590			6
2024.07.16	01:04:56.399	0.97586	0.97586			6
2024.07.16	01:04:56.521	0.97589	0.97589			6
2024.07.16	01:04:56.633	0.97586	0.97586			6
2024.07.16	01:04:56.731	0.97589	0.97589			6
2024.07.16	01:04:56.824	0.97586	0.97586			6
2024.07.16	01:04:56.945	0.97589	0.97589			6
2024.07.16	01:04:57.035	0.97586	0.97586			6
2024.07.16	01:04:57.155	0.97589	0.97589			6
2024.07.16	01:04:57.259	0.97586	0.97586			6
2024.07.16	01:04:57.371	0.97589	0.97589			6
2024.07.16	01:04:57.462	0.97586	0.97586			6
2024.07.16	01:05:00.091	0.97587	0.97587			6
2024.07.16	01:05:00.211	0.97588	0.97588			6
2024.07.16	01:05:24.161	0.97587	0.97587			6
2024.07.16	01:05:38.154	0.97588	0.97588			6
2024.07.16	01:06:04.347	0.97587	0.97587			6
2024.07.16	01:06:49.661	0.97586	0.97586			6
2024.07.16	01:06:53.579	0.97585	0.97585			6
2024.07.16	01:07:41.214	0.97588	0.97588			6
2024.07.16	01:07:41.305	0.97585	0.97585			6
2024.07.16	01:07:45.709	0.97586	0.97586			6
2024.07.16	01:07:46.677	0.97587	0.97587			6
2024.07.16	01:08:06.083	0.97587				2
2024.07.16	01:08:06.429	0.97592	0.97592			6
2024.07.16	01:08:08.571	0.97593	0.97593			6
2024.07.16	01:08:11.720	0.97597	0.97597			6
2024.07.16	01:08:11.780	0.97598	0.97598			6
2024.07.16	01:08:12.649	0.97597	0.97597			6
2024.07.16	01:08:39.994	0.97590	0.97590			6
2024.07.16	01:08:40.024	0.97589	0.97589			6
2024.07.16	01:08:40.391	0.97590	0.97590			6
2024.07.16	01:08:45.148	0.97591	0.97591			6
2024.07.16	01:08:46.665	0.97590	0.97590			6
2024.07.16	01:08:54.466	0.97591	0.97591			6
2024.07.16	01:09:00.820	0.97590	0.97590			6
2024.07.16	01:09:01.018	0.97591	0.97591			6
2024.07.16	01:09:01.332	0.97592	0.97592			6
2024.07.16	01:09:03.621	0.97593	0.97593			6
2024.07.16	01:09:21.122	0.97592	0.97592			6
2024.07.16	01:09:21.151	0.97591	0.97591			6
2024.07.16	01:09:21.181	0.97590	0.97590			6
2024.07.16	01:09:21.544	0.97591	0.97591			6
2024.07.16	01:09:21.633	0.97593	0.97593			6
2024.07.16	01:09:22.065	0.97592	0.97592			6
2024.07.16	01:09:28.046	0.97593	0.97593			6
2024.07.16	01:09:32.846	0.97592	0.97592			6
2024.07.16	01:09:57.457	0.97593	0.97593			6
2024.07.16	01:10:00.065	0.97597	0.97597			6
2024.07.16	01:10:00.135	0.97598	0.97598			6
2024.07.16	01:10:23.045	0.97597	0.97597			6
2024.07.16	01:10:43.459	0.97596	0.97596			6
2024.07.16	01:10:48.433	0.97597	0.97597			6
2024.07.16	01:10:48.873	0.97596	0.97596			6
2024.07.16	01:11:21.109	0.97598	0.97598			6
2024.07.16	01:11:22.689	0.97599	0.97599			6
2024.07.16	01:11:26.695	0.97598	0.97598			6
2024.07.16	01:11:27.211	0.97592	0.97592			6
2024.07.16	01:11:36.705	0.97591	0.97591			6
2024.07.16	01:11:46.317	0.97592	0.97592			6
2024.07.16	01:11:47.986	0.97591	0.97591			6
2024.07.16	01:12:02.213	0.97591				2
2024.07.16	01:12:03.217	0.97592	0.97592			6
2024.07.16	01:12:07.326	0.97591	0.97591			6
2024.07.16	01:12:16.960	0.97592	0.97592			6
2024.07.16	01:12:17.676	0.97591	0.97591			6
2024.07.16	01:12:26.762	0.97592	0.97592			6
2024.07.16	01:12:28.244	0.97590	0.97590			6
2024.07.16	01:12:28.305	0.97591	0.97591			6
2024.07.16	01:12:33.252	0.97593	0.97593			6
2024.07.16	01:12:38.003	0.97592	0.97592			6
2024.07.16	01:12:38.039	0.97591	0.97591			6
2024.07.16	01:12:38.182	0.97590	0.97590			6
2024.07.16	01:12:38.333	0.97589	0.97589			6
2024.07.16	01:12:38.559	0.97590	0.97590			6
2024.07.16	01:13:03.013	0.97588	0.97588			6
2024.07.16	01:13:10.490	0.97589	0.97589			6
2024.07.16	01:13:10.960	0.97588	0.97588			6
2024.07.16	01:13:13.026	0.97589	0.97589			6
2024.07.16	01:13:22.926	0.97587	0.97587			6
2024.07.16	01:13:51.380	0.97586	0.97586			6
2024.07.16	01:14:55.991	0.97587	0.97587			6
2024.07.16	01:15:01.396	0.97586	0.97586			6
2024.07.16	01:15:02.298	0.97587	0.97587			6
2024.07.16	01:15:02.329	0.97586	0.97586			6
2024.07.16	01:15:13.027	0.97587	0.97587			6
2024.07.16	01:15:27.160	0.97586	0.97586			6
2024.07.16	01:15:28.394	0.97588	0.97588			6
2024.07.16	01:15:28.424	0.97590	0.97590			6
2024.07.16	01:15:28.450	0.97592	0.97592			6
2024.07.16	01:15:28.752	0.97595	0.97595			6
2024.07.16	01:15:28.812	0.97596	0.97596			6
2024.07.16	01:15:30.444	0.97593	0.97593			6
2024.07.16	01:15:30.473	0.97594	0.97594			6
2024.07.16	01:15:30.744	0.97593	0.97593			6
2024.07.16	01:15:34.395	0.97592	0.97592			6
2024.07.16	01:15:34.667	0.97593	0.97593			6
2024.07.16	01:15:35.066	0.97592	0.97592			6
2024.07.16	01:16:03.621	0.97592				2
2024.07.16	01:16:05.562	0.97593	0.97593			6
2024.07.16	01:16:09.630	0.97592	0.97592			6
2024.07.16	01:16:18.821	0.97590	0.97590			6
2024.07.16	01:16:18.850	0.97591	0.97591			6
2024.07.16	01:16:18.940	0.97590	0.97590			6
2024.07.16	01:16:19.453	0.97591	0.97591			6
2024.07.16	01:16:21.059	0.97592	0.97592			6
2024.07.16	01:16:21.447	0.97593	0.97593			6
2024.07.16	01:16:21.641	0.97592	0.97592			6
2024.07.16	01:16:28.051	0.97593	0.97593			6
2024.07.16	01:16:28.261	0.97592	0.97592			6
2024.07.16	01:16:53.558	0.97591	0.97591			6
2024.07.16	01:16:54.658	0.97592	0.97592			6
2024.07.16	01:16:56.156	0.97591	0.97591			6
2024.07.16	01:17:01.678	0.97592	0.97592			6
2024.07.16	01:17:02.552	0.97591	0.97591			6
2024.07.16	01:17:05.438	0.97592	0.97592			6
2024.07.16	01:17:16.877	0.97593	0.97593			6
2024.07.16	01:17:28.477	0.97594	0.97594			6
2024.07.16	01:17:30.086	0.97593	0.97593			6
2024.07.16	01:17:37.070	0.97594	0.97594			6
2024.07.16	01:17:37.370	0.97595	0.97595			6
2024.07.16	01:17:37.792	0.97593	0.97593			6
2024.07.16	01:17:37.959	0.97594	0.97594			6
2024.07.16	01:17:37.995	0.97592	0.97592			6
2024.07.16	01:17:38.020	0.97591	0.97591			6
2024.07.16	01:17:41.911	0.97592	0.97592			6
2024.07.16	01:17:42.015	0.97591	0.97591			6
2024.07.16	01:17:42.941	0.97592	0.97592			6
2024.07.16	01:17:43.060	0.97591	0.97591			6
2024.07.16	01:17:43.159	0.97592	0.97592			6
2024.07.16	01:17:43.330	0.97591	0.97591			6
2024.07.16	01:17:44.224	0.97592	0.97592			6
2024.07.16	01:17:44.363	0.97591	0.97591			6
2024.07.16	01:17:45.285	0.97592	0.97592			6
2024.07.16	01:17:45.406	0.97591	0.97591			6
2024.07.16	01:17:46.308	0.97592	0.97592			6
2024.07.16	01:17:46.397	0.97591	0.97591			6
2024.07.16	01:17:47.339	0.97592	0.97592			6
2024.07.16	01:17:47.429	0.97593	0.97593			6
2024.07.16	01:18:00.119	0.97594	0.97594			6
2024.07.16	01:18:00.449	0.97593	0.97593			6
2024.07.16	01:18:01.918	0.97594	0.97594			6
2024.07.16	01:18:08.195	0.97592	0.97592			6
2024.07.16	01:18:09.470	0.97591	0.97591			6
2024.07.16	01:18:10.077	0.97592	0.97592			6
2024.07.16	01:18:27.350	0.97593	0.97593			6
2024.07.16	01:18:27.716	0.97592	0.97592			6
2024.07.16	01:18:28.772	0.97593	0.97593			6
2024.07.16	01:18:48.511	0.97592	0.97592			6
2024.07.16	01:18:49.650	0.97591	0.97591			6
2024.07.16	01:18:54.127	0.97590	0.97590			6
2024.07.16	01:18:56.659	0.97591	0.97591			6
2024.07.16	01:18:57.007	0.97590	0.97590			6
2024.07.16	01:18:57.067	0.97589	0.97589			6
2024.07.16	01:18:57.409	0.97590	0.97590			6
2024.07.16	01:19:00.278	0.97589	0.97589			6
2024.07.16	01:19:06.989	0.97588	0.97588			6
2024.07.16	01:19:08.648	0.97589	0.97589			6
2024.07.16	01:19:32.821	0.97590	0.97590			6
2024.07.16	01:19:32.850	0.97591	0.97591			6
2024.07.16	01:19:33.120	0.97592	0.97592			6
2024.07.16	01:19:36.643	0.97593	0.97593			6
2024.07.16	01:19:50.014	0.97592	0.97592			6
2024.07.16	01:19:51.755	0.97593	0.97593			6
2024.07.16	01:20:00.110	0.97593				2
2024.07.16	01:20:02.744	0.97592	0.97592			6
2024.07.16	01:20:09.597	0.97595	0.97595			6
2024.07.16	01:20:09.868	0.97594	0.97594			6
2024.07.16	01:20:11.561	0.97595	0.97595			6
2024.07.16	01:20:12.779	0.97594	0.97594			6
2024.07.16	01:20:15.172	0.97595	0.97595			6
2024.07.16	01:20:15.264	0.97593	0.97593			6
2024.07.16	01:20:15.661	0.97594	0.97594			6
2024.07.16	01:20:21.744	0.97595	0.97595			6
2024.07.16	01:20:25.368	0.97593	0.97593			6
2024.07.16	01:20:30.461	0.97594	0.97594			6
2024.07.16	01:20:38.768	0.97593	0.97593			6
2024.07.16	01:20:39.080	0.97592	0.97592			6
2024.07.16	01:20:40.135	0.97593	0.97593			6
2024.07.16	01:21:00.585	0.97593				2
2024.07.16	01:21:00.617	0.97595	0.97595			6
2024.07.16	01:21:01.926	0.97596	0.97596			6
2024.07.16	01:21:02.885	0.97595	0.97595			6
2024.07.16	01:21:06.637	0.97596	0.97596			6
2024.07.16	01:21:15.870	0.97595	0.97595			6
2024.07.16	01:21:39.997	0.97596	0.97596			6
2024.07.16	01:21:45.056	0.97595	0.97595			6
2024.07.16	01:21:46.328	0.97596	0.97596			6
2024.07.16	01:21:51.523	0.97595	0.97595			6
2024.07.16	01:21:51.856	0.97596	0.97596			6
2024.07.16	01:21:55.526	0.97595	0.97595			6
2024.07.16	01:22:00.581	0.97596	0.97596			6
2024.07.16	01:22:26.079	0.97597	0.97597			6
2024.07.16	01:22:26.427	0.97596	0.97596			6
2024.07.16	01:22:26.697	0.97597	0.97597			6
2024.07.16	01:22:33.253	0.97598	0.97598			6
2024.07.16	01:22:41.511	0.97597	0.97597			6
2024.07.16	01:22:41.780	0.97598	0.97598			6
2024.07.16	01:22:47.696	0.97597	0.97597			6
2024.07.16	01:22:50.153	0.97596	0.97596			6
2024.07.16	01:22:50.184	0.97597	0.97597			6
2024.07.16	01:22:50.245	0.97598	0.97598			6
2024.07.16	01:22:51.182	0.97597	0.97597			6
2024.07.16	01:22:51.241	0.97596	0.97596			6
2024.07.16	01:22:52.463	0.97597	0.97597			6
2024.07.16	01:23:00.956	0.97596	0.97596			6
2024.07.16	01:23:01.358	0.97597	0.97597			6
2024.07.16	01:23:07.945	0.97596	0.97596			6
2024.07.16	01:23:09.060	0.97597	0.97597			6
2024.07.16	01:23:11.952	0.97598	0.97598			6
2024.07.16	01:23:12.225	0.97597	0.97597			6
2024.07.16	01:23:28.009	0.97598	0.97598			6
2024.07.16	01:23:31.947	0.97597	0.97597			6
2024.07.16	01:23:46.956	0.97596	0.97596			6
2024.07.16	01:23:47.509	0.97597	0.97597			6
2024.07.16	01:23:47.740	0.97596	0.97596			6
2024.07.16	01:23:47.770	0.97595	0.97595			6
2024.07.16	01:23:52.391	0.97594	0.97594			6
2024.07.16	01:23:52.452	0.97593	0.97593			6
2024.07.16	01:23:52.818	0.97594	0.97594			6
2024.07.16	01:23:52.878	0.97595	0.97595			6
2024.07.16	01:23:56.693	0.97593	0.97593			6
2024.07.16	01:23:56.921	0.97595	0.97595			6
2024.07.16	01:24:01.726	0.97595				2
2024.07.16	01:24:02.819	0.97596	0.97596			6
2024.07.16	01:24:03.091	0.97595	0.97595			6
2024.07.16	01:24:03.181	0.97596	0.97596			6
2024.07.16	01:24:05.758	0.97595	0.97595			6
2024.07.16	01:24:11.880	0.97596	0.97596			6
2024.07.16	01:24:13.365	0.97595	0.97595			6
2024.07.16	01:24:14.262	0.97596	0.97596			6
2024.07.16	01:24:15.092	0.97595	0.97595			6
2024.07.16	01:24:21.672	0.97596	0.97596			6
2024.07.16	01:24:21.762	0.97595	0.97595			6
2024.07.16	01:24:22.063	0.97596	0.97596			6
2024.07.16	01:24:32.181	0.97595	0.97595			6
2024.07.16	01:24:32.837	0.97596	0.97596			6
2024.07.16	01:24:33.088	0.97595	0.97595			6
2024.07.16	01:24:33.474	0.97596	0.97596			6
2024.07.16	01:24:33.727	0.97595	0.97595			6
2024.07.16	01:24:38.984	0.97596	0.97596			6
2024.07.16	01:24:41.488	0.97595	0.97595			6
2024.07.16	01:24:41.728	0.97596	0.97596			6
2024.07.16	01:24:42.458	0.97595	0.97595			6
2024.07.16	01:24:43.485	0.97596	0.97596			6
2024.07.16	01:24:44.497	0.97595	0.97595			6
2024.07.16	01:24:45.091	0.97596	0.97596			6
2024.07.16	01:24:45.375	0.97595	0.97595			6
2024.07.16	01:24:54.722	0.97596	0.97596			6
2024.07.16	01:25:03.749	0.97597	0.97597			6
2024.07.16	01:25:08.872	0.97596	0.97596			6
2024.07.16	01:25:10.072	0.97597	0.97597			6
2024.07.16	01:25:13.816	0.97596	0.97596			6
2024.07.16	01:25:14.854	0.97597	0.97597			6
2024.07.16	01:25:22.960	0.97598	0.97598			6
2024.07.16	01:25:33.751	0.97597	0.97597			6
2024.07.16	01:25:37.643	0.97598	0.97598			6
2024.07.16	01:25:39.328	0.97597	0.97597			6
2024.07.16	01:25:42.219	0.97598	0.97598			6
2024.07.16	01:25:47.722	0.97597	0.97597			6
2024.07.16	01:25:48.432	0.97598	0.97598			6
2024.07.16	01:26:00.756	0.97597	0.97597			6
2024.07.16	01:26:00.966	0.97598	0.97598			6
2024.07.16	01:26:02.128	0.97597	0.97597			6
2024.07.16	01:26:02.158	0.97598	0.97598			6
2024.07.16	01:26:04.651	0.97596	0.97596			6
2024.07.16	01:26:14.258	0.97597	0.97597			6
2024.07.16	01:26:19.357	0.97596	0.97596			6
2024.07.16	01:26:24.458	0.97597	0.97597			6
2024.07.16	01:26:28.554	0.97596	0.97596			6
2024.07.16	01:26:33.679	0.97597	0.97597			6
2024.07.16	01:26:39.438	0.97596	0.97596			6
2024.07.16	01:26:45.745	0.97597	0.97597			6
2024.07.16	01:26:48.145	0.97596	0.97596			6
2024.07.16	01:26:49.526	0.97597	0.97597			6
2024.07.16	01:26:55.416	0.97598	0.97598			6
2024.07.16	01:26:55.656	0.97597	0.97597			6
2024.07.16	01:26:56.133	0.97598	0.97598			6
2024.07.16	01:27:00.250	0.97597	0.97597			6
2024.07.16	01:27:00.628	0.97598	0.97598			6
2024.07.16	01:27:01.927	0.97597	0.97597			6
2024.07.16	01:27:09.158	0.97598	0.97598			6
2024.07.16	01:27:12.036	0.97597	0.97597			6
2024.07.16	01:27:13.074	0.97598	0.97598			6
2024.07.16	01:27:16.071	0.97597	0.97597			6
2024.07.16	01:27:30.448	0.97595	0.97595			6
2024.07.16	01:27:31.336	0.97596	0.97596			6
2024.07.16	01:27:31.858	0.97595	0.97595			6
2024.07.16	01:27:35.274	0.97596	0.97596			6
2024.07.16	01:27:38.416	0.97595	0.97595			6
2024.07.16	01:27:55.954	0.97596	0.97596			6
2024.07.16	01:27:56.254	0.97595	0.97595			6
2024.07.16	01:27:59.954	0.97594	0.97594			6
2024.07.16	01:28:00.258	0.97595	0.97595			6
2024.07.16	01:28:03.888	0.97596	0.97596			6
2024.07.16	01:28:04.289	0.97595	0.97595			6
2024.07.16	01:28:12.061	0.97596	0.97596			6
2024.07.16	01:28:15.032	0.97595	0.97595			6
2024.07.16	01:28:16.758	0.97596	0.97596			6
2024.07.16	01:28:17.584	0.97595	0.97595			6
2024.07.16	01:28:20.200	0.97596	0.97596			6
2024.07.16	01:28:23.757	0.97595	0.97595			6
2024.07.16	01:28:28.955	0.97596	0.97596			6
2024.07.16	01:28:34.936	0.97597	0.97597			6
2024.07.16	01:28:35.224	0.97598	0.97598			6
2024.07.16	01:28:36.766	0.97597	0.97597			6
2024.07.16	01:28:44.855	0.97598	0.97598			6
2024.07.16	01:28:46.395	0.97597	0.97597			6
2024.07.16	01:28:46.723	0.97596	0.97596			6
2024.07.16	01:28:48.017	0.97597	0.97597			6
2024.07.16	01:28:49.348	0.97598	0.97598			6
2024.07.16	01:28:58.627	0.97597	0.97597			6
2024.07.16	01:28:59.648	0.97598	0.97598			6
2024.07.16	01:29:02.172	0.97597	0.97597			6
2024.07.16	01:29:06.277	0.97598	0.97598			6
2024.07.16	01:29:06.637	0.97599	0.97599			6
2024.07.16	01:29:07.897	0.97598	0.97598			6
2024.07.16	01:29:21.114	0.97597	0.97597			6
2024.07.16	01:29:24.979	0.97598	0.97598			6
2024.07.16	01:29:37.631	0.97597	0.97597			6
2024.07.16	01:29:39.377	0.97598	0.97598			6
2024.07.16	01:29:40.663	0.97597	0.97597			6
2024.07.16	01:29:44.217	0.97598	0.97598			6
2024.07.16	01:29:45.511	0.97597	0.97597			6
2024.07.16	01:29:46.246	0.97598	0.97598			6
2024.07.16	01:29:46.994	0.97597	0.97597			6
2024.07.16	01:29:48.173	0.97598	0.97598			6
2024.07.16	01:29:48.698	0.97597	0.97597			6
2024.07.16	01:29:50.555	0.97598	0.97598			6
2024.07.16	01:29:57.658	0.97597	0.97597			6
2024.07.16	01:29:57.688	0.97598	0.97598			6
2024.07.16	01:29:59.637	0.97599	0.97599			6
2024.07.16	01:29:59.818	0.97598	0.97598			6
2024.07.16	01:29:59.997	0.97599	0.97599			6
2024.07.16	01:30:00.058	0.97598	0.97598			6
2024.07.16	01:30:02.433	0.97597	0.97597			6
2024.07.16	01:30:03.268	0.97598	0.97598			6
2024.07.16	01:30:11.051	0.97599	0.97599			6
2024.07.16	01:30:11.378	0.97598	0.97598			6
2024.07.16	01:30:17.710	0.97597	0.97597			6
2024.07.16	01:30:18.233	0.97598	0.97598			6
2024.07.16	01:30:24.982	0.97597	0.97597			6
2024.07.16	01:30:25.882	0.97598	0.97598			6
2024.07.16	01:30:26.149	0.97597	0.97597			6
2024.07.16	01:30:26.553	0.97598	0.97598			6
2024.07.16	01:30:29.118	0.97597	0.97597			6
2024.07.16	01:30:29.855	0.97598	0.97598			6
2024.07.16	01:30:30.157	0.97597	0.97597			6
2024.07.16	01:30:30.457	0.97598	0.97598			6
2024.07.16	01:30:31.187	0.97597	0.97597			6
2024.07.16	01:30:32.228	0.97598	0.97598			6
2024.07.16	01:30:33.240	0.97597	0.97597			6
2024.07.16	01:30:34.896	0.97598	0.97598			6
2024.07.16	01:30:35.265	0.97597	0.97597			6
2024.07.16	01:30:36.368	0.97596	0.97596			6
2024.07.16	01:30:36.396	0.97597	0.97597			6
2024.07.16	01:30:36.487	0.97596	0.97596			6
2024.07.16	01:30:40.557	0.97595	0.97595			6
2024.07.16	01:30:41.856	0.97596	0.97596			6
2024.07.16	01:30:42.605	0.97597	0.97597			6
2024.07.16	01:30:43.657	0.97596	0.97596			6
2024.07.16	01:30:44.690	0.97597	0.97597			6
2024.07.16	01:30:45.024	0.97596	0.97596			6
2024.07.16	01:30:49.856	0.97597	0.97597			6
2024.07.16	01:30:51.170	0.97596	0.97596			6
2024.07.16	01:31:04.907	0.97596				2
2024.07.16	01:31:07.757	0.97595	0.97595			6
2024.07.16	01:31:07.818	0.97596	0.97596			6
2024.07.16	01:31:11.687	0.97602	0.97602			6
2024.07.16	01:31:11.837	0.97600	0.97600			6
2024.07.16	01:31:12.046	0.97599	0.97599			6
2024.07.16	01:31:12.467	0.97598	0.97598			6
2024.07.16	01:31:17.383	0.97599	0.97599			6
2024.07.16	01:31:20.283	0.97598	0.97598			6
2024.07.16	01:31:20.856	0.97599	0.97599			6
2024.07.16	01:31:21.488	0.97598	0.97598			6
2024.07.16	01:31:53.957	0.97599	0.97599			6
2024.07.16	01:31:54.369	0.97598	0.97598			6
2024.07.16	01:32:10.822	0.97599	0.97599			6
2024.07.16	01:32:11.208	0.97598	0.97598			6
2024.07.16	01:32:21.318	0.97597	0.97597			6
2024.07.16	01:32:32.066	0.97598	0.97598			6
2024.07.16	01:32:32.323	0.97597	0.97597			6
2024.07.16	01:32:33.927	0.97596	0.97596			6
2024.07.16	01:32:34.310	0.97597	0.97597			6
2024.07.16	01:32:37.056	0.97596	0.97596			6
2024.07.16	01:32:40.420	0.97597	0.97597			6
2024.07.16	01:32:42.627	0.97598	0.97598			6
2024.07.16	01:32:47.095	0.97597	0.97597			6
2024.07.16	01:32:52.676	0.97598	0.97598			6
2024.07.16	01:32:52.929	0.97597	0.97597			6
2024.07.16	01:33:12.480	0.97598	0.97598			6
2024.07.16	01:33:12.757	0.97597	0.97597			6
2024.07.16	01:33:31.675	0.97596	0.97596			6
2024.07.16	01:33:32.640	0.97597	0.97597			6
2024.07.16	01:33:38.985	0.97596	0.97596			6
2024.07.16	01:33:39.427	0.97597	0.97597			6
2024.07.16	01:33:39.755	0.97596	0.97596			6
2024.07.16	01:33:40.104	0.97597	0.97597			6
2024.07.16	01:33:40.402	0.97596	0.97596			6
2024.07.16	01:33:40.553	0.97597	0.97597			6
2024.07.16	01:33:41.095	0.97596	0.97596			6
2024.07.16	01:33:41.342	0.97597	0.97597			6
2024.07.16	01:33:41.498	0.97596	0.97596			6
2024.07.16	01:33:43.745	0.97597	0.97597			6
2024.07.16	01:33:56.707	0.97596	0.97596			6
2024.07.16	01:33:56.767	0.97597	0.97597			6
2024.07.16	01:33:56.979	0.97596	0.97596			6
2024.07.16	01:34:00.312	0.97597	0.97597			6
2024.07.16	01:34:00.940	0.97596	0.97596			6
2024.07.16	01:34:03.736	0.97597	0.97597			6
2024.07.16	01:34:03.781	0.97598	0.97598			6
2024.07.16	01:34:03.992	0.97597	0.97597			6
2024.07.16	01:34:05.206	0.97596	0.97596			6
2024.07.16	01:34:06.157	0.97597	0.97597			6
2024.07.16	01:34:07.276	0.97596	0.97596			6
2024.07.16	01:34:07.972	0.97597	0.97597			6
2024.07.16	01:34:08.328	0.97596	0.97596			6
2024.07.16	01:34:10.278	0.97597	0.97597			6
2024.07.16	01:34:13.054	0.97596	0.97596			6
2024.07.16	01:34:16.687	0.97597	0.97597			6
2024.07.16	01:34:16.966	0.97596	0.97596			6
2024.07.16	01:34:17.259	0.97597	0.97597			6
2024.07.16	01:34:20.631	0.97596	0.97596			6
2024.07.16	01:34:23.355	0.97597	0.97597			6
2024.07.16	01:34:23.636	0.97596	0.97596			6
2024.07.16	01:34:25.618	0.97597	0.97597			6
2024.07.16	01:34:27.094	0.97596	0.97596			6
2024.07.16	01:34:27.504	0.97597	0.97597			6
2024.07.16	01:34:27.754	0.97596	0.97596			6
2024.07.16	01:34:28.551	0.97597	0.97597			6
2024.07.16	01:34:28.974	0.97596	0.97596			6
2024.07.16	01:34:30.701	0.97597	0.97597			6
2024.07.16	01:34:30.761	0.97598	0.97598			6
2024.07.16	01:34:31.884	0.97597	0.97597			6
2024.07.16	01:34:36.692	0.97596	0.97596			6
2024.07.16	01:34:44.481	0.97597	0.97597			6
2024.07.16	01:34:45.062	0.97596	0.97596			6
2024.07.16	01:34:53.543	0.97597	0.97597			6
2024.07.16	01:34:53.603	0.97596	0.97596			6
2024.07.16	01:34:54.341	0.97597	0.97597			6
2024.07.16	01:34:57.758	0.97596	0.97596			6
2024.07.16	01:35:05.270	0.97596				2
2024.07.16	01:35:09.248	0.97597	0.97597			6
2024.07.16	01:35:14.185	0.97598	0.97598			6
2024.07.16	01:35:20.785	0.97597	0.97597			6
2024.07.16	01:35:21.845	0.97598	0.97598			6
2024.07.16	01:35:21.895	0.97597	0.97597			6
2024.07.16	01:35:24.627	0.97596	0.97596			6
2024.07.16	01:35:50.449	0.97595	0.97595			6
2024.07.16	01:36:00.216	0.97596	0.97596			6
2024.07.16	01:36:11.252	0.97595	0.97595			6
2024.07.16	01:36:13.459	0.97596	0.97596			6
2024.07.16	01:36:17.559	0.97595	0.97595			6
2024.07.16	01:36:37.355	0.97596	0.97596			6
2024.07.16	01:36:40.494	0.97595	0.97595			6
2024.07.16	01:37:11.650	0.97594	0.97594			6
2024.07.16	01:37:11.680	0.97595	0.97595			6
2024.07.16	01:37:12.089	0.97594	0.97594			6
2024.07.16	01:37:16.181	0.97595	0.97595			6
2024.07.16	01:37:16.211	0.97594	0.97594			6
2024.07.16	01:37:16.494	0.97595	0.97595			6
2024.07.16	01:37:50.506	0.97596	0.97596			6
2024.07.16	01:37:50.656	0.97595	0.97595			6
2024.07.16	01:38:16.866	0.97594	0.97594			6
2024.07.16	01:38:16.954	0.97595	0.97595			6
2024.07.16	01:38:39.309	0.97596	0.97596			6
2024.07.16	01:38:40.519	0.97597	0.97597			6
2024.07.16	01:38:42.297	0.97596	0.97596			6
2024.07.16	01:38:43.871	0.97595	0.97595			6
2024.07.16	01:38:45.304	0.97596	0.97596			6
2024.07.16	01:38:50.346	0.97597	0.97597			6
2024.07.16	01:38:51.486	0.97596	0.97596			6
2024.07.16	01:38:52.696	0.97597	0.97597			6
2024.07.16	01:38:53.256	0.97596	0.97596			6
2024.07.16	01:39:00.420	0.97596				2
2024.07.16	01:39:01.346	0.97595	0.97595			6
2024.07.16	01:39:04.730	0.97594	0.97594			6
2024.07.16	01:39:04.880	0.97593	0.97593			6
2024.07.16	01:39:34.496	0.97596	0.97596			6
2024.07.16	01:39:34.527	0.97597	0.97597			6
2024.07.16	01:39:34.619	0.97598	0.97598			6
2024.07.16	01:39:36.842	0.97597	0.97597			6
2024.07.16	01:39:37.822	0.97596	0.97596			6
2024.07.16	01:39:41.853	0.97595	0.97595			6
2024.07.16	01:39:42.243	0.97596	0.97596			6
2024.07.16	01:39:43.576	0.97597	0.97597			6
2024.07.16	01:39:43.607	0.97596	0.97596			6
2024.07.16	01:39:43.637	0.97597	0.97597			6
2024.07.16	01:39:44.671	0.97596	0.97596			6
2024.07.16	01:39:45.061	0.97597	0.97597			6
2024.07.16	01:39:47.002	0.97598	0.97598			6
2024.07.16	01:39:48.935	0.97596	0.97596			6
2024.07.16	01:39:49.085	0.97597	0.97597			6
2024.07.16	01:39:51.564	0.97596	0.97596			6
2024.07.16	01:39:55.889	0.97597	0.97597			6
2024.07.16	01:40:00.523	0.97596	0.97596			6
2024.07.16	01:40:02.260	0.97597	0.97597			6
2024.07.16	01:40:18.656	0.97596	0.97596			6
2024.07.16	01:40:19.969	0.97597	0.97597			6
2024.07.16	01:40:21.805	0.97596	0.97596			6
2024.07.16	01:40:23.823	0.97597	0.97597			6
2024.07.16	01:40:27.992	0.97595	0.97595			6
2024.07.16	01:40:28.585	0.97596	0.97596			6
2024.07.16	01:40:28.765	0.97595	0.97595			6
2024.07.16	01:40:29.990	0.97594	0.97594			6
2024.07.16	01:40:30.303	0.97595	0.97595			6
2024.07.16	01:40:31.742	0.97596	0.97596			6
2024.07.16	01:40:32.844	0.97595	0.97595			6
2024.07.16	01:40:33.902	0.97594	0.97594			6
2024.07.16	01:40:34.373	0.97595	0.97595			6
2024.07.16	01:40:38.379	0.97594	0.97594			6
2024.07.16	01:40:38.968	0.97595	0.97595			6
2024.07.16	01:40:40.336	0.97594	0.97594			6
2024.07.16	01:40:40.400	0.97595	0.97595			6
2024.07.16	01:40:40.486	0.97596	0.97596			6
2024.07.16	01:40:40.578	0.97597	0.97597			6
2024.07.16	01:40:45.727	0.97596	0.97596			6
2024.07.16	01:41:32.273	0.97597	0.97597			6
2024.07.16	01:41:38.393	0.97596	0.97596			6
2024.07.16	01:41:39.223	0.97597	0.97597			6
2024.07.16	01:41:39.253	0.97596	0.97596			6
2024.07.16	01:41:40.912	0.97597	0.97597			6
2024.07.16	01:42:02.285	0.97596	0.97596			6
2024.07.16	01:42:09.686	0.97597	0.97597			6
2024.07.16	01:42:10.736	0.97596	0.97596			6
2024.07.16	01:42:11.426	0.97597	0.97597			6
2024.07.16	01:42:15.255	0.97596	0.97596			6
2024.07.16	01:42:16.967	0.97597	0.97597			6
2024.07.16	01:42:19.704	0.97596	0.97596			6
2024.07.16	01:42:24.886	0.97597	0.97597			6
2024.07.16	01:42:28.652	0.97596	0.97596			6
2024.07.16	01:42:31.433	0.97597	0.97597			6
2024.07.16	01:42:31.462	0.97596	0.97596			6
2024.07.16	01:42:31.492	0.97595	0.97595			6
2024.07.16	01:42:31.552	0.97597	0.97597			6
2024.07.16	01:42:31.583	0.97596	0.97596			6
2024.07.16	01:42:33.492	0.97597	0.97597			6
2024.07.16	01:42:33.552	0.97596	0.97596			6
2024.07.16	01:42:33.582	0.97597	0.97597			6
2024.07.16	01:43:05.261	0.97596	0.97596			6
2024.07.16	01:43:11.419	0.97597	0.97597			6
2024.07.16	01:43:11.689	0.97596	0.97596			6
2024.07.16	01:43:11.975	0.97597	0.97597			6
2024.07.16	01:43:13.045	0.97596	0.97596			6
2024.07.16	01:43:15.150	0.97597	0.97597			6
2024.07.16	01:43:16.452	0.97596	0.97596			6
2024.07.16	01:43:22.324	0.97597	0.97597			6
2024.07.16	01:43:26.791	0.97596	0.97596			6
2024.07.16	01:43:30.498	0.97597	0.97597			6
2024.07.16	01:43:35.653	0.97599	0.97599			6
2024.07.16	01:43:35.954	0.97597	0.97597			6
2024.07.16	01:43:39.139	0.97596	0.97596			6
2024.07.16	01:43:43.057	0.97597	0.97597			6
2024.07.16	01:43:46.362	0.97596	0.97596			6
2024.07.16	01:43:50.871	0.97597	0.97597			6
2024.07.16	01:43:52.953	0.97596	0.97596			6
2024.07.16	01:43:57.755	0.97597	0.97597			6
2024.07.16	01:43:58.988	0.97596	0.97596			6
2024.07.16	01:44:01.958	0.97596				2
2024.07.16	01:44:03.254	0.97597	0.97597			6
2024.07.16	01:44:09.828	0.97598	0.97598			6
2024.07.16	01:44:21.239	0.97599	0.97599			6
2024.07.16	01:44:27.461	0.97598	0.97598			6
2024.07.16	01:44:31.427	0.97599	0.97599			6
2024.07.16	01:44:31.974	0.97598	0.97598			6
2024.07.16	01:44:34.046	0.97599	0.97599			6
2024.07.16	01:44:40.828	0.97598	0.97598			6
2024.07.16	01:44:42.852	0.97599	0.97599			6
2024.07.16	01:44:43.975	0.97598	0.97598			6
2024.07.16	01:44:46.048	0.97599	0.97599			6
2024.07.16	01:44:50.536	0.97598	0.97598			6
2024.07.16	01:44:52.092	0.97599	0.97599			6
2024.07.16	01:44:56.802	0.97598	0.97598			6
2024.07.16	01:45:01.356	0.97599	0.97599			6
2024.07.16	01:45:05.260	0.97598	0.97598			6
2024.07.16	01:45:12.186	0.97597	0.97597			6
2024.07.16	01:45:14.729	0.97598	0.97598			6
2024.07.16	01:45:26.696	0.97596	0.97596			6
2024.07.16	01:45:36.956	0.97597	0.97597			6
2024.07.16	01:45:56.997	0.97596	0.97596			6
2024.07.16	01:46:00.984	0.97597	0.97597			6
2024.07.16	01:46:02.201	0.97596	0.97596			6
2024.07.16	01:46:06.249	0.97597	0.97597			6
2024.07.16	01:46:15.891	0.97596	0.97596			6
2024.07.16	01:46:18.177	0.97597	0.97597			6
2024.07.16	01:46:21.191	0.97596	0.97596			6
2024.07.16	01:46:26.565	0.97597	0.97597			6
2024.07.16	01:46:28.341	0.97596	0.97596			6
2024.07.16	01:46:28.936	0.97597	0.97597			6
2024.07.16	01:46:30.586	0.97596	0.97596			6
2024.07.16	01:46:33.913	0.97595	0.97595			6
2024.07.16	01:46:35.165	0.97596	0.97596			6
2024.07.16	01:46:41.941	0.97597	0.97597			6
2024.07.16	01:46:43.417	0.97596	0.97596			6
2024.07.16	01:46:46.239	0.97598	0.97598			6
2024.07.16	01:46:46.269	0.97597	0.97597			6
2024.07.16	01:47:19.060	0.97596	0.97596			6
2024.07.16	01:47:21.885	0.97597	0.97597			6
2024.07.16	01:47:29.541	0.97596	0.97596			6
2024.07.16	01:47:34.551	0.97597	0.97597			6
2024.07.16	01:47:53.656	0.97596	0.97596			6
2024.07.16	01:47:54.846	0.97597	0.97597			6
2024.07.16	01:48:00.006	0.97597				2
2024.07.16	01:48:18.611	0.97596	0.97596			6
2024.07.16	01:48:32.623	0.97597	0.97597			6
2024.07.16	01:48:34.261	0.97596	0.97596			6
2024.07.16	01:48:37.917	0.97597	0.97597			6
2024.07.16	01:48:38.825	0.97598	0.97598			6
2024.07.16	01:48:38.854	0.97599	0.97599			6
2024.07.16	01:48:45.664	0.97598	0.97598			6
2024.07.16	01:48:46.497	0.97599	0.97599			6
2024.07.16	01:48:51.463	0.97598	0.97598			6
2024.07.16	01:48:52.954	0.97599	0.97599			6
2024.07.16	01:48:55.371	0.97598	0.97598			6
2024.07.16	01:49:01.620	0.97597	0.97597			6
2024.07.16	01:49:01.680	0.97598	0.97598			6
2024.07.16	01:49:10.468	0.97597	0.97597			6
2024.07.16	01:49:10.498	0.97598	0.97598			6
2024.07.16	01:49:13.974	0.97597	0.97597			6
2024.07.16	01:49:14.004	0.97598	0.97598			6
2024.07.16	01:49:14.175	0.97599	0.97599			6
2024.07.16	01:49:14.359	0.97598	0.97598			6
2024.07.16	01:49:16.219	0.97597	0.97597			6
2024.07.16	01:49:24.522	0.97598	0.97598			6
2024.07.16	01:49:24.954	0.97597	0.97597			6
2024.07.16	01:49:46.372	0.97598	0.97598			6
2024.07.16	01:49:49.290	0.97597	0.97597			6
2024.07.16	01:50:00.635	0.97597				2
2024.07.16	01:50:13.801	0.97596	0.97596			6
2024.07.16	01:50:31.227	0.97597	0.97597			6
2024.07.16	01:50:31.406	0.97596	0.97596			6
2024.07.16	01:50:35.208	0.97597	0.97597			6
2024.07.16	01:50:35.617	0.97596	0.97596			6
2024.07.16	01:50:35.996	0.97597	0.97597			6
2024.07.16	01:50:38.254	0.97596	0.97596			6
2024.07.16	01:50:44.987	0.97597	0.97597			6
2024.07.16	01:50:45.374	0.97596	0.97596			6
2024.07.16	01:50:55.496	0.97595	0.97595			6
2024.07.16	01:50:55.557	0.97596	0.97596			6
2024.07.16	01:51:01.984	0.97595	0.97595			6
2024.07.16	01:51:02.044	0.97596	0.97596			6
2024.07.16	01:51:02.179	0.97595	0.97595			6
2024.07.16	01:51:02.918	0.97596	0.97596			6
2024.07.16	01:51:04.023	0.97595	0.97595			6
2024.07.16	01:51:08.903	0.97596	0.97596			6
2024.07.16	01:51:09.025	0.97597	0.97597			6
2024.07.16	01:51:09.271	0.97596	0.97596			6
2024.07.16	01:51:09.450	0.97597	0.97597			6
2024.07.16	01:51:23.308	0.97596	0.97596			6
2024.07.16	01:51:24.307	0.97597	0.97597			6
2024.07.16	01:51:27.151	0.97596	0.97596			6
2024.07.16	01:52:09.172	0.97597	0.97597			6
2024.07.16	01:52:12.040	0.97596	0.97596			6
2024.07.16	01:52:18.929	0.97597	0.97597			6
2024.07.16	01:52:30.044	0.97598	0.97598			6
2024.07.16	01:52:32.760	0.97597	0.97597			6
2024.07.16	01:52:37.086	0.97598	0.97598			6
2024.07.16	01:52:37.146	0.97597	0.97597			6
2024.07.16	01:52:41.754	0.97598	0.97598			6
2024.07.16	01:52:44.624	0.97597	0.97597			6
2024.07.16	01:53:02.278	0.97598	0.97598			6
2024.07.16	01:53:30.950	0.97599	0.97599			6
2024.07.16	01:53:34.280	0.97598	0.97598			6
2024.07.16	01:53:38.287	0.97599	0.97599			6
2024.07.16	01:53:43.348	0.97598	0.97598			6
2024.07.16	01:53:44.844	0.97596	0.97596			6
2024.07.16	01:53:44.934	0.97593	0.97593			6
2024.07.16	01:53:44.964	0.97594	0.97594			6
2024.07.16	01:54:04.378	0.97593	0.97593			6
2024.07.16	01:54:04.439	0.97592	0.97592			6
2024.07.16	01:54:10.551	0.97593	0.97593			6
2024.07.16	01:54:13.345	0.97592	0.97592			6
2024.07.16	01:54:13.751	0.97593	0.97593			6
2024.07.16	01:54:13.872	0.97592	0.97592			6
2024.07.16	01:54:14.628	0.97593	0.97593			6
2024.07.16	01:54:14.897	0.97594	0.97594			6
2024.07.16	01:54:23.426	0.97593	0.97593			6
2024.07.16	01:54:24.030	0.97592	0.97592			6
2024.07.16	01:54:25.056	0.97593	0.97593			6
2024.07.16	01:54:29.297	0.97592	0.97592			6
2024.07.16	01:54:30.547	0.97593	0.97593			6
2024.07.16	01:54:37.500	0.97592	0.97592			6
2024.07.16	01:54:38.672	0.97595	0.97595			6
2024.07.16	01:54:40.209	0.97594	0.97594			6
2024.07.16	01:54:42.020	0.97595	0.97595			6
2024.07.16	01:54:44.760	0.97594	0.97594			6
2024.07.16	01:54:44.879	0.97595	0.97595			6
2024.07.16	01:54:45.097	0.97594	0.97594			6
2024.07.16	01:54:45.691	0.97595	0.97595			6
2024.07.16	01:54:45.903	0.97596	0.97596			6
2024.07.16	01:54:46.959	0.97595	0.97595			6
2024.07.16	01:54:48.070	0.97596	0.97596			6
2024.07.16	01:54:52.346	0.97595	0.97595			6
2024.07.16	01:54:53.258	0.97596	0.97596			6
2024.07.16	01:54:53.372	0.97595	0.97595			6
2024.07.16	01:54:54.297	0.97596	0.97596			6
2024.07.16	01:54:54.434	0.97595	0.97595			6
2024.07.16	01:54:57.027	0.97596	0.97596			6
2024.07.16	01:54:57.630	0.97595	0.97595			6
2024.07.16	01:54:58.357	0.97596	0.97596			6
2024.07.16	01:54:58.568	0.97595	0.97595			6
2024.07.16	01:55:00.401	0.97596	0.97596			6
2024.07.16	01:55:01.597	0.97595	0.97595			6
2024.07.16	01:55:02.495	0.97596	0.97596			6
2024.07.16	01:55:02.616	0.97595	0.97595			6
2024.07.16	01:55:03.072	0.97594	0.97594			6
2024.07.16	01:55:04.038	0.97595	0.97595			6
2024.07.16	01:55:04.189	0.97594	0.97594			6
2024.07.16	01:55:05.047	0.97595	0.97595			6
2024.07.16	01:55:05.228	0.97594	0.97594			6
2024.07.16	01:55:05.538	0.97595	0.97595			6
2024.07.16	01:55:07.321	0.97596	0.97596			6
2024.07.16	01:55:07.411	0.97595	0.97595			6
2024.07.16	01:55:08.536	0.97594	0.97594			6
2024.07.16	01:55:08.625	0.97595	0.97595			6
2024.07.16	01:55:08.805	0.97594	0.97594			6
2024.07.16	01:55:09.348	0.97595	0.97595			6
2024.07.16	01:55:10.189	0.97594	0.97594			6
2024.07.16	01:55:10.511	0.97595	0.97595			6
2024.07.16	01:55:10.631	0.97594	0.97594			6
2024.07.16	01:55:11.533	0.97595	0.97595			6
2024.07.16	01:55:11.653	0.97594	0.97594			6
2024.07.16	01:55:12.470	0.97595	0.97595			6
2024.07.16	01:55:12.742	0.97594	0.97594			6
2024.07.16	01:55:13.619	0.97595	0.97595			6
2024.07.16	01:55:13.739	0.97594	0.97594			6
2024.07.16	01:55:14.536	0.97595	0.97595			6
2024.07.16	01:55:15.789	0.97594	0.97594			6
2024.07.16	01:55:16.019	0.97595	0.97595			6
2024.07.16	01:55:40.441	0.97597	0.97597			6
2024.07.16	01:55:40.752	0.97595	0.97595			6
2024.07.16	01:55:44.968	0.97596	0.97596			6
2024.07.16	01:55:46.266	0.97595	0.97595			6
2024.07.16	01:55:52.628	0.97594	0.97594			6
2024.07.16	01:56:00.018	0.97595	0.97595			6
2024.07.16	01:56:00.047	0.97594	0.97594			6
2024.07.16	01:56:00.139	0.97595	0.97595			6
2024.07.16	01:56:02.610	0.97593	0.97593			6
2024.07.16	01:56:02.700	0.97595	0.97595			6
2024.07.16	01:56:03.553	0.97596	0.97596			6
2024.07.16	01:56:03.582	0.97597	0.97597			6
2024.07.16	01:56:03.823	0.97598	0.97598			6
2024.07.16	01:56:04.879	0.97601	0.97601			6
2024.07.16	01:56:04.973	0.97602	0.97602			6
2024.07.16	01:56:06.008	0.97603	0.97603			6
2024.07.16	01:56:07.189	0.97602	0.97602			6
2024.07.16	01:56:09.471	0.97603	0.97603			6
2024.07.16	01:56:09.561	0.97602	0.97602			6
2024.07.16	01:56:16.238	0.97603	0.97603			6
2024.07.16	01:56:16.683	0.97604	0.97604			6
2024.07.16	01:56:21.106	0.97603	0.97603			6
2024.07.16	01:56:43.022	0.97604	0.97604			6
2024.07.16	01:56:43.457	0.97603	0.97603			6
2024.07.16	01:56:47.605	0.97602	0.97602			6
2024.07.16	01:56:47.921	0.97603	0.97603			6
2024.07.16	01:56:48.735	0.97602	0.97602			6
2024.07.16	01:56:51.718	0.97603	0.97603			6
2024.07.16	01:56:55.449	0.97602	0.97602			6
2024.07.16	01:56:55.540	0.97604	0.97604			6
2024.07.16	01:56:55.570	0.97603	0.97603			6
2024.07.16	01:57:17.611	0.97602	0.97602			6
2024.07.16	01:57:30.157	0.97600	0.97600			6
2024.07.16	01:57:31.363	0.97601	0.97601			6
2024.07.16	01:57:31.393	0.97602	0.97602			6
2024.07.16	01:57:31.604	0.97601	0.97601			6
2024.07.16	01:57:35.619	0.97602	0.97602			6
2024.07.16	01:57:35.649	0.97601	0.97601			6
2024.07.16	01:57:39.251	0.97602	0.97602			6
2024.07.16	01:57:39.282	0.97601	0.97601			6
2024.07.16	01:57:45.076	0.97600	0.97600			6
2024.07.16	01:57:45.697	0.97601	0.97601			6
2024.07.16	01:57:48.263	0.97602	0.97602			6
2024.07.16	01:57:48.442	0.97601	0.97601			6
2024.07.16	01:57:49.324	0.97602	0.97602			6
2024.07.16	01:57:50.410	0.97601	0.97601			6
2024.07.16	01:58:12.346	0.97600	0.97600			6
2024.07.16	01:58:12.406	0.97601	0.97601			6
2024.07.16	01:58:17.123	0.97600	0.97600			6
2024.07.16	01:58:17.454	0.97601	0.97601			6
2024.07.16	01:58:18.858	0.97600	0.97600			6
2024.07.16	01:58:18.952	0.97601	0.97601			6
2024.07.16	01:58:19.166	0.97602	0.97602			6
2024.07.16	01:58:25.879	0.97601	0.97601			6
2024.07.16	01:58:29.697	0.97602	0.97602			6
2024.07.16	01:58:29.726	0.97601	0.97601			6
2024.07.16	01:58:29.819	0.97602	0.97602			6
2024.07.16	01:58:32.893	0.97601	0.97601			6
2024.07.16	01:58:43.593	0.97602	0.97602			6
2024.07.16	01:58:43.821	0.97601	0.97601			6
2024.07.16	01:58:53.901	0.97600	0.97600			6
2024.07.16	01:58:54.020	0.97601	0.97601			6
2024.07.16	01:59:06.674	0.97600	0.97600			6
2024.07.16	01:59:06.853	0.97599	0.97599			6
2024.07.16	01:59:12.613	0.97598	0.97598			6
2024.07.16	01:59:20.442	0.97597	0.97597			6
2024.07.16	01:59:20.878	0.97598	0.97598			6
2024.07.16	01:59:33.955	0.97597	0.97597			6
2024.07.16	01:59:34.224	0.97598	0.97598			6
2024.07.16	01:59:37.043	0.97599	0.97599			6
2024.07.16	01:59:38.325	0.97598	0.97598			6
2024.07.16	01:59:38.354	0.97596	0.97596			6
2024.07.16	01:59:41.196	0.97595	0.97595			6
2024.07.16	01:59:47.129	0.97593	0.97593			6
2024.07.16	01:59:47.509	0.97592	0.97592			6
2024.07.16	01:59:49.119	0.97591	0.97591			6
2024.07.16	01:59:50.916	0.97592	0.97592			6
2024.07.16	01:59:51.033	0.97593	0.97593			6
2024.07.16	01:59:51.572	0.97592	0.97592			6
2024.07.16	01:59:52.965	0.97593	0.97593			6
2024.07.16	01:59:58.568	0.97592	0.97592			6
2024.07.16	02:00:00.050	0.97593	0.97593			6
2024.07.16	02:00:00.080	0.97592	0.97592			6
2024.07.16	02:00:00.169	0.97593	0.97593			6
2024.07.16	02:00:01.125	0.97592	0.97592			6
2024.07.16	02:00:01.953	0.97593	0.97593			6
2024.07.16	02:00:05.892	0.97592	0.97592			6
2024.07.16	02:00:06.074	0.97593	0.97593			6
2024.07.16	02:00:06.258	0.97592	0.97592			6
2024.07.16	02:00:09.549	0.97593	0.97593			6
2024.07.16	02:00:12.875	0.97592	0.97592			6
2024.07.16	02:00:13.347	0.97593	0.97593			6
2024.07.16	02:00:18.729	0.97595	0.97595			6
2024.07.16	02:00:19.332	0.97596	0.97596			6
2024.07.16	02:00:19.452	0.97597	0.97597			6
2024.07.16	02:00:20.110	0.97596	0.97596			6
2024.07.16	02:00:21.872	0.97594	0.97594			6
2024.07.16	02:00:28.389	0.97595	0.97595			6
2024.07.16	02:00:29.392	0.97594	0.97594			6
2024.07.16	02:00:34.669	0.97595	0.97595			6
2024.07.16	02:00:51.251	0.97594	0.97594			6
2024.07.16	02:00:59.313	0.97595	0.97595			6
2024.07.16	02:00:59.492	0.97594	0.97594			6
2024.07.16	02:01:02.051	0.97593	0.97593			6
2024.07.16	02:01:02.141	0.97594	0.97594			6
2024.07.16	02:01:02.171	0.97595	0.97595			6
2024.07.16	02:01:02.350	0.97596	0.97596			6
2024.07.16	02:01:02.921	0.97595	0.97595			6
2024.07.16	02:01:03.043	0.97596	0.97596			6
2024.07.16	02:01:03.243	0.97597	0.97597			6
2024.07.16	02:01:03.364	0.97596	0.97596			6
2024.07.16	02:01:03.455	0.97597	0.97597			6
2024.07.16	02:01:03.544	0.97596	0.97596			6
2024.07.16	02:01:03.672	0.97597	0.97597			6
2024.07.16	02:01:03.751	0.97596	0.97596			6
2024.07.16	02:01:03.872	0.97597	0.97597			6
2024.07.16	02:01:03.976	0.97596	0.97596			6
2024.07.16	02:01:04.096	0.97597	0.97597			6
2024.07.16	02:01:07.054	0.97596	0.97596			6
2024.07.16	02:01:12.765	0.97594	0.97594			6
2024.07.16	02:01:13.806	0.97595	0.97595			6
2024.07.16	02:01:19.468	0.97596	0.97596			6
2024.07.16	02:01:19.796	0.97595	0.97595			6
2024.07.16	02:01:27.477	0.97596	0.97596			6
2024.07.16	02:01:33.186	0.97595	0.97595			6
2024.07.16	02:01:51.338	0.97596	0.97596			6
2024.07.16	02:01:52.727	0.97595	0.97595			6
2024.07.16	02:01:53.638	0.97593	0.97593			6
2024.07.16	02:01:58.706	0.97595	0.97595			6
2024.07.16	02:01:59.444	0.97596	0.97596			6
2024.07.16	02:02:04.643	0.97595	0.97595			6
2024.07.16	02:02:08.499	0.97594	0.97594			6
2024.07.16	02:02:08.593	0.97593	0.97593			6
2024.07.16	02:02:09.167	0.97592	0.97592			6
2024.07.16	02:02:09.227	0.97593	0.97593			6
2024.07.16	02:02:12.667	0.97592	0.97592			6
2024.07.16	02:02:26.096	0.97591	0.97591			6
2024.07.16	02:02:26.737	0.97592	0.97592			6
2024.07.16	02:02:56.754	0.97593	0.97593			6
2024.07.16	02:02:57.781	0.97592	0.97592			6
2024.07.16	02:02:59.908	0.97593	0.97593			6
2024.07.16	02:03:04.213	0.97592	0.97592			6
2024.07.16	02:03:04.736	0.97593	0.97593			6
2024.07.16	02:03:15.635	0.97592	0.97592			6
2024.07.16	02:03:17.234	0.97595	0.97595			6
2024.07.16	02:03:17.548	0.97592	0.97592			6
2024.07.16	02:03:18.210	0.97593	0.97593			6
2024.07.16	02:03:18.830	0.97592	0.97592			6
2024.07.16	02:03:30.119	0.97593	0.97593			6
2024.07.16	02:03:30.505	0.97592	0.97592			6
2024.07.16	02:03:36.673	0.97593	0.97593			6
2024.07.16	02:03:49.225	0.97592	0.97592			6
2024.07.16	02:03:50.295	0.97593	0.97593			6
2024.07.16	02:03:52.639	0.97592	0.97592			6
2024.07.16	02:03:53.542	0.97593	0.97593			6
2024.07.16	02:04:00.700	0.97593				2
2024.07.16	02:04:35.827	0.97596	0.97596			6
2024.07.16	02:04:35.854	0.97597	0.97597			6
2024.07.16	02:04:35.915	0.97596	0.97596			6
2024.07.16	02:04:36.369	0.97595	0.97595			6
2024.07.16	02:04:36.941	0.97596	0.97596			6
2024.07.16	02:04:37.379	0.97595	0.97595			6
2024.07.16	02:04:37.681	0.97598	0.97598			6
2024.07.16	02:04:40.413	0.97597	0.97597			6
2024.07.16	02:04:54.337	0.97596	0.97596			6
2024.07.16	02:04:54.547	0.97595	0.97595			6
2024.07.16	02:04:58.012	0.97596	0.97596			6
2024.07.16	02:04:59.071	0.97595	0.97595			6
2024.07.16	02:04:59.353	0.97596	0.97596			6
2024.07.16	02:04:59.382	0.97597	0.97597			6
2024.07.16	02:04:59.413	0.97596	0.97596			6
2024.07.16	02:04:59.472	0.97597	0.97597			6
2024.07.16	02:04:59.532	0.97596	0.97596			6
2024.07.16	02:05:00.282	0.97596				2
2024.07.16	02:05:02.459	0.97597	0.97597			6
2024.07.16	02:05:02.487	0.97598	0.97598			6
2024.07.16	02:05:03.633	0.97597	0.97597			6
2024.07.16	02:05:03.921	0.97598	0.97598			6
2024.07.16	02:05:07.742	0.97599	0.97599			6
2024.07.16	02:05:07.774	0.97598	0.97598			6
2024.07.16	02:05:07.892	0.97599	0.97599			6
2024.07.16	02:05:10.227	0.97600	0.97600			6
2024.07.16	02:05:10.559	0.97599	0.97599			6
2024.07.16	02:05:10.649	0.97600	0.97600			6
2024.07.16	02:05:11.051	0.97601	0.97601			6
2024.07.16	02:05:12.017	0.97599	0.97599			6
2024.07.16	02:05:12.467	0.97600	0.97600			6
2024.07.16	02:05:12.498	0.97599	0.97599			6
2024.07.16	02:05:17.256	0.97600	0.97600			6
2024.07.16	02:05:17.288	0.97599	0.97599			6
2024.07.16	02:05:17.377	0.97600	0.97600			6
2024.07.16	02:05:25.126	0.97599	0.97599			6
2024.07.16	02:05:33.818	0.97600	0.97600			6
2024.07.16	02:05:35.831	0.97599	0.97599			6
2024.07.16	02:05:36.352	0.97600	0.97600			6
2024.07.16	02:05:37.034	0.97599	0.97599			6
2024.07.16	02:05:37.064	0.97600	0.97600			6
2024.07.16	02:05:38.721	0.97599	0.97599			6
2024.07.16	02:05:41.041	0.97600	0.97600			6
2024.07.16	02:05:41.405	0.97599	0.97599			6
2024.07.16	02:05:41.434	0.97598	0.97598			6
2024.07.16	02:05:41.737	0.97599	0.97599			6
2024.07.16	02:05:41.886	0.97600	0.97600			6
2024.07.16	02:05:42.157	0.97599	0.97599			6
2024.07.16	02:05:42.248	0.97600	0.97600			6
2024.07.16	02:05:47.278	0.97599	0.97599			6
2024.07.16	02:05:48.780	0.97600	0.97600			6
2024.07.16	02:06:00.698	0.97600				2
2024.07.16	02:06:04.666	0.97601	0.97601			6
2024.07.16	02:06:05.153	0.97600	0.97600			6
2024.07.16	02:06:05.343	0.97599	0.97599			6
2024.07.16	02:06:06.185	0.97600	0.97600			6
2024.07.16	02:06:07.131	0.97599	0.97599			6
2024.07.16	02:06:07.491	0.97600	0.97600			6
2024.07.16	02:06:09.088	0.97599	0.97599			6
2024.07.16	02:06:31.617	0.97600	0.97600			6
2024.07.16	02:06:35.710	0.97599	0.97599			6
2024.07.16	02:06:37.517	0.97600	0.97600			6
2024.07.16	02:06:39.665	0.97599	0.97599			6
2024.07.16	02:06:40.316	0.97600	0.97600			6
2024.07.16	02:06:40.864	0.97599	0.97599			6
2024.07.16	02:06:42.026	0.97600	0.97600			6
2024.07.16	02:06:51.966	0.97602	0.97602			6
2024.07.16	02:06:54.058	0.97603	0.97603			6
2024.07.16	02:06:57.718	0.97604	0.97604			6
2024.07.16	02:06:59.557	0.97603	0.97603			6
2024.07.16	02:07:00.979	0.97604	0.97604			6
2024.07.16	02:07:01.159	0.97603	0.97603			6
2024.07.16	02:07:01.845	0.97604	0.97604			6
2024.07.16	02:07:02.764	0.97603	0.97603			6
2024.07.16	02:07:03.630	0.97604	0.97604			6
2024.07.16	02:07:06.551	0.97603	0.97603			6
2024.07.16	02:07:06.752	0.97604	0.97604			6
2024.07.16	02:07:07.151	0.97603	0.97603			6
2024.07.16	02:07:07.343	0.97604	0.97604			6
2024.07.16	02:07:08.053	0.97603	0.97603			6
2024.07.16	02:07:08.274	0.97604	0.97604			6
2024.07.16	02:07:08.872	0.97603	0.97603			6
2024.07.16	02:07:08.932	0.97604	0.97604			6
2024.07.16	02:07:09.080	0.97603	0.97603			6
2024.07.16	02:07:09.229	0.97604	0.97604			6
2024.07.16	02:07:41.519	0.97603	0.97603			6
2024.07.16	02:07:42.322	0.97604	0.97604			6
2024.07.16	02:07:42.352	0.97603	0.97603			6
2024.07.16	02:08:11.885	0.97602	0.97602			6
2024.07.16	02:08:12.095	0.97603	0.97603			6
2024.07.16	02:08:20.293	0.97604	0.97604			6
2024.07.16	02:08:20.588	0.97603	0.97603			6
2024.07.16	02:08:23.168	0.97602	0.97602			6
2024.07.16	02:08:23.227	0.97603	0.97603			6
2024.07.16	02:08:23.287	0.97602	0.97602			6
2024.07.16	02:08:23.685	0.97603	0.97603			6
2024.07.16	02:08:25.791	0.97605	0.97605			6
2024.07.16	02:08:25.823	0.97604	0.97604			6
2024.07.16	02:08:25.881	0.97605	0.97605			6
2024.07.16	02:08:26.272	0.97606	0.97606			6
2024.07.16	02:08:27.304	0.97604	0.97604			6
2024.07.16	02:08:28.060	0.97605	0.97605			6
2024.07.16	02:08:43.712	0.97606	0.97606			6
2024.07.16	02:08:44.673	0.97605	0.97605			6
2024.07.16	02:08:44.766	0.97604	0.97604			6
2024.07.16	02:08:44.856	0.97605	0.97605			6
2024.07.16	02:08:50.861	0.97606	0.97606			6
2024.07.16	02:08:51.279	0.97607	0.97607			6
2024.07.16	02:08:51.443	0.97606	0.97606			6
2024.07.16	02:08:51.473	0.97605	0.97605			6
2024.07.16	02:08:51.533	0.97604	0.97604			6
2024.07.16	02:08:51.713	0.97605	0.97605			6
2024.07.16	02:08:51.950	0.97603	0.97603			6
2024.07.16	02:08:52.674	0.97604	0.97604			6
2024.07.16	02:08:54.993	0.97605	0.97605			6
2024.07.16	02:08:55.579	0.97604	0.97604			6
2024.07.16	02:08:56.107	0.97605	0.97605			6
2024.07.16	02:08:56.195	0.97604	0.97604			6
2024.07.16	02:08:58.802	0.97605	0.97605			6
2024.07.16	02:08:59.413	0.97604	0.97604			6
2024.07.16	02:09:00.665	0.97604				2
2024.07.16	02:09:10.163	0.97603	0.97603			6
2024.07.16	02:09:10.834	0.97604	0.97604			6
2024.07.16	02:09:20.712	0.97605	0.97605			6
2024.07.16	02:09:25.787	0.97604	0.97604			6
2024.07.16	02:09:25.847	0.97605	0.97605			6
2024.07.16	02:09:32.623	0.97604	0.97604			6
2024.07.16	02:09:32.684	0.97605	0.97605			6
2024.07.16	02:09:40.795	0.97606	0.97606			6
2024.07.16	02:09:41.125	0.97605	0.97605			6
2024.07.16	02:09:53.480	0.97604	0.97604			6
2024.07.16	02:09:53.510	0.97605	0.97605			6
2024.07.16	02:09:53.750	0.97604	0.97604			6
2024.07.16	02:09:53.990	0.97605	0.97605			6
2024.07.16	02:09:55.816	0.97604	0.97604			6
2024.07.16	02:09:56.699	0.97605	0.97605			6
2024.07.16	02:09:58.911	0.97604	0.97604			6
2024.07.16	02:10:00.800	0.97605	0.97605			6
2024.07.16	02:10:32.279	0.97604	0.97604			6
2024.07.16	02:10:36.772	0.97605	0.97605			6
2024.07.16	02:10:42.639	0.97604	0.97604			6
2024.07.16	02:11:01.114	0.97604				2
2024.07.16	02:11:22.743	0.97603	0.97603			6
2024.07.16	02:11:23.163	0.97604	0.97604			6
2024.07.16	02:11:24.705	0.97603	0.97603			6
2024.07.16	02:11:24.939	0.97604	0.97604			6
2024.07.16	02:11:25.715	0.97603	0.97603			6
2024.07.16	02:11:26.005	0.97604	0.97604			6
2024.07.16	02:11:26.249	0.97603	0.97603			6
2024.07.16	02:11:26.898	0.97604	0.97604			6
2024.07.16	02:11:26.928	0.97603	0.97603			6
2024.07.16	02:11:27.199	0.97604	0.97604			6
2024.07.16	02:11:27.447	0.97605	0.97605			6
2024.07.16	02:11:28.369	0.97604	0.97604			6
2024.07.16	02:11:36.123	0.97603	0.97603			6
2024.07.16	02:11:38.499	0.97604	0.97604			6
2024.07.16	02:11:51.774	0.97603	0.97603			6
2024.07.16	02:11:52.330	0.97604	0.97604			6
2024.07.16	02:11:53.337	0.97603	0.97603			6
2024.07.16	02:11:53.688	0.97604	0.97604			6
2024.07.16	02:11:56.835	0.97605	0.97605			6
2024.07.16	02:11:57.855	0.97604	0.97604			6
2024.07.16	02:11:58.466	0.97605	0.97605			6
2024.07.16	02:12:00.075	0.97605				2
2024.07.16	02:12:09.141	0.97604	0.97604			6
2024.07.16	02:12:13.227	0.97605	0.97605			6
2024.07.16	02:12:13.967	0.97606	0.97606			6
2024.07.16	02:12:13.999	0.97610	0.97610			6
2024.07.16	02:12:14.088	0.97612	0.97612			6
2024.07.16	02:12:14.209	0.97610	0.97610			6
2024.07.16	02:12:16.534	0.97609	0.97609			6
2024.07.16	02:12:16.895	0.97608	0.97608			6
2024.07.16	02:12:17.013	0.97609	0.97609			6
2024.07.16	02:12:20.355	0.97608	0.97608			6
2024.07.16	02:12:20.656	0.97609	0.97609			6
2024.07.16	02:12:28.521	0.97608	0.97608			6
2024.07.16	02:12:31.889	0.97607	0.97607			6
2024.07.16	02:12:32.469	0.97606	0.97606			6
2024.07.16	02:12:32.786	0.97607	0.97607			6
2024.07.16	02:12:35.825	0.97606	0.97606			6
2024.07.16	02:12:40.328	0.97605	0.97605			6
2024.07.16	02:12:42.070	0.97606	0.97606			6
2024.07.16	02:12:45.528	0.97605	0.97605			6
2024.07.16	02:13:01.578	0.97606	0.97606			6
2024.07.16	02:13:01.847	0.97605	0.97605			6
2024.07.16	02:13:04.731	0.97606	0.97606			6
2024.07.16	02:13:05.000	0.97605	0.97605			6
2024.07.16	02:13:09.969	0.97606	0.97606			6
2024.07.16	02:13:10.000	0.97603	0.97603			6
2024.07.16	02:13:10.088	0.97602	0.97602			6
2024.07.16	02:13:12.390	0.97603	0.97603			6
2024.07.16	02:13:14.089	0.97605	0.97605			6
2024.07.16	02:13:17.901	0.97604	0.97604			6
2024.07.16	02:13:20.780	0.97603	0.97603			6
2024.07.16	02:13:20.812	0.97602	0.97602			6
2024.07.16	02:13:20.899	0.97601	0.97601			6
2024.07.16	02:13:20.988	0.97600	0.97600			6
2024.07.16	02:13:22.343	0.97601	0.97601			6
2024.07.16	02:13:26.528	0.97600	0.97600			6
2024.07.16	02:13:29.078	0.97601	0.97601			6
2024.07.16	02:13:36.188	0.97602	0.97602			6
2024.07.16	02:13:44.747	0.97603	0.97603			6
2024.07.16	02:14:00.082	0.97602	0.97602			6
2024.07.16	02:14:07.339	0.97603	0.97603			6
2024.07.16	02:14:07.371	0.97602	0.97602			6
2024.07.16	02:14:07.490	0.97601	0.97601			6
2024.07.16	02:14:07.520	0.97600	0.97600			6
2024.07.16	02:14:14.380	0.97599	0.97599			6
2024.07.16	02:14:14.500	0.97600	0.97600			6
2024.07.16	02:14:22.300	0.97599	0.97599			6
2024.07.16	02:14:22.548	0.97600	0.97600			6
2024.07.16	02:14:22.715	0.97599	0.97599			6
2024.07.16	02:14:22.866	0.97600	0.97600			6
2024.07.16	02:14:22.925	0.97599	0.97599			6
2024.07.16	02:14:22.985	0.97600	0.97600			6
2024.07.16	02:14:23.075	0.97601	0.97601			6
2024.07.16	02:14:23.105	0.97602	0.97602			6
2024.07.16	02:14:23.135	0.97603	0.97603			6
2024.07.16	02:14:23.166	0.97602	0.97602			6
2024.07.16	02:14:24.131	0.97603	0.97603			6
2024.07.16	02:14:26.044	0.97602	0.97602			6
2024.07.16	02:14:27.004	0.97603	0.97603			6
2024.07.16	02:14:27.600	0.97602	0.97602			6
2024.07.16	02:14:27.837	0.97603	0.97603			6
2024.07.16	02:14:30.366	0.97602	0.97602			6
2024.07.16	02:14:39.447	0.97603	0.97603			6
2024.07.16	02:14:39.596	0.97602	0.97602			6
2024.07.16	02:14:45.512	0.97603	0.97603			6
2024.07.16	02:14:45.604	0.97601	0.97601			6
2024.07.16	02:14:54.563	0.97602	0.97602			6
2024.07.16	02:14:54.684	0.97601	0.97601			6
2024.07.16	02:14:54.712	0.97602	0.97602			6
2024.07.16	02:14:59.414	0.97603	0.97603			6
2024.07.16	02:14:59.740	0.97602	0.97602			6
2024.07.16	02:15:00.746	0.97603	0.97603			6
2024.07.16	02:15:09.638	0.97604	0.97604			6
2024.07.16	02:15:09.793	0.97603	0.97603			6
2024.07.16	02:15:09.823	0.97604	0.97604			6
2024.07.16	02:15:09.912	0.97603	0.97603			6
2024.07.16	02:15:10.092	0.97604	0.97604			6
2024.07.16	02:15:10.122	0.97603	0.97603			6
2024.07.16	02:15:10.760	0.97604	0.97604			6
2024.07.16	02:15:11.223	0.97603	0.97603			6
2024.07.16	02:15:16.493	0.97604	0.97604			6
2024.07.16	02:15:23.940	0.97602	0.97602			6
2024.07.16	02:15:25.590	0.97601	0.97601			6
2024.07.16	02:15:27.959	0.97602	0.97602			6
2024.07.16	02:15:28.253	0.97601	0.97601			6
2024.07.16	02:15:36.120	0.97600	0.97600			6
2024.07.16	02:15:43.052	0.97599	0.97599			6
2024.07.16	02:15:44.026	0.97597	0.97597			6
2024.07.16	02:15:50.516	0.97596	0.97596			6
2024.07.16	02:15:50.546	0.97597	0.97597			6
2024.07.16	02:15:50.917	0.97596	0.97596			6
2024.07.16	02:15:51.720	0.97597	0.97597			6
2024.07.16	02:15:57.947	0.97596	0.97596			6
2024.07.16	02:15:58.128	0.97595	0.97595			6
2024.07.16	02:15:59.010	0.97596	0.97596			6
2024.07.16	02:15:59.049	0.97595	0.97595			6
2024.07.16	02:15:59.110	0.97596	0.97596			6
2024.07.16	02:15:59.293	0.97595	0.97595			6
2024.07.16	02:16:00.116	0.97596	0.97596			6
2024.07.16	02:16:00.266	0.97595	0.97595			6
2024.07.16	02:16:00.897	0.97596	0.97596			6
2024.07.16	02:16:02.162	0.97597	0.97597			6
2024.07.16	02:16:02.234	0.97596	0.97596			6
2024.07.16	02:16:04.889	0.97597	0.97597			6
2024.07.16	02:16:10.294	0.97598	0.97598			6
2024.07.16	02:16:10.384	0.97597	0.97597			6
2024.07.16	02:16:10.653	0.97598	0.97598			6
2024.07.16	02:16:10.803	0.97597	0.97597			6
2024.07.16	02:16:16.037	0.97596	0.97596			6
2024.07.16	02:16:16.548	0.97597	0.97597			6
2024.07.16	02:16:17.517	0.97596	0.97596			6
2024.07.16	02:16:17.757	0.97598	0.97598			6
2024.07.16	02:16:20.589	0.97599	0.97599			6
2024.07.16	02:16:41.888	0.97600	0.97600			6
2024.07.16	02:16:50.904	0.97602	0.97602			6
2024.07.16	02:16:51.172	0.97601	0.97601			6
2024.07.16	02:17:03.014	0.97601				2
2024.07.16	02:17:10.893	0.97602	0.97602			6
2024.07.16	02:17:11.684	0.97601	0.97601			6
2024.07.16	02:17:18.792	0.97602	0.97602			6
2024.07.16	02:17:18.914	0.97601	0.97601			6
2024.07.16	02:17:20.743	0.97600	0.97600			6
2024.07.16	02:17:20.951	0.97601	0.97601			6
2024.07.16	02:17:26.642	0.97602	0.97602			6
2024.07.16	02:17:27.957	0.97601	0.97601			6
2024.07.16	02:17:28.769	0.97600	0.97600			6
2024.07.16	02:17:30.345	0.97601	0.97601			6
2024.07.16	02:17:30.735	0.97600	0.97600			6
2024.07.16	02:17:30.975	0.97601	0.97601			6
2024.07.16	02:17:39.055	0.97600	0.97600			6
2024.07.16	02:17:39.355	0.97601	0.97601			6
2024.07.16	02:17:41.841	0.97600	0.97600			6
2024.07.16	02:17:42.872	0.97599	0.97599			6
2024.07.16	02:17:42.932	0.97598	0.97598			6
2024.07.16	02:17:43.023	0.97597	0.97597			6
2024.07.16	02:17:43.788	0.97596	0.97596			6
2024.07.16	02:17:53.893	0.97597	0.97597			6
2024.07.16	02:18:00.118	0.97596	0.97596			6
2024.07.16	02:18:02.985	0.97597	0.97597			6
2024.07.16	02:18:13.611	0.97598	0.97598			6
2024.07.16	02:18:13.941	0.97597	0.97597			6
2024.07.16	02:18:20.111	0.97598	0.97598			6
2024.07.16	02:18:20.801	0.97597	0.97597			6
2024.07.16	02:18:21.072	0.97598	0.97598			6
2024.07.16	02:18:21.525	0.97597	0.97597			6
2024.07.16	02:18:23.649	0.97599	0.97599			6
2024.07.16	02:18:23.923	0.97597	0.97597			6
2024.07.16	02:18:27.570	0.97598	0.97598			6
2024.07.16	02:18:32.354	0.97599	0.97599			6
2024.07.16	02:18:32.504	0.97598	0.97598			6
2024.07.16	02:18:32.533	0.97599	0.97599			6
2024.07.16	02:18:32.775	0.97600	0.97600			6
2024.07.16	02:18:32.986	0.97601	0.97601			6
2024.07.16	02:18:54.097	0.97600	0.97600			6
2024.07.16	02:18:54.548	0.97601	0.97601			6
2024.07.16	02:18:57.628	0.97602	0.97602			6
2024.07.16	02:19:00.042	0.97602				2
2024.07.16	02:19:06.100	0.97603	0.97603			6
2024.07.16	02:19:06.596	0.97602	0.97602			6
2024.07.16	02:19:06.687	0.97603	0.97603			6
2024.07.16	02:19:11.030	0.97602	0.97602			6
2024.07.16	02:19:18.669	0.97603	0.97603			6
2024.07.16	02:19:18.700	0.97602	0.97602			6
2024.07.16	02:19:21.604	0.97603	0.97603			6
2024.07.16	02:19:24.679	0.97602	0.97602			6
2024.07.16	02:19:25.344	0.97603	0.97603			6
2024.07.16	02:19:29.637	0.97601	0.97601			6
2024.07.16	02:19:29.907	0.97602	0.97602			6
2024.07.16	02:19:34.344	0.97601	0.97601			6
2024.07.16	02:19:34.519	0.97602	0.97602			6
2024.07.16	02:19:48.362	0.97601	0.97601			6
2024.07.16	02:19:48.392	0.97602	0.97602			6
2024.07.16	02:19:48.873	0.97601	0.97601			6
2024.07.16	02:19:48.934	0.97603	0.97603			6
2024.07.16	02:19:49.807	0.97602	0.97602			6
2024.07.16	02:19:54.649	0.97603	0.97603			6
2024.07.16	02:19:54.911	0.97602	0.97602			6
2024.07.16	02:19:55.389	0.97603	0.97603			6
2024.07.16	02:19:59.574	0.97602	0.97602			6
2024.07.16	02:19:59.604	0.97601	0.97601			6
2024.07.16	02:19:59.943	0.97602	0.97602			6
2024.07.16	02:20:00.274	0.97602				2
2024.07.16	02:20:11.424	0.97601	0.97601			6
2024.07.16	02:20:11.875	0.97602	0.97602			6
2024.07.16	02:20:12.569	0.97601	0.97601			6
2024.07.16	02:20:13.029	0.97602	0.97602			6
2024.07.16	02:20:15.586	0.97601	0.97601			6
2024.07.16	02:20:15.889	0.97602	0.97602			6
2024.07.16	02:20:16.972	0.97601	0.97601			6
2024.07.16	02:20:25.191	0.97602	0.97602			6
2024.07.16	02:20:29.707	0.97601	0.97601			6
2024.07.16	02:20:29.808	0.97602	0.97602			6
2024.07.16	02:20:29.958	0.97601	0.97601			6
2024.07.16	02:20:30.411	0.97602	0.97602			6
2024.07.16	02:20:31.173	0.97601	0.97601			6
2024.07.16	02:20:32.297	0.97602	0.97602			6
2024.07.16	02:20:32.419	0.97600	0.97600			6
2024.07.16	02:20:32.568	0.97601	0.97601			6
2024.07.16	02:20:32.628	0.97600	0.97600			6
2024.07.16	02:20:33.921	0.97601	0.97601			6
2024.07.16	02:20:34.040	0.97600	0.97600			6
2024.07.16	02:20:45.462	0.97601	0.97601			6
2024.07.16	02:20:50.357	0.97600	0.97600			6
2024.07.16	02:21:00.391	0.97601	0.97601			6
2024.07.16	02:21:00.842	0.97600	0.97600			6
2024.07.16	02:21:01.084	0.97599	0.97599			6
2024.07.16	02:21:01.655	0.97600	0.97600			6
2024.07.16	02:21:11.440	0.97601	0.97601			6
2024.07.16	02:21:21.175	0.97600	0.97600			6
2024.07.16	02:21:21.355	0.97601	0.97601			6
2024.07.16	02:21:26.719	0.97602	0.97602			6
2024.07.16	02:21:26.748	0.97601	0.97601			6
2024.07.16	02:21:46.920	0.97602	0.97602			6
2024.07.16	02:21:47.160	0.97601	0.97601			6
2024.07.16	02:21:54.633	0.97602	0.97602			6
2024.07.16	02:21:55.460	0.97601	0.97601			6
2024.07.16	02:21:55.996	0.97602	0.97602			6
2024.07.16	02:21:56.472	0.97601	0.97601			6
2024.07.16	02:21:56.934	0.97602	0.97602			6
2024.07.16	02:21:57.512	0.97601	0.97601			6
2024.07.16	02:21:57.917	0.97602	0.97602			6
2024.07.16	02:21:58.545	0.97601	0.97601			6
2024.07.16	02:21:59.013	0.97602	0.97602			6
2024.07.16	02:21:59.598	0.97601	0.97601			6
2024.07.16	02:22:02.164	0.97601				2
2024.07.16	02:22:17.850	0.97602	0.97602			6
2024.07.16	02:22:18.032	0.97601	0.97601			6
2024.07.16	02:22:18.371	0.97602	0.97602			6
2024.07.16	02:22:18.401	0.97601	0.97601			6
2024.07.16	02:22:19.042	0.97602	0.97602			6
2024.07.16	02:22:19.102	0.97601	0.97601			6
2024.07.16	02:22:26.086	0.97602	0.97602			6
2024.07.16	02:22:26.116	0.97601	0.97601			6
2024.07.16	02:22:26.145	0.97602	0.97602			6
2024.07.16	02:22:27.452	0.97601	0.97601			6
2024.07.16	02:22:27.539	0.97602	0.97602			6
2024.07.16	02:22:28.079	0.97603	0.97603			6
2024.07.16	02:22:28.650	0.97602	0.97602			6
2024.07.16	02:22:37.547	0.97601	0.97601			6
2024.07.16	02:22:37.579	0.97602	0.97602			6
2024.07.16	02:22:38.179	0.97601	0.97601			6
2024.07.16	02:22:42.461	0.97602	0.97602			6
2024.07.16	02:22:43.651	0.97601	0.97601			6
2024.07.16	02:22:44.875	0.97602	0.97602			6
2024.07.16	02:22:47.723	0.97601	0.97601			6
2024.07.16	02:22:51.939	0.97602	0.97602			6
2024.07.16	02:22:59.797	0.97601	0.97601			6
2024.07.16	02:22:59.827	0.97600	0.97600			6
2024.07.16	02:23:00.302	0.97601	0.97601			6
2024.07.16	02:23:10.776	0.97600	0.97600			6
2024.07.16	02:23:11.098	0.97601	0.97601			6
2024.07.16	02:23:16.197	0.97600	0.97600			6
2024.07.16	02:23:33.254	0.97599	0.97599			6
2024.07.16	02:23:33.284	0.97598	0.97598			6
2024.07.16	02:23:33.705	0.97599	0.97599			6
2024.07.16	02:23:33.944	0.97598	0.97598			6
2024.07.16	02:23:36.812	0.97599	0.97599			6
2024.07.16	02:23:42.793	0.97598	0.97598			6
2024.07.16	02:23:42.941	0.97599	0.97599			6
2024.07.16	02:23:43.093	0.97600	0.97600			6
2024.07.16	02:23:43.243	0.97599	0.97599			6
2024.07.16	02:23:43.273	0.97600	0.97600			6
2024.07.16	02:23:51.385	0.97599	0.97599			6
2024.07.16	02:23:59.958	0.97600	0.97600			6
2024.07.16	02:24:00.449	0.97600				2
2024.07.16	02:24:00.538	0.97599	0.97599			6
2024.07.16	02:24:01.089	0.97600	0.97600			6
2024.07.16	02:24:01.119	0.97599	0.97599			6
2024.07.16	02:24:01.603	0.97600	0.97600			6
2024.07.16	02:24:01.934	0.97599	0.97599			6
2024.07.16	02:24:02.025	0.97597	0.97597			6
2024.07.16	02:24:02.355	0.97600	0.97600			6
2024.07.16	02:24:02.656	0.97599	0.97599			6
2024.07.16	02:24:05.075	0.97600	0.97600			6
2024.07.16	02:24:09.677	0.97599	0.97599			6
2024.07.16	02:24:12.823	0.97600	0.97600			6
2024.07.16	02:24:13.884	0.97597	0.97597			6
2024.07.16	02:24:21.738	0.97595	0.97595			6
2024.07.16	02:24:21.827	0.97594	0.97594			6
2024.07.16	02:24:22.219	0.97595	0.97595			6
2024.07.16	02:24:28.266	0.97594	0.97594			6
2024.07.16	02:24:28.385	0.97595	0.97595			6
2024.07.16	02:24:30.614	0.97594	0.97594			6
2024.07.16	02:24:30.733	0.97595	0.97595			6
2024.07.16	02:24:33.012	0.97594	0.97594			6
2024.07.16	02:24:33.070	0.97595	0.97595			6
2024.07.16	02:24:33.160	0.97594	0.97594			6
2024.07.16	02:24:33.221	0.97595	0.97595			6
2024.07.16	02:24:33.828	0.97594	0.97594			6
2024.07.16	02:24:35.288	0.97595	0.97595			6
2024.07.16	02:25:01.247	0.97595				2
2024.07.16	02:25:01.697	0.97596	0.97596			6
2024.07.16	02:25:01.758	0.97595	0.97595			6
2024.07.16	02:25:03.655	0.97593	0.97593			6
2024.07.16	02:25:03.934	0.97595	0.97595			6
2024.07.16	02:25:06.172	0.97596	0.97596			6
2024.07.16	02:25:06.201	0.97595	0.97595			6
2024.07.16	02:25:36.511	0.97594	0.97594			6
2024.07.16	02:25:43.535	0.97595	0.97595			6
2024.07.16	02:25:46.246	0.97594	0.97594			6
2024.07.16	02:25:47.976	0.97595	0.97595			6
2024.07.16	02:26:00.499	0.97594	0.97594			6
2024.07.16	02:26:00.739	0.97595	0.97595			6
2024.07.16	02:26:07.749	0.97596	0.97596			6
2024.07.16	02:26:07.779	0.97595	0.97595			6
2024.07.16	02:26:08.018	0.97594	0.97594			6
2024.07.16	02:26:10.059	0.97593	0.97593			6
2024.07.16	02:26:10.088	0.97594	0.97594			6
2024.07.16	02:26:11.110	0.97595	0.97595			6
2024.07.16	02:26:11.830	0.97594	0.97594			6
2024.07.16	02:26:12.170	0.97595	0.97595			6
2024.07.16	02:26:12.871	0.97594	0.97594			6
2024.07.16	02:26:47.776	0.97595	0.97595			6
2024.07.16	02:26:47.806	0.97594	0.97594			6
2024.07.16	02:26:47.835	0.97595	0.97595			6
2024.07.16	02:26:48.445	0.97594	0.97594			6
2024.07.16	02:26:52.043	0.97595	0.97595			6
2024.07.16	02:26:52.651	0.97594	0.97594			6
2024.07.16	02:27:00.861	0.97594				2
2024.07.16	02:27:10.667	0.97595	0.97595			6
2024.07.16	02:27:21.877	0.97594	0.97594			6
2024.07.16	02:27:30.423	0.97595	0.97595			6
2024.07.16	02:27:30.876	0.97593	0.97593			6
2024.07.16	02:27:31.054	0.97594	0.97594			6
2024.07.16	02:27:31.144	0.97593	0.97593			6
2024.07.16	02:27:31.753	0.97594	0.97594			6
2024.07.16	02:27:35.413	0.97593	0.97593			6
2024.07.16	02:27:35.713	0.97594	0.97594			6
2024.07.16	02:27:36.315	0.97593	0.97593			6
2024.07.16	02:27:43.870	0.97592	0.97592			6
2024.07.16	02:27:43.933	0.97593	0.97593			6
2024.07.16	02:27:43.961	0.97592	0.97592			6
2024.07.16	02:27:43.991	0.97593	0.97593			6
2024.07.16	02:27:47.856	0.97592	0.97592			6
2024.07.16	02:27:47.884	0.97593	0.97593			6
2024.07.16	02:27:49.026	0.97594	0.97594			6
2024.07.16	02:27:50.029	0.97593	0.97593			6
2024.07.16	02:27:53.438	0.97592	0.97592			6
2024.07.16	02:27:57.944	0.97593	0.97593			6
2024.07.16	02:27:59.307	0.97592	0.97592			6
2024.07.16	02:28:02.046	0.97593	0.97593			6
2024.07.16	02:28:06.733	0.97592	0.97592			6
2024.07.16	02:28:29.414	0.97593	0.97593			6
2024.07.16	02:28:35.204	0.97592	0.97592			6
2024.07.16	02:28:35.323	0.97591	0.97591			6
2024.07.16	02:28:36.435	0.97592	0.97592			6
