<DATE>	<TIME>	<BID>	<ASK>	<LAST>	<VOLUME>	<FLAGS>
2024.05.23	00:00:02.181	0.99104	0.99104			6
2024.05.23	00:00:03.454	0.99107	0.99107			6
2024.05.23	00:00:03.556	0.99109	0.99109			6
2024.05.23	00:00:27.705	0.99102	0.99102			6
2024.05.23	00:00:27.831	0.99108	0.99108			6
2024.05.23	00:00:27.921	0.99102	0.99102			6
2024.05.23	00:00:28.041	0.99108	0.99108			6
2024.05.23	00:00:28.131	0.99102	0.99102			6
2024.05.23	00:00:28.251	0.99108	0.99108			6
2024.05.23	00:00:28.312	0.99102	0.99102			6
2024.05.23	00:00:28.444	0.99108	0.99108			6
2024.05.23	00:00:28.539	0.99102	0.99102			6
2024.05.23	00:00:28.618	0.99108	0.99108			6
2024.05.23	00:00:28.753	0.99102	0.99102			6
2024.05.23	00:00:28.833	0.99108	0.99108			6
2024.05.23	00:00:39.362	0.99115	0.99115			6
2024.05.23	00:00:39.482	0.99108	0.99108			6
2024.05.23	00:00:39.571	0.99115	0.99115			6
2024.05.23	00:00:39.671	0.99108	0.99108			6
2024.05.23	00:00:39.781	0.99115	0.99115			6
2024.05.23	00:00:39.897	0.99108	0.99108			6
2024.05.23	00:00:39.990	0.99115	0.99115			6
2024.05.23	00:00:40.109	0.99108	0.99108			6
2024.05.23	00:00:40.183	0.99115	0.99115			6
2024.05.23	00:00:40.313	0.99108	0.99108			6
2024.05.23	00:00:40.415	0.99115	0.99115			6
2024.05.23	00:00:40.533	0.99108	0.99108			6
2024.05.23	00:00:49.952	0.99102	0.99102			6
2024.05.23	00:00:51.501	0.99099	0.99099			6
2024.05.23	00:00:51.531	0.99102	0.99102			6
2024.05.23	00:01:00.528	0.99101	0.99101			6
2024.05.23	00:01:01.502	0.99099	0.99099			6
2024.05.23	00:01:02.280	0.99101	0.99101			6
2024.05.23	00:01:03.056	0.99099	0.99099			6
2024.05.23	00:01:03.780	0.99101	0.99101			6
2024.05.23	00:01:05.700	0.99102	0.99102			6
2024.05.23	00:01:05.730	0.99099	0.99099			6
2024.05.23	00:01:06.444	0.99102	0.99102			6
2024.05.23	00:01:15.100	0.99101	0.99101			6
2024.05.23	00:01:20.082	0.99102	0.99102			6
2024.05.23	00:03:01.030	0.99101	0.99101			6
2024.05.23	00:03:41.263	0.99102	0.99102			6
2024.05.23	00:03:52.347	0.99099	0.99099			6
2024.05.23	00:05:00.149	0.99100	0.99100			6
2024.05.23	00:05:01.091	0.99092	0.99092			6
2024.05.23	00:05:01.269	0.99096	0.99096			6
2024.05.23	00:05:01.479	0.99082	0.99082			6
2024.05.23	00:05:01.508	0.99083	0.99083			6
2024.05.23	00:05:01.569	0.99089	0.99089			6
2024.05.23	00:05:01.870	0.99081	0.99081			6
2024.05.23	00:05:01.900	0.99068	0.99068			6
2024.05.23	00:05:02.212	0.99077	0.99077			6
2024.05.23	00:05:02.272	0.99068	0.99068			6
2024.05.23	00:05:02.392	0.99080	0.99080			6
2024.05.23	00:05:02.690	0.99086	0.99086			6
2024.05.23	00:05:02.720	0.99080	0.99080			6
2024.05.23	00:05:02.749	0.99086	0.99086			6
2024.05.23	00:05:02.780	0.99080	0.99080			6
2024.05.23	00:05:02.870	0.99086	0.99086			6
2024.05.23	00:05:02.899	0.99080	0.99080			6
2024.05.23	00:05:03.122	0.99086	0.99086			6
2024.05.23	00:05:03.150	0.99080	0.99080			6
2024.05.23	00:05:03.271	0.99085	0.99085			6
2024.05.23	00:05:03.571	0.99087	0.99087			6
2024.05.23	00:05:04.021	0.99090	0.99090			6
2024.05.23	00:05:04.051	0.99080	0.99080			6
2024.05.23	00:05:04.351	0.99091	0.99091			6
2024.05.23	00:05:04.383	0.99086	0.99086			6
2024.05.23	00:05:04.411	0.99080	0.99080			6
2024.05.23	00:05:06.936	0.99087	0.99087			6
2024.05.23	00:05:07.691	0.99080	0.99080			6
2024.05.23	00:05:07.721	0.99087	0.99087			6
2024.05.23	00:05:08.470	0.99080	0.99080			6
2024.05.23	00:05:08.499	0.99087	0.99087			6
2024.05.23	00:05:09.262	0.99080	0.99080			6
2024.05.23	00:05:09.843	0.99087	0.99087			6
2024.05.23	00:05:09.933	0.99088	0.99088			6
2024.05.23	00:05:09.963	0.99080	0.99080			6
2024.05.23	00:05:10.007	0.99087	0.99087			6
2024.05.23	00:05:10.037	0.99088	0.99088			6
2024.05.23	00:05:10.067	0.99080	0.99080			6
2024.05.23	00:05:10.150	0.99087	0.99087			6
2024.05.23	00:05:10.180	0.99091	0.99091			6
2024.05.23	00:05:10.210	0.99090	0.99090			6
2024.05.23	00:05:10.241	0.99080	0.99080			6
2024.05.23	00:05:10.402	0.99087	0.99087			6
2024.05.23	00:05:10.432	0.99080	0.99080			6
2024.05.23	00:05:10.493	0.99086	0.99086			6
2024.05.23	00:05:10.522	0.99091	0.99091			6
2024.05.23	00:05:10.552	0.99080	0.99080			6
2024.05.23	00:05:10.733	0.99086	0.99086			6
2024.05.23	00:05:10.763	0.99091	0.99091			6
2024.05.23	00:05:10.793	0.99090	0.99090			6
2024.05.23	00:05:10.823	0.99076	0.99076			6
2024.05.23	00:05:10.853	0.99083	0.99083			6
2024.05.23	00:05:10.884	0.99076	0.99076			6
2024.05.23	00:05:10.914	0.99083	0.99083			6
2024.05.23	00:05:10.944	0.99076	0.99076			6
2024.05.23	00:05:11.029	0.99083	0.99083			6
2024.05.23	00:05:11.059	0.99076	0.99076			6
2024.05.23	00:05:11.090	0.99085	0.99085			6
2024.05.23	00:05:11.150	0.99076	0.99076			6
2024.05.23	00:05:11.241	0.99083	0.99083			6
2024.05.23	00:05:11.312	0.99076	0.99076			6
2024.05.23	00:05:11.342	0.99089	0.99089			6
2024.05.23	00:05:11.372	0.99090	0.99090			6
2024.05.23	00:05:11.403	0.99091	0.99091			6
2024.05.23	00:05:11.526	0.99084	0.99084			6
2024.05.23	00:05:11.556	0.99088	0.99088			6
2024.05.23	00:05:11.587	0.99075	0.99075			6
2024.05.23	00:05:11.617	0.99084	0.99084			6
2024.05.23	00:05:11.647	0.99075	0.99075			6
2024.05.23	00:05:11.830	0.99084	0.99084			6
2024.05.23	00:05:11.860	0.99076	0.99076			6
2024.05.23	00:05:12.066	0.99084	0.99084			6
2024.05.23	00:05:12.096	0.99076	0.99076			6
2024.05.23	00:05:12.156	0.99084	0.99084			6
2024.05.23	00:05:12.186	0.99090	0.99090			6
2024.05.23	00:05:12.216	0.99080	0.99080			6
2024.05.23	00:05:12.247	0.99086	0.99086			6
2024.05.23	00:05:12.277	0.99080	0.99080			6
2024.05.23	00:05:12.337	0.99090	0.99090			6
2024.05.23	00:05:12.397	0.99080	0.99080			6
2024.05.23	00:05:12.456	0.99075	0.99075			6
2024.05.23	00:05:13.069	0.99077	0.99077			6
2024.05.23	00:05:14.778	0.99076	0.99076			6
2024.05.23	00:05:16.874	0.99074	0.99074			6
2024.05.23	00:05:17.515	0.99083	0.99083			6
2024.05.23	00:05:17.545	0.99074	0.99074			6
2024.05.23	00:05:17.573	0.99088	0.99088			6
2024.05.23	00:05:17.604	0.99074	0.99074			6
2024.05.23	00:05:17.634	0.99088	0.99088			6
2024.05.23	00:05:17.665	0.99074	0.99074			6
2024.05.23	00:05:17.694	0.99088	0.99088			6
2024.05.23	00:05:17.724	0.99074	0.99074			6
2024.05.23	00:05:17.785	0.99088	0.99088			6
2024.05.23	00:05:17.815	0.99074	0.99074			6
2024.05.23	00:05:17.938	0.99083	0.99083			6
2024.05.23	00:05:17.969	0.99073	0.99073			6
2024.05.23	00:05:18.059	0.99081	0.99081			6
2024.05.23	00:05:18.124	0.99073	0.99073			6
2024.05.23	00:05:18.184	0.99085	0.99085			6
2024.05.23	00:05:18.214	0.99073	0.99073			6
2024.05.23	00:05:18.245	0.99086	0.99086			6
2024.05.23	00:05:18.275	0.99077	0.99077			6
2024.05.23	00:05:18.395	0.99079	0.99079			6
2024.05.23	00:05:18.426	0.99086	0.99086			6
2024.05.23	00:05:18.487	0.99088	0.99088			6
2024.05.23	00:05:18.667	0.99085	0.99085			6
2024.05.23	00:05:18.696	0.99073	0.99073			6
2024.05.23	00:05:18.727	0.99080	0.99080			6
2024.05.23	00:05:18.756	0.99087	0.99087			6
2024.05.23	00:05:18.786	0.99080	0.99080			6
2024.05.23	00:05:18.816	0.99086	0.99086			6
2024.05.23	00:05:18.846	0.99080	0.99080			6
2024.05.23	00:05:18.937	0.99086	0.99086			6
2024.05.23	00:05:18.967	0.99080	0.99080			6
2024.05.23	00:05:18.997	0.99092	0.99092			6
2024.05.23	00:05:19.026	0.99080	0.99080			6
2024.05.23	00:05:19.058	0.99092	0.99092			6
2024.05.23	00:05:19.087	0.99080	0.99080			6
2024.05.23	00:05:19.116	0.99087	0.99087			6
2024.05.23	00:05:19.146	0.99092	0.99092			6
2024.05.23	00:05:19.176	0.99080	0.99080			6
2024.05.23	00:05:19.207	0.99087	0.99087			6
2024.05.23	00:05:19.238	0.99088	0.99088			6
2024.05.23	00:05:19.368	0.99082	0.99082			6
2024.05.23	00:05:19.397	0.99073	0.99073			6
2024.05.23	00:05:19.487	0.99083	0.99083			6
2024.05.23	00:05:19.517	0.99074	0.99074			6
2024.05.23	00:05:19.548	0.99088	0.99088			6
2024.05.23	00:05:19.579	0.99074	0.99074			6
2024.05.23	00:05:19.639	0.99083	0.99083			6
2024.05.23	00:05:19.670	0.99074	0.99074			6
2024.05.23	00:05:21.002	0.99072	0.99072			6
2024.05.23	00:05:22.732	0.99070	0.99070			6
2024.05.23	00:05:23.392	0.99071	0.99071			6
2024.05.23	00:05:23.943	0.99070	0.99070			6
2024.05.23	00:05:24.361	0.99071	0.99071			6
2024.05.23	00:05:25.004	0.99079	0.99079			6
2024.05.23	00:05:25.033	0.99084	0.99084			6
2024.05.23	00:05:25.063	0.99071	0.99071			6
2024.05.23	00:05:25.169	0.99080	0.99080			6
2024.05.23	00:05:25.200	0.99070	0.99070			6
2024.05.23	00:05:25.442	0.99075	0.99075			6
2024.05.23	00:05:25.532	0.99084	0.99084			6
2024.05.23	00:05:25.562	0.99089	0.99089			6
2024.05.23	00:05:25.593	0.99075	0.99075			6
2024.05.23	00:05:25.713	0.99073	0.99073			6
2024.05.23	00:05:25.743	0.99080	0.99080			6
2024.05.23	00:05:25.801	0.99073	0.99073			6
2024.05.23	00:05:25.892	0.99081	0.99081			6
2024.05.23	00:05:25.921	0.99073	0.99073			6
2024.05.23	00:05:26.042	0.99080	0.99080			6
2024.05.23	00:05:26.071	0.99073	0.99073			6
2024.05.23	00:05:26.276	0.99080	0.99080			6
2024.05.23	00:05:26.306	0.99073	0.99073			6
2024.05.23	00:05:26.361	0.99080	0.99080			6
2024.05.23	00:05:26.391	0.99073	0.99073			6
2024.05.23	00:05:26.574	0.99080	0.99080			6
2024.05.23	00:05:26.604	0.99073	0.99073			6
2024.05.23	00:05:26.634	0.99080	0.99080			6
2024.05.23	00:05:26.664	0.99073	0.99073			6
2024.05.23	00:05:26.694	0.99080	0.99080			6
2024.05.23	00:05:26.725	0.99073	0.99073			6
2024.05.23	00:05:26.800	0.99081	0.99081			6
2024.05.23	00:05:26.830	0.99086	0.99086			6
2024.05.23	00:05:26.861	0.99073	0.99073			6
2024.05.23	00:05:26.960	0.99081	0.99081			6
2024.05.23	00:05:26.990	0.99080	0.99080			6
2024.05.23	00:05:27.019	0.99085	0.99085			6
2024.05.23	00:05:27.049	0.99073	0.99073			6
2024.05.23	00:05:27.185	0.99080	0.99080			6
2024.05.23	00:05:27.215	0.99073	0.99073			6
2024.05.23	00:05:27.245	0.99080	0.99080			6
2024.05.23	00:05:31.046	0.99073	0.99073			6
2024.05.23	00:05:31.523	0.99074	0.99074			6
2024.05.23	00:05:32.566	0.99075	0.99075			6
2024.05.23	00:05:32.595	0.99083	0.99083			6
2024.05.23	00:05:32.624	0.99086	0.99086			6
2024.05.23	00:05:32.655	0.99074	0.99074			6
2024.05.23	00:05:32.716	0.99071	0.99071			6
2024.05.23	00:05:32.776	0.99078	0.99078			6
2024.05.23	00:05:32.807	0.99071	0.99071			6
2024.05.23	00:05:32.837	0.99084	0.99084			6
2024.05.23	00:05:32.865	0.99071	0.99071			6
2024.05.23	00:05:32.896	0.99072	0.99072			6
2024.05.23	00:05:32.927	0.99071	0.99071			6
2024.05.23	00:05:32.958	0.99069	0.99069			6
2024.05.23	00:05:33.034	0.99070	0.99070			6
2024.05.23	00:05:33.093	0.99069	0.99069			6
2024.05.23	00:05:33.232	0.99071	0.99071			6
2024.05.23	00:05:33.323	0.99080	0.99080			6
2024.05.23	00:05:33.352	0.99071	0.99071			6
2024.05.23	00:05:33.430	0.99080	0.99080			6
2024.05.23	00:05:33.461	0.99071	0.99071			6
2024.05.23	00:05:33.491	0.99084	0.99084			6
2024.05.23	00:05:33.522	0.99075	0.99075			6
2024.05.23	00:05:33.582	0.99082	0.99082			6
2024.05.23	00:05:33.612	0.99075	0.99075			6
2024.05.23	00:05:33.911	0.99084	0.99084			6
2024.05.23	00:05:33.972	0.99074	0.99074			6
2024.05.23	00:05:34.001	0.99075	0.99075			6
2024.05.23	00:05:34.061	0.99074	0.99074			6
2024.05.23	00:05:34.151	0.99083	0.99083			6
2024.05.23	00:05:34.181	0.99074	0.99074			6
2024.05.23	00:05:34.251	0.99075	0.99075			6
2024.05.23	00:05:34.780	0.99080	0.99080			6
2024.05.23	00:05:34.811	0.99086	0.99086			6
2024.05.23	00:05:34.840	0.99091	0.99091			6
2024.05.23	00:05:34.871	0.99080	0.99080			6
2024.05.23	00:05:35.030	0.99084	0.99084			6
2024.05.23	00:05:35.059	0.99083	0.99083			6
2024.05.23	00:05:35.090	0.99078	0.99078			6
2024.05.23	00:05:36.360	0.99077	0.99077			6
2024.05.23	00:05:38.031	0.99076	0.99076			6
2024.05.23	00:05:39.005	0.99074	0.99074			6
2024.05.23	00:05:40.290	0.99075	0.99075			6
2024.05.23	00:05:40.321	0.99083	0.99083			6
2024.05.23	00:05:40.350	0.99086	0.99086			6
2024.05.23	00:05:40.380	0.99074	0.99074			6
2024.05.23	00:05:40.440	0.99084	0.99084			6
2024.05.23	00:05:40.470	0.99075	0.99075			6
2024.05.23	00:05:40.650	0.99084	0.99084			6
2024.05.23	00:05:40.681	0.99075	0.99075			6
2024.05.23	00:05:40.741	0.99088	0.99088			6
2024.05.23	00:05:40.772	0.99075	0.99075			6
2024.05.23	00:05:40.871	0.99084	0.99084			6
2024.05.23	00:05:40.901	0.99087	0.99087			6
2024.05.23	00:05:40.931	0.99076	0.99076			6
2024.05.23	00:05:41.022	0.99082	0.99082			6
2024.05.23	00:05:41.053	0.99076	0.99076			6
2024.05.23	00:05:41.083	0.99088	0.99088			6
2024.05.23	00:05:41.142	0.99078	0.99078			6
2024.05.23	00:05:41.292	0.99087	0.99087			6
2024.05.23	00:05:41.322	0.99078	0.99078			6
2024.05.23	00:05:41.352	0.99085	0.99085			6
2024.05.23	00:05:41.383	0.99078	0.99078			6
2024.05.23	00:05:41.523	0.99086	0.99086			6
2024.05.23	00:05:41.552	0.99080	0.99080			6
2024.05.23	00:05:41.777	0.99086	0.99086			6
2024.05.23	00:05:41.807	0.99080	0.99080			6
2024.05.23	00:05:41.836	0.99086	0.99086			6
2024.05.23	00:05:41.866	0.99080	0.99080			6
2024.05.23	00:05:41.897	0.99090	0.99090			6
2024.05.23	00:05:41.926	0.99086	0.99086			6
2024.05.23	00:05:41.956	0.99091	0.99091			6
2024.05.23	00:05:41.985	0.99080	0.99080			6
2024.05.23	00:05:42.045	0.99078	0.99078			6
2024.05.23	00:05:42.086	0.99087	0.99087			6
2024.05.23	00:05:42.117	0.99078	0.99078			6
2024.05.23	00:05:42.177	0.99086	0.99086			6
2024.05.23	00:05:42.207	0.99091	0.99091			6
2024.05.23	00:05:42.267	0.99078	0.99078			6
2024.05.23	00:05:42.340	0.99086	0.99086			6
2024.05.23	00:05:42.370	0.99076	0.99076			6
2024.05.23	00:05:42.400	0.99089	0.99089			6
2024.05.23	00:05:42.430	0.99076	0.99076			6
2024.05.23	00:05:43.829	0.99077	0.99077			6
2024.05.23	00:05:44.199	0.99074	0.99074			6
2024.05.23	00:05:45.780	0.99075	0.99075			6
2024.05.23	00:05:47.459	0.99074	0.99074			6
2024.05.23	00:05:47.604	0.99082	0.99082			6
2024.05.23	00:05:47.633	0.99074	0.99074			6
2024.05.23	00:05:47.786	0.99082	0.99082			6
2024.05.23	00:05:47.817	0.99074	0.99074			6
2024.05.23	00:05:47.907	0.99080	0.99080			6
2024.05.23	00:05:47.937	0.99091	0.99091			6
2024.05.23	00:05:47.967	0.99080	0.99080			6
2024.05.23	00:05:48.000	0.99087	0.99087			6
2024.05.23	00:05:48.030	0.99080	0.99080			6
2024.05.23	00:05:48.111	0.99086	0.99086			6
2024.05.23	00:05:48.141	0.99080	0.99080			6
2024.05.23	00:05:48.171	0.99085	0.99085			6
2024.05.23	00:05:48.201	0.99077	0.99077			6
2024.05.23	00:05:48.232	0.99085	0.99085			6
2024.05.23	00:05:48.262	0.99077	0.99077			6
2024.05.23	00:05:48.292	0.99086	0.99086			6
2024.05.23	00:05:48.321	0.99077	0.99077			6
2024.05.23	00:05:48.411	0.99085	0.99085			6
2024.05.23	00:05:48.441	0.99076	0.99076			6
2024.05.23	00:05:48.471	0.99083	0.99083			6
2024.05.23	00:05:48.500	0.99076	0.99076			6
2024.05.23	00:05:48.532	0.99085	0.99085			6
2024.05.23	00:05:48.562	0.99076	0.99076			6
2024.05.23	00:05:48.715	0.99083	0.99083			6
2024.05.23	00:05:48.744	0.99076	0.99076			6
2024.05.23	00:05:48.932	0.99089	0.99089			6
2024.05.23	00:05:48.963	0.99076	0.99076			6
2024.05.23	00:05:49.149	0.99085	0.99085			6
2024.05.23	00:05:49.179	0.99078	0.99078			6
2024.05.23	00:05:49.269	0.99084	0.99084			6
2024.05.23	00:05:49.300	0.99085	0.99085			6
2024.05.23	00:05:49.330	0.99078	0.99078			6
2024.05.23	00:05:49.451	0.99077	0.99077			6
2024.05.23	00:05:49.510	0.99089	0.99089			6
2024.05.23	00:05:49.571	0.99077	0.99077			6
2024.05.23	00:05:49.962	0.99084	0.99084			6
2024.05.23	00:05:49.991	0.99076	0.99076			6
2024.05.23	00:05:50.343	0.99077	0.99077			6
2024.05.23	00:05:51.593	0.99075	0.99075			6
2024.05.23	00:05:55.090	0.99074	0.99074			6
2024.05.23	00:05:55.150	0.99082	0.99082			6
2024.05.23	00:05:55.181	0.99083	0.99083			6
2024.05.23	00:05:55.212	0.99074	0.99074			6
2024.05.23	00:05:55.242	0.99083	0.99083			6
2024.05.23	00:05:55.272	0.99074	0.99074			6
2024.05.23	00:05:55.423	0.99077	0.99077			6
2024.05.23	00:05:55.512	0.99084	0.99084			6
2024.05.23	00:05:55.543	0.99077	0.99077			6
2024.05.23	00:05:55.675	0.99076	0.99076			6
2024.05.23	00:05:56.180	0.99077	0.99077			6
2024.05.23	00:05:56.341	0.99089	0.99089			6
2024.05.23	00:05:56.371	0.99077	0.99077			6
2024.05.23	00:05:56.435	0.99078	0.99078			6
2024.05.23	00:05:56.512	0.99086	0.99086			6
2024.05.23	00:05:56.541	0.99078	0.99078			6
2024.05.23	00:05:56.571	0.99086	0.99086			6
2024.05.23	00:05:56.601	0.99078	0.99078			6
2024.05.23	00:05:56.760	0.99079	0.99079			6
2024.05.23	00:05:57.029	0.99080	0.99080			6
2024.05.23	00:05:58.032	0.99075	0.99075			6
2024.05.23	00:06:00.220	0.99072	0.99072			6
2024.05.23	00:06:02.291	0.99079	0.99079			6
2024.05.23	00:06:02.320	0.99072	0.99072			6
2024.05.23	00:06:02.537	0.99080	0.99080			6
2024.05.23	00:06:02.792	0.99076	0.99076			6
2024.05.23	00:06:02.821	0.99085	0.99085			6
2024.05.23	00:06:02.851	0.99091	0.99091			6
2024.05.23	00:06:03.001	0.99084	0.99084			6
2024.05.23	00:06:03.032	0.99076	0.99076			6
2024.05.23	00:06:03.061	0.99074	0.99074			6
2024.05.23	00:06:03.192	0.99083	0.99083			6
2024.05.23	00:06:03.221	0.99074	0.99074			6
2024.05.23	00:06:03.312	0.99075	0.99075			6
2024.05.23	00:06:03.535	0.99084	0.99084			6
2024.05.23	00:06:03.564	0.99075	0.99075			6
2024.05.23	00:06:03.594	0.99072	0.99072			6
2024.05.23	00:06:03.684	0.99085	0.99085			6
2024.05.23	00:06:03.714	0.99072	0.99072			6
2024.05.23	00:06:03.863	0.99075	0.99075			6
2024.05.23	00:06:03.925	0.99084	0.99084			6
2024.05.23	00:06:03.954	0.99075	0.99075			6
2024.05.23	00:06:04.052	0.99084	0.99084			6
2024.05.23	00:06:04.082	0.99075	0.99075			6
2024.05.23	00:06:04.112	0.99089	0.99089			6
2024.05.23	00:06:04.261	0.99075	0.99075			6
2024.05.23	00:06:04.291	0.99074	0.99074			6
2024.05.23	00:06:04.350	0.99075	0.99075			6
2024.05.23	00:06:04.381	0.99074	0.99074			6
2024.05.23	00:06:05.560	0.99073	0.99073			6
2024.05.23	00:06:06.016	0.99072	0.99072			6
2024.05.23	00:06:09.239	0.99073	0.99073			6
2024.05.23	00:06:09.720	0.99081	0.99081			6
2024.05.23	00:06:09.750	0.99073	0.99073			6
2024.05.23	00:06:10.191	0.99086	0.99086			6
2024.05.23	00:06:10.220	0.99073	0.99073			6
2024.05.23	00:06:10.250	0.99081	0.99081			6
2024.05.23	00:06:10.281	0.99073	0.99073			6
2024.05.23	00:06:10.469	0.99086	0.99086			6
2024.05.23	00:06:10.499	0.99080	0.99080			6
2024.05.23	00:06:10.631	0.99086	0.99086			6
2024.05.23	00:06:10.662	0.99080	0.99080			6
2024.05.23	00:06:10.781	0.99074	0.99074			6
2024.05.23	00:06:10.908	0.99087	0.99087			6
2024.05.23	00:06:10.968	0.99074	0.99074			6
2024.05.23	00:06:10.998	0.99083	0.99083			6
2024.05.23	00:06:11.028	0.99074	0.99074			6
2024.05.23	00:06:11.120	0.99081	0.99081			6
2024.05.23	00:06:11.150	0.99074	0.99074			6
2024.05.23	00:06:11.292	0.99075	0.99075			6
2024.05.23	00:06:11.323	0.99082	0.99082			6
2024.05.23	00:06:11.354	0.99085	0.99085			6
2024.05.23	00:06:11.384	0.99075	0.99075			6
2024.05.23	00:06:11.415	0.99084	0.99084			6
2024.05.23	00:06:11.445	0.99083	0.99083			6
2024.05.23	00:06:11.476	0.99075	0.99075			6
2024.05.23	00:06:11.566	0.99084	0.99084			6
2024.05.23	00:06:11.595	0.99075	0.99075			6
2024.05.23	00:06:14.323	0.99068	0.99068			6
2024.05.23	00:06:14.610	0.99067	0.99067			6
2024.05.23	00:06:16.802	0.99076	0.99076			6
2024.05.23	00:06:16.832	0.99067	0.99067			6
2024.05.23	00:06:16.923	0.99076	0.99076			6
2024.05.23	00:06:16.953	0.99067	0.99067			6
2024.05.23	00:06:17.167	0.99069	0.99069			6
2024.05.23	00:06:17.230	0.99078	0.99078			6
2024.05.23	00:06:17.260	0.99083	0.99083			6
2024.05.23	00:06:17.290	0.99069	0.99069			6
2024.05.23	00:06:17.320	0.99083	0.99083			6
2024.05.23	00:06:17.350	0.99069	0.99069			6
2024.05.23	00:06:17.497	0.99078	0.99078			6
2024.05.23	00:06:17.527	0.99091	0.99091			6
2024.05.23	00:06:17.557	0.99080	0.99080			6
2024.05.23	00:06:17.710	0.99086	0.99086			6
2024.05.23	00:06:17.924	0.99080	0.99080			6
2024.05.23	00:06:18.026	0.99086	0.99086			6
2024.05.23	00:06:18.056	0.99080	0.99080			6
2024.05.23	00:06:18.177	0.99069	0.99069			6
2024.05.23	00:06:18.237	0.99077	0.99077			6
2024.05.23	00:06:18.297	0.99069	0.99069			6
2024.05.23	00:06:18.386	0.99078	0.99078			6
2024.05.23	00:06:18.416	0.99084	0.99084			6
2024.05.23	00:06:18.446	0.99080	0.99080			6
2024.05.23	00:06:18.476	0.99086	0.99086			6
2024.05.23	00:06:18.599	0.99080	0.99080			6
2024.05.23	00:06:18.629	0.99088	0.99088			6
2024.05.23	00:06:18.659	0.99080	0.99080			6
2024.05.23	00:06:18.719	0.99068	0.99068			6
2024.05.23	00:06:18.971	0.99069	0.99069			6
2024.05.23	00:06:19.211	0.99082	0.99082			6
2024.05.23	00:06:19.240	0.99069	0.99069			6
2024.05.23	00:06:19.313	0.99080	0.99080			6
2024.05.23	00:06:19.342	0.99078	0.99078			6
2024.05.23	00:06:19.410	0.99071	0.99071			6
2024.05.23	00:06:19.469	0.99080	0.99080			6
2024.05.23	00:06:19.640	0.99086	0.99086			6
2024.05.23	00:06:19.671	0.99080	0.99080			6
2024.05.23	00:06:19.731	0.99070	0.99070			6
2024.05.23	00:06:19.976	0.99071	0.99071			6
2024.05.23	00:06:20.249	0.99070	0.99070			6
2024.05.23	00:06:20.312	0.99079	0.99079			6
2024.05.23	00:06:20.341	0.99070	0.99070			6
2024.05.23	00:06:20.493	0.99071	0.99071			6
2024.05.23	00:06:20.553	0.99078	0.99078			6
2024.05.23	00:06:20.583	0.99071	0.99071			6
2024.05.23	00:06:20.930	0.99069	0.99069			6
2024.05.23	00:06:21.060	0.99082	0.99082			6
2024.05.23	00:06:21.090	0.99069	0.99069			6
2024.05.23	00:06:21.180	0.99077	0.99077			6
2024.05.23	00:06:21.210	0.99091	0.99091			6
2024.05.23	00:06:21.241	0.99080	0.99080			6
2024.05.23	00:06:21.273	0.99071	0.99071			6
2024.05.23	00:06:21.453	0.99080	0.99080			6
2024.05.23	00:06:22.974	0.99069	0.99069			6
2024.05.23	00:06:23.501	0.99076	0.99076			6
2024.05.23	00:06:24.721	0.99077	0.99077			6
2024.05.23	00:06:25.740	0.99076	0.99076			6
2024.05.23	00:06:26.576	0.99088	0.99088			6
2024.05.23	00:06:26.606	0.99080	0.99080			6
2024.05.23	00:06:26.667	0.99088	0.99088			6
2024.05.23	00:06:26.697	0.99080	0.99080			6
2024.05.23	00:06:26.788	0.99068	0.99068			6
2024.05.23	00:06:27.008	0.99080	0.99080			6
2024.05.23	00:06:27.097	0.99088	0.99088			6
2024.05.23	00:06:27.128	0.99091	0.99091			6
2024.05.23	00:06:27.159	0.99080	0.99080			6
2024.05.23	00:06:27.224	0.99091	0.99091			6
2024.05.23	00:06:27.285	0.99080	0.99080			6
2024.05.23	00:06:27.314	0.99088	0.99088			6
2024.05.23	00:06:27.344	0.99080	0.99080			6
2024.05.23	00:06:27.375	0.99088	0.99088			6
2024.05.23	00:06:27.405	0.99080	0.99080			6
2024.05.23	00:06:27.434	0.99088	0.99088			6
2024.05.23	00:06:27.494	0.99079	0.99079			6
2024.05.23	00:06:27.680	0.99090	0.99090			6
2024.05.23	00:06:27.709	0.99078	0.99078			6
2024.05.23	00:06:27.741	0.99086	0.99086			6
2024.05.23	00:06:27.769	0.99091	0.99091			6
2024.05.23	00:06:27.800	0.99092	0.99092			6
2024.05.23	00:06:27.830	0.99078	0.99078			6
2024.05.23	00:06:27.860	0.99086	0.99086			6
2024.05.23	00:06:27.889	0.99091	0.99091			6
2024.05.23	00:06:27.951	0.99078	0.99078			6
2024.05.23	00:06:28.021	0.99079	0.99079			6
2024.05.23	00:06:28.081	0.99086	0.99086			6
2024.05.23	00:06:28.111	0.99091	0.99091			6
2024.05.23	00:06:28.141	0.99079	0.99079			6
2024.05.23	00:06:28.248	0.99086	0.99086			6
2024.05.23	00:06:28.279	0.99091	0.99091			6
2024.05.23	00:06:28.309	0.99080	0.99080			6
2024.05.23	00:06:28.556	0.99091	0.99091			6
2024.05.23	00:06:28.586	0.99092	0.99092			6
2024.05.23	00:06:28.615	0.99079	0.99079			6
2024.05.23	00:06:28.676	0.99086	0.99086			6
2024.05.23	00:06:28.707	0.99079	0.99079			6
2024.05.23	00:06:28.737	0.99088	0.99088			6
2024.05.23	00:06:28.767	0.99079	0.99079			6
2024.05.23	00:06:28.827	0.99080	0.99080			6
2024.05.23	00:06:29.009	0.99086	0.99086			6
2024.05.23	00:06:29.071	0.99080	0.99080			6
2024.05.23	00:06:29.101	0.99091	0.99091			6
2024.05.23	00:06:29.130	0.99080	0.99080			6
2024.05.23	00:06:29.312	0.99086	0.99086			6
2024.05.23	00:06:29.342	0.99091	0.99091			6
2024.05.23	00:06:29.402	0.99080	0.99080			6
2024.05.23	00:06:29.433	0.99078	0.99078			6
2024.05.23	00:06:29.462	0.99085	0.99085			6
2024.05.23	00:06:29.524	0.99091	0.99091			6
2024.05.23	00:06:29.583	0.99078	0.99078			6
2024.05.23	00:06:29.736	0.99088	0.99088			6
2024.05.23	00:06:29.766	0.99091	0.99091			6
2024.05.23	00:06:29.796	0.99080	0.99080			6
2024.05.23	00:06:29.918	0.99086	0.99086			6
2024.05.23	00:06:29.949	0.99091	0.99091			6
2024.05.23	00:06:29.979	0.99080	0.99080			6
2024.05.23	00:06:30.015	0.99088	0.99088			6
2024.05.23	00:06:30.045	0.99080	0.99080			6
2024.05.23	00:06:30.075	0.99088	0.99088			6
2024.05.23	00:06:30.105	0.99078	0.99078			6
2024.05.23	00:06:30.259	0.99085	0.99085			6
2024.05.23	00:06:30.289	0.99091	0.99091			6
2024.05.23	00:06:30.319	0.99078	0.99078			6
2024.05.23	00:06:30.481	0.99086	0.99086			6
2024.05.23	00:06:30.510	0.99078	0.99078			6
2024.05.23	00:06:30.571	0.99087	0.99087			6
2024.05.23	00:06:30.601	0.99091	0.99091			6
2024.05.23	00:06:30.631	0.99078	0.99078			6
2024.05.23	00:06:33.370	0.99080	0.99080			6
2024.05.23	00:06:36.072	0.99091	0.99091			6
2024.05.23	00:06:36.103	0.99080	0.99080			6
2024.05.23	00:06:36.313	0.99091	0.99091			6
2024.05.23	00:06:36.343	0.99080	0.99080			6
2024.05.23	00:06:36.434	0.99074	0.99074			6
2024.05.23	00:06:36.524	0.99081	0.99081			6
2024.05.23	00:06:36.554	0.99074	0.99074			6
2024.05.23	00:06:36.586	0.99087	0.99087			6
2024.05.23	00:06:36.615	0.99074	0.99074			6
2024.05.23	00:06:36.730	0.99083	0.99083			6
2024.05.23	00:06:36.760	0.99088	0.99088			6
2024.05.23	00:06:36.790	0.99075	0.99075			6
2024.05.23	00:06:36.999	0.99077	0.99077			6
2024.05.23	00:06:37.059	0.99091	0.99091			6
2024.05.23	00:06:37.088	0.99077	0.99077			6
2024.05.23	00:06:37.119	0.99084	0.99084			6
2024.05.23	00:06:37.149	0.99077	0.99077			6
2024.05.23	00:06:37.179	0.99084	0.99084			6
2024.05.23	00:06:37.209	0.99077	0.99077			6
2024.05.23	00:06:37.269	0.99074	0.99074			6
2024.05.23	00:06:37.330	0.99082	0.99082			6
2024.05.23	00:06:37.360	0.99074	0.99074			6
2024.05.23	00:06:37.389	0.99082	0.99082			6
2024.05.23	00:06:37.419	0.99087	0.99087			6
2024.05.23	00:06:37.449	0.99074	0.99074			6
2024.05.23	00:06:37.510	0.99075	0.99075			6
2024.05.23	00:06:37.540	0.99087	0.99087			6
2024.05.23	00:06:37.571	0.99075	0.99075			6
2024.05.23	00:06:41.272	0.99080	0.99080			6
2024.05.23	00:06:43.312	0.99088	0.99088			6
2024.05.23	00:06:43.340	0.99091	0.99091			6
2024.05.23	00:06:43.372	0.99080	0.99080			6
2024.05.23	00:06:43.461	0.99091	0.99091			6
2024.05.23	00:06:43.491	0.99080	0.99080			6
2024.05.23	00:06:43.709	0.99086	0.99086			6
2024.05.23	00:06:43.739	0.99091	0.99091			6
2024.05.23	00:06:43.769	0.99080	0.99080			6
2024.05.23	00:06:43.919	0.99088	0.99088			6
2024.05.23	00:06:43.948	0.99080	0.99080			6
2024.05.23	00:06:43.978	0.99077	0.99077			6
2024.05.23	00:06:44.076	0.99086	0.99086			6
2024.05.23	00:06:44.106	0.99077	0.99077			6
2024.05.23	00:06:44.246	0.99084	0.99084			6
2024.05.23	00:06:44.276	0.99076	0.99076			6
2024.05.23	00:06:44.306	0.99089	0.99089			6
2024.05.23	00:06:44.339	0.99076	0.99076			6
2024.05.23	00:06:44.432	0.99085	0.99085			6
2024.05.23	00:06:44.461	0.99076	0.99076			6
2024.05.23	00:06:44.492	0.99077	0.99077			6
2024.05.23	00:06:44.522	0.99084	0.99084			6
2024.05.23	00:06:44.552	0.99088	0.99088			6
2024.05.23	00:06:44.582	0.99077	0.99077			6
2024.05.23	00:06:44.665	0.99084	0.99084			6
2024.05.23	00:06:44.696	0.99077	0.99077			6
2024.05.23	00:06:44.755	0.99084	0.99084			6
2024.05.23	00:06:44.786	0.99089	0.99089			6
2024.05.23	00:06:44.815	0.99076	0.99076			6
2024.05.23	00:06:44.976	0.99084	0.99084			6
2024.05.23	00:06:45.005	0.99086	0.99086			6
2024.05.23	00:06:45.035	0.99073	0.99073			6
2024.05.23	00:06:45.065	0.99081	0.99081			6
2024.05.23	00:06:45.095	0.99073	0.99073			6
2024.05.23	00:06:45.125	0.99080	0.99080			6
2024.05.23	00:06:45.155	0.99085	0.99085			6
2024.05.23	00:06:45.186	0.99073	0.99073			6
2024.05.23	00:06:45.281	0.99082	0.99082			6
2024.05.23	00:06:45.311	0.99075	0.99075			6
2024.05.23	00:06:45.468	0.99082	0.99082			6
2024.05.23	00:06:45.498	0.99075	0.99075			6
2024.05.23	00:06:45.750	0.99088	0.99088			6
2024.05.23	00:06:45.780	0.99075	0.99075			6
2024.05.23	00:06:46.999	0.99074	0.99074			6
2024.05.23	00:06:50.881	0.99069	0.99069			6
2024.05.23	00:06:51.035	0.99076	0.99076			6
2024.05.23	00:06:51.095	0.99070	0.99070			6
2024.05.23	00:06:51.125	0.99071	0.99071			6
2024.05.23	00:06:51.155	0.99081	0.99081			6
2024.05.23	00:06:51.186	0.99070	0.99070			6
2024.05.23	00:06:51.216	0.99073	0.99073			6
2024.05.23	00:06:51.276	0.99072	0.99072			6
2024.05.23	00:06:51.306	0.99082	0.99082			6
2024.05.23	00:06:51.336	0.99088	0.99088			6
2024.05.23	00:06:51.396	0.99074	0.99074			6
2024.05.23	00:06:51.426	0.99070	0.99070			6
2024.05.23	00:06:51.465	0.99081	0.99081			6
2024.05.23	00:06:51.495	0.99086	0.99086			6
2024.05.23	00:06:51.525	0.99087	0.99087			6
2024.05.23	00:06:51.555	0.99075	0.99075			6
2024.05.23	00:06:51.586	0.99083	0.99083			6
2024.05.23	00:06:51.616	0.99074	0.99074			6
2024.05.23	00:06:51.645	0.99071	0.99071			6
2024.05.23	00:06:51.675	0.99084	0.99084			6
2024.05.23	00:06:51.705	0.99075	0.99075			6
2024.05.23	00:06:51.765	0.99073	0.99073			6
2024.05.23	00:06:51.825	0.99082	0.99082			6
2024.05.23	00:06:51.885	0.99087	0.99087			6
2024.05.23	00:06:51.915	0.99085	0.99085			6
2024.05.23	00:06:51.945	0.99076	0.99076			6
2024.05.23	00:06:52.012	0.99074	0.99074			6
2024.05.23	00:06:52.042	0.99085	0.99085			6
2024.05.23	00:06:52.072	0.99076	0.99076			6
2024.05.23	00:06:52.102	0.99071	0.99071			6
2024.05.23	00:06:52.133	0.99083	0.99083			6
2024.05.23	00:06:52.163	0.99075	0.99075			6
2024.05.23	00:06:52.193	0.99078	0.99078			6
2024.05.23	00:06:52.223	0.99081	0.99081			6
2024.05.23	00:06:52.252	0.99074	0.99074			6
2024.05.23	00:06:52.282	0.99078	0.99078			6
2024.05.23	00:06:52.312	0.99071	0.99071			6
2024.05.23	00:06:52.343	0.99083	0.99083			6
2024.05.23	00:06:52.373	0.99075	0.99075			6
2024.05.23	00:06:52.403	0.99072	0.99072			6
2024.05.23	00:06:52.433	0.99084	0.99084			6
2024.05.23	00:06:52.463	0.99090	0.99090			6
2024.05.23	00:06:52.612	0.99073	0.99073			6
2024.05.23	00:06:52.642	0.99074	0.99074			6
2024.05.23	00:06:52.672	0.99071	0.99071			6
2024.05.23	00:06:52.723	0.99074	0.99074			6
2024.05.23	00:06:52.850	0.99071	0.99071			6
2024.05.23	00:06:52.880	0.99083	0.99083			6
2024.05.23	00:06:52.910	0.99078	0.99078			6
2024.05.23	00:06:52.940	0.99074	0.99074			6
2024.05.23	00:06:52.971	0.99078	0.99078			6
2024.05.23	00:06:53.001	0.99075	0.99075			6
2024.05.23	00:06:53.092	0.99071	0.99071			6
2024.05.23	00:06:53.121	0.99074	0.99074			6
2024.05.23	00:06:53.270	0.99078	0.99078			6
2024.05.23	00:06:54.204	0.99077	0.99077			6
2024.05.23	00:06:54.513	0.99076	0.99076			6
2024.05.23	00:06:54.851	0.99074	0.99074			6
2024.05.23	00:06:58.383	0.99084	0.99084			6
2024.05.23	00:06:58.413	0.99089	0.99089			6
2024.05.23	00:06:58.444	0.99075	0.99075			6
2024.05.23	00:06:58.473	0.99072	0.99072			6
2024.05.23	00:06:58.503	0.99085	0.99085			6
2024.05.23	00:06:58.533	0.99075	0.99075			6
2024.05.23	00:06:58.563	0.99076	0.99076			6
2024.05.23	00:06:58.593	0.99072	0.99072			6
2024.05.23	00:06:58.625	0.99075	0.99075			6
2024.05.23	00:06:58.655	0.99086	0.99086			6
2024.05.23	00:06:58.685	0.99088	0.99088			6
2024.05.23	00:06:58.745	0.99084	0.99084			6
2024.05.23	00:06:58.776	0.99077	0.99077			6
2024.05.23	00:06:58.807	0.99075	0.99075			6
2024.05.23	00:06:58.866	0.99085	0.99085			6
2024.05.23	00:06:58.896	0.99090	0.99090			6
2024.05.23	00:06:58.956	0.99092	0.99092			6
2024.05.23	00:06:59.140	0.99087	0.99087			6
2024.05.23	00:06:59.201	0.99086	0.99086			6
2024.05.23	00:06:59.231	0.99091	0.99091			6
2024.05.23	00:06:59.379	0.99085	0.99085			6
2024.05.23	00:06:59.409	0.99076	0.99076			6
2024.05.23	00:06:59.439	0.99072	0.99072			6
2024.05.23	00:06:59.505	0.99084	0.99084			6
2024.05.23	00:06:59.535	0.99088	0.99088			6
2024.05.23	00:06:59.595	0.99075	0.99075			6
2024.05.23	00:06:59.625	0.99089	0.99089			6
2024.05.23	00:06:59.655	0.99076	0.99076			6
2024.05.23	00:06:59.684	0.99072	0.99072			6
2024.05.23	00:06:59.715	0.99084	0.99084			6
2024.05.23	00:06:59.746	0.99076	0.99076			6
2024.05.23	00:06:59.823	0.99074	0.99074			6
2024.05.23	00:06:59.853	0.99076	0.99076			6
2024.05.23	00:06:59.883	0.99075	0.99075			6
2024.05.23	00:06:59.913	0.99078	0.99078			6
2024.05.23	00:06:59.943	0.99074	0.99074			6
2024.05.23	00:06:59.973	0.99077	0.99077			6
2024.05.23	00:07:00.003	0.99072	0.99072			6
2024.05.23	00:07:00.070	0.99074	0.99074			6
2024.05.23	00:07:00.100	0.99075	0.99075			6
2024.05.23	00:07:00.172	0.99087	0.99087			6
2024.05.23	00:07:00.202	0.99075	0.99075			6
2024.05.23	00:07:00.232	0.99072	0.99072			6
2024.05.23	00:07:00.262	0.99085	0.99085			6
2024.05.23	00:07:00.293	0.99077	0.99077			6
2024.05.23	00:07:00.353	0.99086	0.99086			6
2024.05.23	00:07:00.383	0.99077	0.99077			6
2024.05.23	00:07:00.412	0.99091	0.99091			6
2024.05.23	00:07:00.443	0.99077	0.99077			6
2024.05.23	00:07:00.503	0.99076	0.99076			6
2024.05.23	00:07:00.533	0.99082	0.99082			6
2024.05.23	00:07:00.563	0.99077	0.99077			6
2024.05.23	00:07:00.610	0.99090	0.99090			6
2024.05.23	00:07:00.669	0.99082	0.99082			6
2024.05.23	00:07:00.700	0.99077	0.99077			6
2024.05.23	00:07:00.729	0.99073	0.99073			6
2024.05.23	00:07:00.759	0.99084	0.99084			6
2024.05.23	00:07:00.788	0.99073	0.99073			6
2024.05.23	00:07:00.819	0.99084	0.99084			6
2024.05.23	00:07:00.849	0.99077	0.99077			6
2024.05.23	00:07:04.668	0.99074	0.99074			6
2024.05.23	00:07:05.930	0.99071	0.99071			6
2024.05.23	00:07:05.958	0.99078	0.99078			6
2024.05.23	00:07:05.990	0.99074	0.99074			6
2024.05.23	00:07:06.018	0.99071	0.99071			6
2024.05.23	00:07:06.049	0.99083	0.99083			6
2024.05.23	00:07:06.078	0.99077	0.99077			6
2024.05.23	00:07:06.108	0.99073	0.99073			6
2024.05.23	00:07:06.175	0.99071	0.99071			6
2024.05.23	00:07:06.205	0.99074	0.99074			6
2024.05.23	00:07:06.235	0.99070	0.99070			6
2024.05.23	00:07:06.265	0.99080	0.99080			6
2024.05.23	00:07:06.295	0.99074	0.99074			6
2024.05.23	00:07:06.509	0.99081	0.99081			6
2024.05.23	00:07:06.539	0.99089	0.99089			6
2024.05.23	00:07:06.599	0.99083	0.99083			6
2024.05.23	00:07:06.630	0.99071	0.99071			6
2024.05.23	00:07:06.659	0.99080	0.99080			6
2024.05.23	00:07:06.719	0.99074	0.99074			6
2024.05.23	00:07:06.785	0.99087	0.99087			6
2024.05.23	00:07:06.815	0.99074	0.99074			6
2024.05.23	00:07:06.845	0.99073	0.99073			6
2024.05.23	00:07:06.895	0.99070	0.99070			6
2024.05.23	00:07:06.925	0.99073	0.99073			6
2024.05.23	00:07:06.955	0.99071	0.99071			6
2024.05.23	00:07:06.986	0.99074	0.99074			6
2024.05.23	00:07:07.016	0.99073	0.99073			6
2024.05.23	00:07:07.046	0.99070	0.99070			6
2024.05.23	00:07:07.076	0.99081	0.99081			6
2024.05.23	00:07:07.105	0.99073	0.99073			6
2024.05.23	00:07:07.136	0.99080	0.99080			6
2024.05.23	00:07:07.166	0.99073	0.99073			6
2024.05.23	00:07:07.225	0.99070	0.99070			6
2024.05.23	00:07:07.256	0.99073	0.99073			6
2024.05.23	00:07:07.285	0.99074	0.99074			6
2024.05.23	00:07:07.368	0.99073	0.99073			6
2024.05.23	00:07:07.449	0.99070	0.99070			6
2024.05.23	00:07:07.479	0.99074	0.99074			6
2024.05.23	00:07:07.539	0.99080	0.99080			6
2024.05.23	00:07:07.569	0.99074	0.99074			6
2024.05.23	00:07:07.689	0.99088	0.99088			6
2024.05.23	00:07:07.719	0.99074	0.99074			6
2024.05.23	00:07:07.779	0.99071	0.99071			6
2024.05.23	00:07:07.809	0.99084	0.99084			6
2024.05.23	00:07:07.839	0.99075	0.99075			6
2024.05.23	00:07:12.926	0.99070	0.99070			6
2024.05.23	00:07:12.959	0.99083	0.99083			6
2024.05.23	00:07:12.989	0.99076	0.99076			6
2024.05.23	00:07:13.019	0.99073	0.99073			6
2024.05.23	00:07:13.079	0.99070	0.99070			6
2024.05.23	00:07:13.109	0.99073	0.99073			6
2024.05.23	00:07:13.169	0.99070	0.99070			6
2024.05.23	00:07:13.200	0.99082	0.99082			6
2024.05.23	00:07:13.230	0.99070	0.99070			6
2024.05.23	00:07:13.259	0.99081	0.99081			6
2024.05.23	00:07:13.349	0.99073	0.99073			6
2024.05.23	00:07:13.421	0.99070	0.99070			6
2024.05.23	00:07:13.451	0.99081	0.99081			6
2024.05.23	00:07:13.481	0.99089	0.99089			6
2024.05.23	00:07:13.541	0.99081	0.99081			6
2024.05.23	00:07:13.571	0.99073	0.99073			6
2024.05.23	00:07:13.630	0.99070	0.99070			6
2024.05.23	00:07:13.661	0.99073	0.99073			6
2024.05.23	00:07:13.691	0.99070	0.99070			6
2024.05.23	00:07:13.721	0.99081	0.99081			6
2024.05.23	00:07:13.752	0.99074	0.99074			6
2024.05.23	00:07:13.961	0.99073	0.99073			6
2024.05.23	00:07:13.991	0.99081	0.99081			6
2024.05.23	00:07:14.021	0.99073	0.99073			6
2024.05.23	00:07:14.143	0.99070	0.99070			6
2024.05.23	00:07:14.172	0.99074	0.99074			6
2024.05.23	00:07:14.228	0.99070	0.99070			6
2024.05.23	00:07:14.258	0.99074	0.99074			6
2024.05.23	00:07:14.288	0.99087	0.99087			6
2024.05.23	00:07:14.318	0.99074	0.99074			6
2024.05.23	00:07:14.467	0.99083	0.99083			6
2024.05.23	00:07:14.498	0.99071	0.99071			6
2024.05.23	00:07:14.528	0.99073	0.99073			6
2024.05.23	00:07:14.559	0.99070	0.99070			6
2024.05.23	00:07:14.588	0.99081	0.99081			6
2024.05.23	00:07:14.619	0.99074	0.99074			6
2024.05.23	00:07:14.678	0.99081	0.99081			6
2024.05.23	00:07:14.708	0.99074	0.99074			6
2024.05.23	00:07:14.828	0.99070	0.99070			6
2024.05.23	00:07:14.858	0.99081	0.99081			6
2024.05.23	00:07:14.889	0.99074	0.99074			6
2024.05.23	00:07:14.950	0.99071	0.99071			6
2024.05.23	00:07:14.979	0.99074	0.99074			6
2024.05.23	00:07:15.011	0.99071	0.99071			6
2024.05.23	00:07:15.040	0.99081	0.99081			6
2024.05.23	00:07:15.070	0.99074	0.99074			6
2024.05.23	00:07:15.100	0.99071	0.99071			6
2024.05.23	00:07:15.130	0.99081	0.99081			6
2024.05.23	00:07:15.160	0.99074	0.99074			6
2024.05.23	00:07:20.290	0.99070	0.99070			6
2024.05.23	00:07:20.350	0.99077	0.99077			6
2024.05.23	00:07:20.380	0.99074	0.99074			6
2024.05.23	00:07:20.440	0.99070	0.99070			6
2024.05.23	00:07:20.470	0.99078	0.99078			6
2024.05.23	00:07:20.500	0.99091	0.99091			6
2024.05.23	00:07:20.560	0.99078	0.99078			6
2024.05.23	00:07:20.590	0.99070	0.99070			6
2024.05.23	00:07:20.620	0.99081	0.99081			6
2024.05.23	00:07:20.651	0.99083	0.99083			6
2024.05.23	00:07:20.680	0.99078	0.99078			6
2024.05.23	00:07:20.712	0.99091	0.99091			6
2024.05.23	00:07:20.801	0.99080	0.99080			6
2024.05.23	00:07:20.830	0.99085	0.99085			6
2024.05.23	00:07:20.861	0.99076	0.99076			6
2024.05.23	00:07:20.923	0.99075	0.99075			6
2024.05.23	00:07:20.953	0.99071	0.99071			6
2024.05.23	00:07:20.982	0.99078	0.99078			6
2024.05.23	00:07:21.012	0.99074	0.99074			6
2024.05.23	00:07:21.042	0.99081	0.99081			6
2024.05.23	00:07:21.071	0.99071	0.99071			6
2024.05.23	00:07:21.102	0.99074	0.99074			6
2024.05.23	00:07:21.162	0.99078	0.99078			6
2024.05.23	00:07:21.222	0.99074	0.99074			6
2024.05.23	00:07:21.251	0.99071	0.99071			6
2024.05.23	00:07:21.312	0.99078	0.99078			6
2024.05.23	00:07:21.372	0.99072	0.99072			6
2024.05.23	00:07:21.402	0.99081	0.99081			6
2024.05.23	00:07:21.431	0.99071	0.99071			6
2024.05.23	00:07:21.462	0.99083	0.99083			6
2024.05.23	00:07:21.491	0.99071	0.99071			6
2024.05.23	00:07:21.521	0.99085	0.99085			6
2024.05.23	00:07:21.552	0.99091	0.99091			6
2024.05.23	00:07:21.582	0.99078	0.99078			6
2024.05.23	00:07:21.643	0.99074	0.99074			6
2024.05.23	00:07:21.673	0.99078	0.99078			6
2024.05.23	00:07:21.703	0.99077	0.99077			6
2024.05.23	00:07:21.733	0.99075	0.99075			6
2024.05.23	00:07:21.793	0.99077	0.99077			6
2024.05.23	00:07:21.823	0.99090	0.99090			6
2024.05.23	00:07:21.852	0.99077	0.99077			6
2024.05.23	00:07:21.883	0.99074	0.99074			6
2024.05.23	00:07:21.913	0.99077	0.99077			6
2024.05.23	00:07:21.943	0.99072	0.99072			6
2024.05.23	00:07:21.973	0.99082	0.99082			6
2024.05.23	00:07:22.003	0.99075	0.99075			6
2024.05.23	00:07:22.093	0.99074	0.99074			6
2024.05.23	00:07:22.123	0.99071	0.99071			6
2024.05.23	00:07:22.154	0.99085	0.99085			6
2024.05.23	00:07:22.183	0.99091	0.99091			6
2024.05.23	00:07:22.213	0.99078	0.99078			6
2024.05.23	00:07:22.243	0.99077	0.99077			6
2024.05.23	00:07:22.273	0.99073	0.99073			6
2024.05.23	00:07:22.359	0.99071	0.99071			6
2024.05.23	00:07:22.390	0.99085	0.99085			6
2024.05.23	00:07:22.451	0.99077	0.99077			6
2024.05.23	00:07:22.481	0.99074	0.99074			6
2024.05.23	00:07:22.510	0.99077	0.99077			6
2024.05.23	00:07:22.601	0.99071	0.99071			6
2024.05.23	00:07:22.729	0.99081	0.99081			6
2024.05.23	00:07:22.759	0.99091	0.99091			6
2024.05.23	00:07:22.822	0.99087	0.99087			6
2024.05.23	00:07:22.852	0.99074	0.99074			6
2024.05.23	00:07:22.912	0.99071	0.99071			6
2024.05.23	00:07:22.942	0.99074	0.99074			6
2024.05.23	00:07:23.006	0.99086	0.99086			6
2024.05.23	00:07:23.036	0.99078	0.99078			6
2024.05.23	00:07:24.015	0.99073	0.99073			6
2024.05.23	00:07:28.126	0.99069	0.99069			6
2024.05.23	00:07:28.157	0.99081	0.99081			6
2024.05.23	00:07:28.187	0.99073	0.99073			6
2024.05.23	00:07:28.217	0.99070	0.99070			6
2024.05.23	00:07:28.277	0.99074	0.99074			6
2024.05.23	00:07:28.306	0.99076	0.99076			6
2024.05.23	00:07:28.336	0.99073	0.99073			6
2024.05.23	00:07:28.367	0.99074	0.99074			6
2024.05.23	00:07:28.427	0.99070	0.99070			6
2024.05.23	00:07:28.457	0.99077	0.99077			6
2024.05.23	00:07:28.487	0.99073	0.99073			6
2024.05.23	00:07:28.517	0.99077	0.99077			6
2024.05.23	00:07:28.547	0.99071	0.99071			6
2024.05.23	00:07:28.577	0.99084	0.99084			6
2024.05.23	00:07:28.607	0.99079	0.99079			6
2024.05.23	00:07:28.667	0.99077	0.99077			6
2024.05.23	00:07:28.697	0.99074	0.99074			6
2024.05.23	00:07:28.727	0.99077	0.99077			6
2024.05.23	00:07:28.794	0.99079	0.99079			6
2024.05.23	00:07:28.824	0.99074	0.99074			6
2024.05.23	00:07:28.885	0.99071	0.99071			6
2024.05.23	00:07:28.915	0.99073	0.99073			6
2024.05.23	00:07:28.944	0.99071	0.99071			6
2024.05.23	00:07:29.035	0.99078	0.99078			6
2024.05.23	00:07:29.094	0.99071	0.99071			6
2024.05.23	00:07:29.125	0.99075	0.99075			6
2024.05.23	00:07:29.216	0.99074	0.99074			6
2024.05.23	00:07:29.246	0.99071	0.99071			6
2024.05.23	00:07:29.276	0.99084	0.99084			6
2024.05.23	00:07:29.307	0.99074	0.99074			6
2024.05.23	00:07:29.370	0.99079	0.99079			6
2024.05.23	00:07:29.449	0.99074	0.99074			6
2024.05.23	00:07:29.478	0.99071	0.99071			6
2024.05.23	00:07:29.509	0.99073	0.99073			6
2024.05.23	00:07:29.599	0.99069	0.99069			6
2024.05.23	00:07:29.630	0.99082	0.99082			6
2024.05.23	00:07:29.660	0.99076	0.99076			6
2024.05.23	00:07:29.720	0.99074	0.99074			6
2024.05.23	00:07:29.750	0.99072	0.99072			6
2024.05.23	00:07:29.840	0.99083	0.99083			6
2024.05.23	00:07:29.869	0.99089	0.99089			6
2024.05.23	00:07:29.931	0.99083	0.99083			6
2024.05.23	00:07:29.961	0.99091	0.99091			6
2024.05.23	00:07:30.008	0.99078	0.99078			6
2024.05.23	00:07:30.038	0.99088	0.99088			6
2024.05.23	00:07:30.068	0.99075	0.99075			6
2024.05.23	00:07:30.097	0.99071	0.99071			6
2024.05.23	00:07:30.217	0.99074	0.99074			6
2024.05.23	00:07:33.069	0.99083	0.99083			6
2024.05.23	00:07:35.350	0.99079	0.99079			6
2024.05.23	00:07:35.380	0.99084	0.99084			6
2024.05.23	00:07:35.410	0.99083	0.99083			6
2024.05.23	00:07:35.470	0.99079	0.99079			6
2024.05.23	00:07:35.500	0.99083	0.99083			6
2024.05.23	00:07:35.538	0.99089	0.99089			6
2024.05.23	00:07:35.568	0.99083	0.99083			6
2024.05.23	00:07:35.657	0.99084	0.99084			6
2024.05.23	00:07:35.687	0.99079	0.99079			6
2024.05.23	00:07:35.717	0.99085	0.99085			6
2024.05.23	00:07:35.747	0.99089	0.99089			6
2024.05.23	00:07:35.779	0.99085	0.99085			6
2024.05.23	00:07:35.809	0.99081	0.99081			6
2024.05.23	00:07:35.839	0.99085	0.99085			6
2024.05.23	00:07:35.898	0.99086	0.99086			6
2024.05.23	00:07:35.989	0.99084	0.99084			6
2024.05.23	00:07:36.019	0.99087	0.99087			6
2024.05.23	00:07:36.049	0.99081	0.99081			6
2024.05.23	00:07:36.079	0.99087	0.99087			6
2024.05.23	00:07:36.109	0.99089	0.99089			6
2024.05.23	00:07:36.140	0.99081	0.99081			6
2024.05.23	00:07:36.230	0.99084	0.99084			6
2024.05.23	00:07:36.261	0.99088	0.99088			6
2024.05.23	00:07:36.321	0.99081	0.99081			6
2024.05.23	00:07:36.381	0.99088	0.99088			6
2024.05.23	00:07:36.411	0.99091	0.99091			6
2024.05.23	00:07:36.471	0.99083	0.99083			6
2024.05.23	00:07:36.530	0.99086	0.99086			6
2024.05.23	00:07:36.591	0.99084	0.99084			6
2024.05.23	00:07:36.650	0.99081	0.99081			6
2024.05.23	00:07:36.685	0.99084	0.99084			6
2024.05.23	00:07:36.715	0.99089	0.99089			6
2024.05.23	00:07:36.775	0.99087	0.99087			6
2024.05.23	00:07:36.805	0.99084	0.99084			6
2024.05.23	00:07:36.864	0.99087	0.99087			6
2024.05.23	00:07:36.935	0.99081	0.99081			6
2024.05.23	00:07:36.994	0.99087	0.99087			6
2024.05.23	00:07:37.024	0.99090	0.99090			6
2024.05.23	00:07:37.056	0.99086	0.99086			6
2024.05.23	00:07:37.115	0.99084	0.99084			6
2024.05.23	00:07:37.206	0.99081	0.99081			6
2024.05.23	00:07:37.236	0.99089	0.99089			6
2024.05.23	00:07:37.267	0.99082	0.99082			6
2024.05.23	00:07:37.296	0.99086	0.99086			6
2024.05.23	00:07:37.326	0.99082	0.99082			6
2024.05.23	00:07:37.356	0.99089	0.99089			6
2024.05.23	00:07:37.385	0.99082	0.99082			6
2024.05.23	00:07:37.417	0.99085	0.99085			6
2024.05.23	00:07:37.476	0.99084	0.99084			6
2024.05.23	00:07:40.056	0.99083	0.99083			6
2024.05.23	00:07:40.260	0.99084	0.99084			6
2024.05.23	00:07:42.602	0.99085	0.99085			6
2024.05.23	00:07:42.632	0.99090	0.99090			6
2024.05.23	00:07:42.662	0.99085	0.99085			6
2024.05.23	00:07:42.724	0.99083	0.99083			6
2024.05.23	00:07:42.754	0.99090	0.99090			6
2024.05.23	00:07:42.783	0.99083	0.99083			6
2024.05.23	00:07:42.813	0.99080	0.99080			6
2024.05.23	00:07:42.844	0.99086	0.99086			6
2024.05.23	00:07:42.874	0.99084	0.99084			6
2024.05.23	00:07:42.904	0.99087	0.99087			6
2024.05.23	00:07:42.964	0.99080	0.99080			6
2024.05.23	00:07:42.995	0.99083	0.99083			6
2024.05.23	00:07:43.024	0.99087	0.99087			6
2024.05.23	00:07:43.057	0.99081	0.99081			6
2024.05.23	00:07:43.087	0.99084	0.99084			6
2024.05.23	00:07:43.118	0.99085	0.99085			6
2024.05.23	00:07:43.148	0.99084	0.99084			6
2024.05.23	00:07:43.178	0.99085	0.99085			6
2024.05.23	00:07:43.207	0.99087	0.99087			6
2024.05.23	00:07:43.268	0.99085	0.99085			6
2024.05.23	00:07:43.298	0.99081	0.99081			6
2024.05.23	00:07:43.328	0.99085	0.99085			6
2024.05.23	00:07:43.357	0.99086	0.99086			6
2024.05.23	00:07:43.387	0.99081	0.99081			6
2024.05.23	00:07:43.417	0.99086	0.99086			6
2024.05.23	00:07:43.454	0.99082	0.99082			6
2024.05.23	00:07:43.514	0.99090	0.99090			6
2024.05.23	00:07:43.544	0.99083	0.99083			6
2024.05.23	00:07:43.574	0.99079	0.99079			6
2024.05.23	00:07:43.604	0.99081	0.99081			6
2024.05.23	00:07:43.666	0.99089	0.99089			6
2024.05.23	00:07:43.696	0.99085	0.99085			6
2024.05.23	00:07:43.726	0.99087	0.99087			6
2024.05.23	00:07:43.817	0.99083	0.99083			6
2024.05.23	00:07:43.847	0.99080	0.99080			6
2024.05.23	00:07:43.878	0.99088	0.99088			6
2024.05.23	00:07:43.908	0.99089	0.99089			6
2024.05.23	00:07:43.936	0.99087	0.99087			6
2024.05.23	00:07:43.967	0.99086	0.99086			6
2024.05.23	00:07:43.998	0.99088	0.99088			6
2024.05.23	00:07:44.027	0.99092	0.99092			6
2024.05.23	00:07:44.057	0.99091	0.99091			6
2024.05.23	00:07:44.088	0.99081	0.99081			6
2024.05.23	00:07:44.118	0.99085	0.99085			6
2024.05.23	00:07:44.147	0.99091	0.99091			6
2024.05.23	00:07:44.179	0.99088	0.99088			6
2024.05.23	00:07:44.208	0.99085	0.99085			6
2024.05.23	00:07:44.238	0.99081	0.99081			6
2024.05.23	00:07:44.268	0.99090	0.99090			6
2024.05.23	00:07:44.298	0.99081	0.99081			6
2024.05.23	00:07:44.328	0.99085	0.99085			6
2024.05.23	00:07:44.358	0.99081	0.99081			6
2024.05.23	00:07:44.418	0.99088	0.99088			6
2024.05.23	00:07:44.478	0.99092	0.99092			6
2024.05.23	00:07:44.508	0.99091	0.99091			6
2024.05.23	00:07:44.538	0.99081	0.99081			6
2024.05.23	00:07:44.568	0.99082	0.99082			6
2024.05.23	00:07:44.628	0.99090	0.99090			6
2024.05.23	00:07:44.658	0.99091	0.99091			6
2024.05.23	00:07:44.688	0.99081	0.99081			6
2024.05.23	00:07:44.718	0.99090	0.99090			6
2024.05.23	00:07:44.809	0.99091	0.99091			6
2024.05.23	00:07:44.839	0.99083	0.99083			6
2024.05.23	00:07:44.869	0.99082	0.99082			6
2024.05.23	00:07:48.951	0.99077	0.99077			6
2024.05.23	00:07:49.109	0.99082	0.99082			6
2024.05.23	00:07:49.736	0.99085	0.99085			6
2024.05.23	00:07:50.006	0.99090	0.99090			6
2024.05.23	00:07:50.035	0.99089	0.99089			6
2024.05.23	00:07:50.066	0.99081	0.99081			6
2024.05.23	00:07:50.096	0.99088	0.99088			6
2024.05.23	00:07:50.126	0.99082	0.99082			6
2024.05.23	00:07:50.155	0.99086	0.99086			6
2024.05.23	00:07:50.216	0.99081	0.99081			6
2024.05.23	00:07:50.247	0.99088	0.99088			6
2024.05.23	00:07:50.276	0.99091	0.99091			6
2024.05.23	00:07:50.305	0.99086	0.99086			6
2024.05.23	00:07:50.336	0.99082	0.99082			6
2024.05.23	00:07:50.396	0.99089	0.99089			6
2024.05.23	00:07:50.486	0.99087	0.99087			6
2024.05.23	00:07:50.630	0.99085	0.99085			6
2024.05.23	00:07:50.690	0.99089	0.99089			6
2024.05.23	00:07:50.719	0.99086	0.99086			6
2024.05.23	00:07:50.750	0.99088	0.99088			6
2024.05.23	00:07:50.780	0.99089	0.99089			6
2024.05.23	00:07:50.839	0.99085	0.99085			6
2024.05.23	00:07:50.870	0.99088	0.99088			6
2024.05.23	00:07:51.051	0.99085	0.99085			6
2024.05.23	00:07:51.081	0.99091	0.99091			6
2024.05.23	00:07:51.141	0.99086	0.99086			6
2024.05.23	00:07:51.172	0.99088	0.99088			6
2024.05.23	00:07:51.202	0.99084	0.99084			6
2024.05.23	00:07:51.231	0.99088	0.99088			6
2024.05.23	00:07:51.383	0.99087	0.99087			6
2024.05.23	00:07:51.443	0.99086	0.99086			6
2024.05.23	00:07:51.473	0.99083	0.99083			6
2024.05.23	00:07:51.503	0.99086	0.99086			6
2024.05.23	00:07:51.532	0.99083	0.99083			6
2024.05.23	00:07:51.563	0.99088	0.99088			6
2024.05.23	00:07:51.622	0.99085	0.99085			6
2024.05.23	00:07:51.783	0.99082	0.99082			6
2024.05.23	00:07:51.813	0.99086	0.99086			6
2024.05.23	00:07:51.963	0.99082	0.99082			6
2024.05.23	00:07:52.023	0.99086	0.99086			6
2024.05.23	00:07:52.237	0.99089	0.99089			6
2024.05.23	00:07:52.296	0.99087	0.99087			6
2024.05.23	00:07:55.280	0.99089	0.99089			6
2024.05.23	00:07:55.311	0.99088	0.99088			6
2024.05.23	00:07:55.892	0.99089	0.99089			6
2024.05.23	00:07:57.361	0.99086	0.99086			6
2024.05.23	00:07:57.391	0.99085	0.99085			6
2024.05.23	00:07:57.421	0.99086	0.99086			6
2024.05.23	00:07:57.451	0.99085	0.99085			6
2024.05.23	00:07:57.481	0.99086	0.99086			6
2024.05.23	00:07:57.557	0.99081	0.99081			6
2024.05.23	00:07:57.588	0.99085	0.99085			6
2024.05.23	00:07:57.827	0.99086	0.99086			6
2024.05.23	00:07:57.857	0.99083	0.99083			6
2024.05.23	00:07:57.887	0.99086	0.99086			6
2024.05.23	00:07:57.977	0.99082	0.99082			6
2024.05.23	00:07:58.007	0.99086	0.99086			6
2024.05.23	00:07:58.037	0.99090	0.99090			6
2024.05.23	00:07:58.066	0.99087	0.99087			6
2024.05.23	00:07:58.097	0.99083	0.99083			6
2024.05.23	00:07:58.128	0.99086	0.99086			6
2024.05.23	00:07:58.223	0.99084	0.99084			6
2024.05.23	00:07:58.254	0.99086	0.99086			6
2024.05.23	00:07:58.284	0.99083	0.99083			6
2024.05.23	00:07:58.314	0.99087	0.99087			6
2024.05.23	00:07:58.344	0.99086	0.99086			6
2024.05.23	00:07:58.373	0.99090	0.99090			6
2024.05.23	00:07:58.433	0.99083	0.99083			6
2024.05.23	00:07:58.465	0.99087	0.99087			6
2024.05.23	00:07:58.494	0.99084	0.99084			6
2024.05.23	00:07:58.525	0.99088	0.99088			6
2024.05.23	00:07:58.554	0.99084	0.99084			6
2024.05.23	00:07:58.584	0.99086	0.99086			6
2024.05.23	00:07:58.614	0.99091	0.99091			6
2024.05.23	00:07:58.644	0.99087	0.99087			6
2024.05.23	00:07:58.673	0.99084	0.99084			6
2024.05.23	00:07:58.704	0.99086	0.99086			6
2024.05.23	00:07:58.734	0.99083	0.99083			6
2024.05.23	00:07:58.764	0.99086	0.99086			6
2024.05.23	00:07:58.793	0.99084	0.99084			6
2024.05.23	00:07:58.824	0.99086	0.99086			6
2024.05.23	00:07:58.855	0.99084	0.99084			6
2024.05.23	00:07:58.914	0.99087	0.99087			6
2024.05.23	00:07:59.095	0.99083	0.99083			6
2024.05.23	00:07:59.125	0.99086	0.99086			6
2024.05.23	00:07:59.155	0.99084	0.99084			6
2024.05.23	00:07:59.185	0.99087	0.99087			6
2024.05.23	00:07:59.215	0.99083	0.99083			6
2024.05.23	00:07:59.246	0.99087	0.99087			6
2024.05.23	00:07:59.305	0.99086	0.99086			6
2024.05.23	00:07:59.365	0.99083	0.99083			6
2024.05.23	00:07:59.395	0.99087	0.99087			6
2024.05.23	00:08:01.480	0.99085	0.99085			6
2024.05.23	00:08:02.210	0.99082	0.99082			6
2024.05.23	00:08:04.588	0.99085	0.99085			6
2024.05.23	00:08:04.618	0.99086	0.99086			6
2024.05.23	00:08:04.648	0.99085	0.99085			6
2024.05.23	00:08:04.678	0.99084	0.99084			6
2024.05.23	00:08:04.799	0.99098	0.99098			6
2024.05.23	00:08:04.891	0.99084	0.99084			6
2024.05.23	00:08:05.084	0.99092	0.99092			6
2024.05.23	00:08:05.113	0.99084	0.99084			6
2024.05.23	00:08:05.143	0.99083	0.99083			6
2024.05.23	00:08:05.241	0.99091	0.99091			6
2024.05.23	00:08:05.270	0.99083	0.99083			6
2024.05.23	00:08:05.330	0.99084	0.99084			6
2024.05.23	00:08:05.390	0.99083	0.99083			6
2024.05.23	00:08:05.528	0.99085	0.99085			6
2024.05.23	00:08:05.558	0.99083	0.99083			6
2024.05.23	00:08:05.588	0.99085	0.99085			6
2024.05.23	00:08:05.742	0.99083	0.99083			6
2024.05.23	00:08:05.812	0.99085	0.99085			6
2024.05.23	00:08:05.931	0.99088	0.99088			6
2024.05.23	00:08:05.993	0.99082	0.99082			6
2024.05.23	00:08:06.023	0.99085	0.99085			6
2024.05.23	00:08:06.083	0.99089	0.99089			6
2024.05.23	00:08:06.113	0.99084	0.99084			6
2024.05.23	00:08:06.322	0.99101	0.99101			6
2024.05.23	00:08:06.354	0.99103	0.99103			6
2024.05.23	00:08:06.383	0.99105	0.99105			6
2024.05.23	00:08:06.503	0.99084	0.99084			6
2024.05.23	00:08:06.533	0.99085	0.99085			6
2024.05.23	00:08:06.563	0.99083	0.99083			6
2024.05.23	00:08:06.623	0.99085	0.99085			6
2024.05.23	00:08:06.755	0.99090	0.99090			6
2024.05.23	00:08:06.785	0.99089	0.99089			6
2024.05.23	00:08:06.815	0.99084	0.99084			6
2024.05.23	00:08:09.370	0.99082	0.99082			6
2024.05.23	00:08:11.890	0.99080	0.99080			6
2024.05.23	00:08:11.919	0.99083	0.99083			6
2024.05.23	00:08:11.950	0.99080	0.99080			6
2024.05.23	00:08:11.979	0.99082	0.99082			6
2024.05.23	00:08:12.041	0.99083	0.99083			6
2024.05.23	00:08:12.103	0.99081	0.99081			6
2024.05.23	00:08:12.133	0.99082	0.99082			6
2024.05.23	00:08:12.253	0.99086	0.99086			6
2024.05.23	00:08:12.404	0.99083	0.99083			6
2024.05.23	00:08:12.675	0.99088	0.99088			6
2024.05.23	00:08:12.705	0.99084	0.99084			6
2024.05.23	00:08:12.795	0.99088	0.99088			6
2024.05.23	00:08:12.825	0.99086	0.99086			6
2024.05.23	00:08:12.855	0.99085	0.99085			6
2024.05.23	00:08:12.885	0.99086	0.99086			6
2024.05.23	00:08:13.005	0.99085	0.99085			6
2024.05.23	00:08:13.064	0.99088	0.99088			6
2024.05.23	00:08:13.126	0.99085	0.99085			6
2024.05.23	00:08:13.185	0.99088	0.99088			6
2024.05.23	00:08:13.280	0.99086	0.99086			6
2024.05.23	00:08:13.310	0.99087	0.99087			6
2024.05.23	00:08:13.370	0.99084	0.99084			6
2024.05.23	00:08:13.429	0.99087	0.99087			6
2024.05.23	00:08:13.550	0.99088	0.99088			6
2024.05.23	00:08:13.580	0.99086	0.99086			6
2024.05.23	00:08:13.610	0.99088	0.99088			6
2024.05.23	00:08:13.669	0.99085	0.99085			6
2024.05.23	00:08:13.700	0.99087	0.99087			6
2024.05.23	00:08:16.459	0.99089	0.99089			6
2024.05.23	00:08:17.313	0.99086	0.99086			6
2024.05.23	00:08:18.285	0.99100	0.99100			6
2024.05.23	00:08:18.315	0.99086	0.99086			6
2024.05.23	00:08:18.831	0.99084	0.99084			6
2024.05.23	00:08:18.860	0.99098	0.99098			6
2024.05.23	00:08:18.890	0.99085	0.99085			6
2024.05.23	00:08:19.010	0.99083	0.99083			6
2024.05.23	00:08:19.190	0.99085	0.99085			6
2024.05.23	00:08:19.280	0.99082	0.99082			6
2024.05.23	00:08:19.310	0.99085	0.99085			6
2024.05.23	00:08:19.400	0.99084	0.99084			6
2024.05.23	00:08:19.520	0.99081	0.99081			6
2024.05.23	00:08:19.550	0.99083	0.99083			6
2024.05.23	00:08:19.581	0.99089	0.99089			6
2024.05.23	00:08:19.640	0.99088	0.99088			6
2024.05.23	00:08:19.670	0.99083	0.99083			6
2024.05.23	00:08:19.759	0.99082	0.99082			6
2024.05.23	00:08:19.914	0.99084	0.99084			6
2024.05.23	00:08:20.094	0.99085	0.99085			6
2024.05.23	00:08:20.154	0.99082	0.99082			6
2024.05.23	00:08:20.184	0.99085	0.99085			6
2024.05.23	00:08:20.213	0.99088	0.99088			6
2024.05.23	00:08:20.244	0.99085	0.99085			6
2024.05.23	00:08:20.425	0.99088	0.99088			6
2024.05.23	00:08:20.455	0.99085	0.99085			6
2024.05.23	00:08:20.545	0.99084	0.99084			6
2024.05.23	00:08:20.702	0.99088	0.99088			6
2024.05.23	00:08:20.731	0.99085	0.99085			6
2024.05.23	00:08:20.791	0.99084	0.99084			6
2024.05.23	00:08:20.850	0.99082	0.99082			6
2024.05.23	00:08:20.881	0.99083	0.99083			6
2024.05.23	00:08:20.941	0.99082	0.99082			6
2024.05.23	00:08:20.971	0.99083	0.99083			6
2024.05.23	00:08:21.000	0.99084	0.99084			6
2024.05.23	00:08:24.359	0.99086	0.99086			6
2024.05.23	00:08:24.390	0.99084	0.99084			6
2024.05.23	00:08:26.169	0.99083	0.99083			6
2024.05.23	00:08:26.234	0.99087	0.99087			6
2024.05.23	00:08:26.295	0.99083	0.99083			6
2024.05.23	00:08:26.325	0.99084	0.99084			6
2024.05.23	00:08:26.415	0.99087	0.99087			6
2024.05.23	00:08:26.445	0.99083	0.99083			6
2024.05.23	00:08:26.505	0.99087	0.99087			6
2024.05.23	00:08:26.535	0.99084	0.99084			6
2024.05.23	00:08:26.654	0.99085	0.99085			6
2024.05.23	00:08:26.685	0.99084	0.99084			6
2024.05.23	00:08:26.836	0.99082	0.99082			6
2024.05.23	00:08:26.988	0.99085	0.99085			6
2024.05.23	00:08:27.231	0.99082	0.99082			6
2024.05.23	00:08:27.260	0.99084	0.99084			6
2024.05.23	00:08:27.291	0.99085	0.99085			6
2024.05.23	00:08:27.320	0.99083	0.99083			6
2024.05.23	00:08:27.351	0.99086	0.99086			6
2024.05.23	00:08:27.441	0.99083	0.99083			6
2024.05.23	00:08:27.471	0.99084	0.99084			6
2024.05.23	00:08:27.531	0.99082	0.99082			6
2024.05.23	00:08:27.561	0.99084	0.99084			6
2024.05.23	00:08:27.591	0.99083	0.99083			6
2024.05.23	00:08:27.621	0.99084	0.99084			6
2024.05.23	00:08:27.681	0.99085	0.99085			6
2024.05.23	00:08:27.775	0.99083	0.99083			6
2024.05.23	00:08:27.805	0.99085	0.99085			6
2024.05.23	00:08:27.835	0.99091	0.99091			6
2024.05.23	00:08:27.866	0.99104	0.99104			6
2024.05.23	00:08:27.958	0.99100	0.99100			6
2024.05.23	00:08:27.987	0.99102	0.99102			6
2024.05.23	00:08:28.017	0.99098	0.99098			6
2024.05.23	00:08:28.048	0.99100	0.99100			6
2024.05.23	00:08:28.198	0.99085	0.99085			6
2024.05.23	00:08:31.170	0.99081	0.99081			6
2024.05.23	00:08:32.607	0.99083	0.99083			6
2024.05.23	00:08:33.359	0.99081	0.99081			6
2024.05.23	00:08:33.389	0.99086	0.99086			6
2024.05.23	00:08:33.419	0.99089	0.99089			6
2024.05.23	00:08:33.449	0.99086	0.99086			6
2024.05.23	00:08:33.480	0.99079	0.99079			6
2024.05.23	00:08:33.512	0.99075	0.99075			6
2024.05.23	00:08:33.540	0.99078	0.99078			6
2024.05.23	00:08:33.569	0.99085	0.99085			6
2024.05.23	00:08:33.600	0.99081	0.99081			6
2024.05.23	00:08:33.629	0.99087	0.99087			6
2024.05.23	00:08:33.659	0.99081	0.99081			6
2024.05.23	00:08:33.689	0.99083	0.99083			6
2024.05.23	00:08:33.750	0.99086	0.99086			6
2024.05.23	00:08:33.810	0.99077	0.99077			6
2024.05.23	00:08:33.871	0.99086	0.99086			6
2024.05.23	00:08:33.976	0.99089	0.99089			6
2024.05.23	00:08:34.007	0.99076	0.99076			6
2024.05.23	00:08:34.066	0.99089	0.99089			6
2024.05.23	00:08:34.138	0.99077	0.99077			6
2024.05.23	00:08:34.168	0.99087	0.99087			6
2024.05.23	00:08:34.199	0.99082	0.99082			6
2024.05.23	00:08:34.229	0.99081	0.99081			6
2024.05.23	00:08:34.348	0.99086	0.99086			6
2024.05.23	00:08:34.378	0.99078	0.99078			6
2024.05.23	00:08:34.497	0.99082	0.99082			6
2024.05.23	00:08:34.527	0.99088	0.99088			6
2024.05.23	00:08:34.559	0.99091	0.99091			6
2024.05.23	00:08:34.588	0.99083	0.99083			6
2024.05.23	00:08:34.618	0.99089	0.99089			6
2024.05.23	00:08:34.678	0.99077	0.99077			6
2024.05.23	00:08:34.708	0.99087	0.99087			6
2024.05.23	00:08:34.738	0.99077	0.99077			6
2024.05.23	00:08:34.767	0.99080	0.99080			6
2024.05.23	00:08:34.798	0.99077	0.99077			6
2024.05.23	00:08:34.829	0.99087	0.99087			6
2024.05.23	00:08:34.860	0.99089	0.99089			6
2024.05.23	00:08:34.920	0.99076	0.99076			6
2024.05.23	00:08:34.950	0.99081	0.99081			6
2024.05.23	00:08:35.040	0.99085	0.99085			6
2024.05.23	00:08:35.100	0.99080	0.99080			6
2024.05.23	00:08:35.817	0.99079	0.99079			6
2024.05.23	00:08:36.851	0.99078	0.99078			6
2024.05.23	00:08:38.380	0.99077	0.99077			6
2024.05.23	00:08:38.441	0.99079	0.99079			6
2024.05.23	00:08:40.740	0.99073	0.99073			6
2024.05.23	00:08:40.831	0.99079	0.99079			6
2024.05.23	00:08:42.322	0.99073	0.99073			6
2024.05.23	00:08:42.770	0.99072	0.99072			6
2024.05.23	00:08:43.933	0.99079	0.99079			6
2024.05.23	00:08:45.929	0.99084	0.99084			6
2024.05.23	00:08:47.622	0.99075	0.99075			6
2024.05.23	00:08:54.298	0.99084	0.99084			6
2024.05.23	00:08:58.178	0.99086	0.99086			6
2024.05.23	00:09:00.088	0.99076	0.99076			6
2024.05.23	00:09:05.081	0.99079	0.99079			6
2024.05.23	00:09:05.835	0.99082	0.99082			6
2024.05.23	00:09:05.865	0.99081	0.99081			6
2024.05.23	00:09:06.800	0.99080	0.99080			6
2024.05.23	00:09:06.859	0.99079	0.99079			6
2024.05.23	00:09:06.890	0.99081	0.99081			6
2024.05.23	00:09:12.440	0.99079	0.99079			6
2024.05.23	00:09:12.560	0.99085	0.99085			6
2024.05.23	00:09:12.590	0.99087	0.99087			6
2024.05.23	00:09:12.620	0.99089	0.99089			6
2024.05.23	00:09:12.651	0.99086	0.99086			6
2024.05.23	00:09:12.710	0.99084	0.99084			6
2024.05.23	00:09:12.800	0.99075	0.99075			6
2024.05.23	00:09:12.830	0.99074	0.99074			6
2024.05.23	00:09:12.891	0.99078	0.99078			6
2024.05.23	00:09:12.922	0.99092	0.99092			6
2024.05.23	00:09:12.953	0.99083	0.99083			6
2024.05.23	00:09:12.982	0.99086	0.99086			6
2024.05.23	00:09:13.102	0.99091	0.99091			6
2024.05.23	00:09:13.131	0.99086	0.99086			6
2024.05.23	00:09:13.162	0.99082	0.99082			6
2024.05.23	00:09:13.191	0.99087	0.99087			6
2024.05.23	00:09:13.371	0.99083	0.99083			6
2024.05.23	00:09:13.402	0.99077	0.99077			6
2024.05.23	00:09:13.432	0.99086	0.99086			6
2024.05.23	00:09:13.674	0.99077	0.99077			6
2024.05.23	00:09:13.704	0.99091	0.99091			6
2024.05.23	00:09:13.733	0.99089	0.99089			6
2024.05.23	00:09:13.764	0.99086	0.99086			6
2024.05.23	00:09:13.794	0.99083	0.99083			6
2024.05.23	00:09:13.825	0.99086	0.99086			6
2024.05.23	00:09:13.991	0.99082	0.99082			6
2024.05.23	00:09:14.021	0.99086	0.99086			6
2024.05.23	00:09:14.112	0.99081	0.99081			6
2024.05.23	00:09:14.142	0.99086	0.99086			6
2024.05.23	00:09:14.171	0.99083	0.99083			6
2024.05.23	00:09:14.202	0.99086	0.99086			6
2024.05.23	00:09:14.232	0.99079	0.99079			6
2024.05.23	00:09:14.262	0.99086	0.99086			6
2024.05.23	00:09:14.383	0.99079	0.99079			6
2024.05.23	00:09:14.414	0.99073	0.99073			6
2024.05.23	00:09:14.474	0.99080	0.99080			6
2024.05.23	00:09:14.504	0.99073	0.99073			6
2024.05.23	00:09:14.534	0.99086	0.99086			6
2024.05.23	00:09:19.620	0.99081	0.99081			6
2024.05.23	00:09:19.650	0.99083	0.99083			6
2024.05.23	00:09:19.680	0.99092	0.99092			6
2024.05.23	00:09:19.710	0.99081	0.99081			6
2024.05.23	00:09:19.740	0.99082	0.99082			6
2024.05.23	00:09:19.770	0.99083	0.99083			6
2024.05.23	00:09:19.800	0.99082	0.99082			6
2024.05.23	00:09:19.830	0.99083	0.99083			6
2024.05.23	00:09:19.890	0.99078	0.99078			6
2024.05.23	00:09:19.920	0.99088	0.99088			6
2024.05.23	00:09:19.950	0.99083	0.99083			6
2024.05.23	00:09:20.191	0.99084	0.99084			6
2024.05.23	00:09:20.282	0.99085	0.99085			6
2024.05.23	00:09:20.313	0.99088	0.99088			6
2024.05.23	00:09:20.343	0.99090	0.99090			6
2024.05.23	00:09:20.373	0.99084	0.99084			6
2024.05.23	00:09:20.463	0.99085	0.99085			6
2024.05.23	00:09:20.494	0.99084	0.99084			6
2024.05.23	00:09:20.524	0.99085	0.99085			6
2024.05.23	00:09:20.554	0.99088	0.99088			6
2024.05.23	00:09:20.584	0.99084	0.99084			6
2024.05.23	00:09:20.644	0.99082	0.99082			6
2024.05.23	00:09:20.673	0.99084	0.99084			6
2024.05.23	00:09:20.704	0.99087	0.99087			6
2024.05.23	00:09:20.733	0.99090	0.99090			6
2024.05.23	00:09:20.763	0.99092	0.99092			6
2024.05.23	00:09:20.824	0.99090	0.99090			6
2024.05.23	00:09:20.854	0.99083	0.99083			6
2024.05.23	00:09:20.884	0.99086	0.99086			6
2024.05.23	00:09:21.036	0.99087	0.99087			6
2024.05.23	00:09:21.066	0.99086	0.99086			6
2024.05.23	00:09:21.126	0.99078	0.99078			6
2024.05.23	00:09:21.246	0.99090	0.99090			6
2024.05.23	00:09:21.276	0.99101	0.99101			6
2024.05.23	00:09:21.306	0.99105	0.99105			6
2024.05.23	00:09:21.367	0.99113	0.99113			6
2024.05.23	00:09:21.457	0.99104	0.99104			6
2024.05.23	00:09:21.516	0.99093	0.99093			6
2024.05.23	00:09:21.548	0.99097	0.99097			6
2024.05.23	00:09:21.637	0.99093	0.99093			6
2024.05.23	00:09:21.667	0.99097	0.99097			6
2024.05.23	00:09:21.696	0.99091	0.99091			6
2024.05.23	00:09:21.727	0.99090	0.99090			6
2024.05.23	00:09:21.757	0.99091	0.99091			6
2024.05.23	00:09:27.051	0.99098	0.99098			6
2024.05.23	00:09:27.081	0.99093	0.99093			6
2024.05.23	00:09:27.110	0.99092	0.99092			6
2024.05.23	00:09:27.170	0.99085	0.99085			6
2024.05.23	00:09:27.202	0.99092	0.99092			6
2024.05.23	00:09:27.321	0.99089	0.99089			6
2024.05.23	00:09:27.350	0.99092	0.99092			6
2024.05.23	00:09:27.440	0.99089	0.99089			6
2024.05.23	00:09:27.470	0.99099	0.99099			6
2024.05.23	00:09:27.500	0.99100	0.99100			6
2024.05.23	00:09:27.530	0.99092	0.99092			6
2024.05.23	00:09:27.561	0.99091	0.99091			6
2024.05.23	00:09:27.591	0.99090	0.99090			6
2024.05.23	00:09:27.621	0.99091	0.99091			6
2024.05.23	00:09:27.651	0.99088	0.99088			6
2024.05.23	00:09:27.681	0.99096	0.99096			6
2024.05.23	00:09:27.711	0.99091	0.99091			6
2024.05.23	00:09:27.740	0.99087	0.99087			6
2024.05.23	00:09:27.770	0.99100	0.99100			6
2024.05.23	00:09:27.800	0.99091	0.99091			6
2024.05.23	00:09:27.982	0.99100	0.99100			6
2024.05.23	00:09:28.012	0.99091	0.99091			6
2024.05.23	00:09:29.410	0.99089	0.99089			6
2024.05.23	00:09:29.442	0.99093	0.99093			6
2024.05.23	00:09:29.471	0.99089	0.99089			6
2024.05.23	00:09:29.501	0.99093	0.99093			6
2024.05.23	00:09:29.531	0.99088	0.99088			6
2024.05.23	00:09:29.561	0.99093	0.99093			6
2024.05.23	00:09:29.590	0.99088	0.99088			6
2024.05.23	00:09:29.620	0.99091	0.99091			6
2024.05.23	00:09:29.680	0.99097	0.99097			6
2024.05.23	00:09:29.711	0.99103	0.99103			6
2024.05.23	00:09:29.741	0.99097	0.99097			6
2024.05.23	00:09:29.772	0.99106	0.99106			6
2024.05.23	00:09:29.801	0.99094	0.99094			6
2024.05.23	00:09:29.862	0.99093	0.99093			6
2024.05.23	00:09:29.951	0.99088	0.99088			6
2024.05.23	00:09:29.982	0.99093	0.99093			6
2024.05.23	00:09:30.011	0.99088	0.99088			6
2024.05.23	00:09:30.041	0.99098	0.99098			6
2024.05.23	00:09:30.071	0.99103	0.99103			6
2024.05.23	00:09:30.101	0.99106	0.99106			6
2024.05.23	00:09:30.131	0.99094	0.99094			6
2024.05.23	00:09:30.162	0.99088	0.99088			6
2024.05.23	00:09:30.193	0.99092	0.99092			6
2024.05.23	00:09:30.252	0.99090	0.99090			6
2024.05.23	00:09:30.329	0.99094	0.99094			6
2024.05.23	00:09:30.360	0.99088	0.99088			6
2024.05.23	00:09:30.389	0.99092	0.99092			6
2024.05.23	00:09:30.420	0.99089	0.99089			6
2024.05.23	00:09:30.449	0.99093	0.99093			6
2024.05.23	00:09:30.479	0.99102	0.99102			6
2024.05.23	00:09:30.509	0.99107	0.99107			6
2024.05.23	00:09:30.600	0.99105	0.99105			6
2024.05.23	00:09:30.629	0.99096	0.99096			6
2024.05.23	00:09:30.690	0.99108	0.99108			6
2024.05.23	00:09:30.779	0.99095	0.99095			6
2024.05.23	00:09:30.840	0.99096	0.99096			6
2024.05.23	00:09:30.869	0.99089	0.99089			6
2024.05.23	00:09:30.900	0.99093	0.99093			6
2024.05.23	00:09:30.929	0.99089	0.99089			6
2024.05.23	00:09:30.960	0.99094	0.99094			6
2024.05.23	00:09:31.019	0.99090	0.99090			6
2024.05.23	00:09:31.051	0.99094	0.99094			6
2024.05.23	00:09:31.079	0.99089	0.99089			6
2024.05.23	00:09:31.140	0.99094	0.99094			6
2024.05.23	00:09:31.170	0.99092	0.99092			6
2024.05.23	00:09:31.200	0.99089	0.99089			6
2024.05.23	00:09:31.230	0.99093	0.99093			6
2024.05.23	00:09:31.260	0.99088	0.99088			6
2024.05.23	00:09:31.290	0.99093	0.99093			6
2024.05.23	00:09:31.320	0.99094	0.99094			6
2024.05.23	00:09:32.880	0.99097	0.99097			6
2024.05.23	00:09:33.672	0.99094	0.99094			6
2024.05.23	00:09:34.061	0.99091	0.99091			6
2024.05.23	00:09:36.461	0.99087	0.99087			6
2024.05.23	00:09:36.490	0.99090	0.99090			6
2024.05.23	00:09:36.599	0.99097	0.99097			6
2024.05.23	00:09:36.628	0.99090	0.99090			6
2024.05.23	00:09:36.689	0.99094	0.99094			6
2024.05.23	00:09:36.719	0.99088	0.99088			6
2024.05.23	00:09:36.878	0.99093	0.99093			6
2024.05.23	00:09:37.030	0.99087	0.99087			6
2024.05.23	00:09:37.091	0.99093	0.99093			6
2024.05.23	00:09:37.121	0.99091	0.99091			6
2024.05.23	00:09:37.181	0.99100	0.99100			6
2024.05.23	00:09:37.211	0.99094	0.99094			6
2024.05.23	00:09:37.242	0.99088	0.99088			6
2024.05.23	00:09:37.271	0.99091	0.99091			6
2024.05.23	00:09:37.461	0.99096	0.99096			6
2024.05.23	00:09:37.491	0.99091	0.99091			6
2024.05.23	00:09:37.521	0.99094	0.99094			6
2024.05.23	00:09:37.551	0.99103	0.99103			6
2024.05.23	00:09:37.611	0.99092	0.99092			6
2024.05.23	00:09:37.670	0.99091	0.99091			6
2024.05.23	00:09:37.700	0.99092	0.99092			6
2024.05.23	00:09:37.821	0.99101	0.99101			6
2024.05.23	00:09:37.850	0.99094	0.99094			6
2024.05.23	00:09:37.880	0.99092	0.99092			6
2024.05.23	00:09:37.971	0.99098	0.99098			6
2024.05.23	00:09:38.000	0.99092	0.99092			6
2024.05.23	00:09:38.031	0.99091	0.99091			6
2024.05.23	00:09:38.060	0.99093	0.99093			6
2024.05.23	00:09:38.248	0.99091	0.99091			6
2024.05.23	00:09:38.735	0.99089	0.99089			6
2024.05.23	00:09:39.991	0.99093	0.99093			6
2024.05.23	00:09:41.067	0.99091	0.99091			6
2024.05.23	00:09:42.230	0.99093	0.99093			6
2024.05.23	00:09:43.408	0.99090	0.99090			6
2024.05.23	00:09:43.439	0.99091	0.99091			6
2024.05.23	00:09:43.469	0.99098	0.99098			6
2024.05.23	00:09:43.500	0.99094	0.99094			6
2024.05.23	00:09:43.530	0.99088	0.99088			6
2024.05.23	00:09:43.560	0.99087	0.99087			6
2024.05.23	00:09:43.589	0.99093	0.99093			6
2024.05.23	00:09:43.649	0.99089	0.99089			6
2024.05.23	00:09:43.679	0.99092	0.99092			6
2024.05.23	00:09:43.709	0.99090	0.99090			6
2024.05.23	00:09:43.771	0.99103	0.99103			6
2024.05.23	00:09:43.800	0.99093	0.99093			6
2024.05.23	00:09:43.889	0.99086	0.99086			6
2024.05.23	00:09:43.920	0.99085	0.99085			6
2024.05.23	00:09:43.949	0.99093	0.99093			6
2024.05.23	00:09:43.979	0.99099	0.99099			6
2024.05.23	00:09:44.009	0.99093	0.99093			6
2024.05.23	00:09:44.071	0.99088	0.99088			6
2024.05.23	00:09:44.101	0.99093	0.99093			6
2024.05.23	00:09:44.169	0.99099	0.99099			6
2024.05.23	00:09:44.200	0.99102	0.99102			6
2024.05.23	00:09:44.269	0.99103	0.99103			6
2024.05.23	00:09:45.297	0.99093	0.99093			6
2024.05.23	00:09:45.328	0.99105	0.99105			6
2024.05.23	00:09:45.798	0.99107	0.99107			6
2024.05.23	00:09:46.300	0.99106	0.99106			6
2024.05.23	00:09:46.329	0.99107	0.99107			6
2024.05.23	00:09:46.360	0.99108	0.99108			6
2024.05.23	00:09:47.717	0.99107	0.99107			6
2024.05.23	00:10:05.142	0.99111	0.99111			6
2024.05.23	00:10:06.070	0.99110	0.99110			6
2024.05.23	00:10:08.725	0.99111	0.99111			6
2024.05.23	00:10:10.980	0.99110	0.99110			6
2024.05.23	00:10:18.420	0.99111	0.99111			6
2024.05.23	00:10:22.780	0.99110	0.99110			6
2024.05.23	00:10:40.048	0.99097	0.99097			6
2024.05.23	00:10:41.065	0.99098	0.99098			6
2024.05.23	00:10:43.500	0.99094	0.99094			6
2024.05.23	00:10:46.211	0.99095	0.99095			6
2024.05.23	00:10:48.388	0.99094	0.99094			6
2024.05.23	00:10:54.584	0.99095	0.99095			6
2024.05.23	00:10:58.600	0.99109	0.99109			6
2024.05.23	00:11:04.857	0.99100	0.99100			6
2024.05.23	00:11:07.237	0.99093	0.99093			6
2024.05.23	00:11:07.971	0.99092	0.99092			6
2024.05.23	00:11:08.356	0.99093	0.99093			6
2024.05.23	00:11:10.800	0.99092	0.99092			6
2024.05.23	00:11:17.369	0.99091	0.99091			6
2024.05.23	00:11:18.499	0.99092	0.99092			6
2024.05.23	00:11:22.241	0.99091	0.99091			6
2024.05.23	00:11:23.869	0.99092	0.99092			6
2024.05.23	00:11:25.269	0.99091	0.99091			6
2024.05.23	00:11:26.366	0.99092	0.99092			6
2024.05.23	00:11:38.781	0.99091	0.99091			6
2024.05.23	00:12:16.528	0.99081	0.99081			6
2024.05.23	00:12:27.314	0.99085	0.99085			6
2024.05.23	00:12:34.452	0.99084	0.99084			6
2024.05.23	00:12:39.297	0.99083	0.99083			6
2024.05.23	00:12:43.337	0.99084	0.99084			6
2024.05.23	00:12:43.558	0.99085	0.99085			6
2024.05.23	00:13:10.626	0.99082	0.99082			6
2024.05.23	00:13:18.728	0.99079	0.99079			6
2024.05.23	00:13:18.789	0.99078	0.99078			6
2024.05.23	00:13:46.130	0.99077	0.99077			6
2024.05.23	00:13:51.535	0.99078	0.99078			6
2024.05.23	00:14:00.059	0.99073	0.99073			6
2024.05.23	00:14:00.088	0.99072	0.99072			6
2024.05.23	00:14:29.944	0.99074	0.99074			6
2024.05.23	00:14:59.403	0.99073	0.99073			6
2024.05.23	00:15:01.776	0.99075	0.99075			6
2024.05.23	00:15:04.130	0.99074	0.99074			6
2024.05.23	00:15:13.725	0.99073	0.99073			6
2024.05.23	00:15:22.480	0.99074	0.99074			6
2024.05.23	00:15:38.590	0.99073	0.99073			6
2024.05.23	00:15:56.635	0.99074	0.99074			6
2024.05.23	00:15:58.173	0.99073	0.99073			6
2024.05.23	00:16:00.119	0.99074	0.99074			6
2024.05.23	00:16:00.179	0.99075	0.99075			6
2024.05.23	00:16:00.469	0.99073	0.99073			6
2024.05.23	00:16:02.397	0.99074	0.99074			6
2024.05.23	00:16:04.721	0.99075	0.99075			6
2024.05.23	00:16:07.227	0.99076	0.99076			6
2024.05.23	00:16:07.257	0.99075	0.99075			6
2024.05.23	00:16:07.618	0.99076	0.99076			6
2024.05.23	00:16:07.649	0.99075	0.99075			6
2024.05.23	00:16:07.798	0.99076	0.99076			6
2024.05.23	00:16:08.008	0.99075	0.99075			6
2024.05.23	00:16:15.536	0.99076	0.99076			6
2024.05.23	00:16:16.080	0.99075	0.99075			6
2024.05.23	00:16:26.168	0.99074	0.99074			6
2024.05.23	00:16:31.955	0.99076	0.99076			6
2024.05.23	00:16:52.181	0.99072	0.99072			6
2024.05.23	00:16:52.242	0.99077	0.99077			6
2024.05.23	00:16:52.301	0.99078	0.99078			6
2024.05.23	00:16:52.370	0.99077	0.99077			6
2024.05.23	00:16:52.398	0.99079	0.99079			6
2024.05.23	00:16:52.428	0.99078	0.99078			6
2024.05.23	00:16:52.488	0.99079	0.99079			6
2024.05.23	00:16:52.518	0.99078	0.99078			6
2024.05.23	00:16:52.548	0.99079	0.99079			6
2024.05.23	00:16:52.579	0.99077	0.99077			6
2024.05.23	00:16:52.758	0.99078	0.99078			6
2024.05.23	00:16:52.788	0.99079	0.99079			6
2024.05.23	00:16:52.848	0.99078	0.99078			6
2024.05.23	00:16:52.877	0.99079	0.99079			6
2024.05.23	00:16:52.907	0.99078	0.99078			6
2024.05.23	00:16:52.939	0.99079	0.99079			6
2024.05.23	00:16:52.969	0.99078	0.99078			6
2024.05.23	00:16:52.999	0.99077	0.99077			6
2024.05.23	00:16:53.030	0.99073	0.99073			6
2024.05.23	00:16:53.058	0.99072	0.99072			6
2024.05.23	00:16:53.088	0.99073	0.99073			6
2024.05.23	00:16:53.186	0.99071	0.99071			6
2024.05.23	00:16:53.216	0.99070	0.99070			6
2024.05.23	00:16:53.276	0.99073	0.99073			6
2024.05.23	00:16:53.336	0.99071	0.99071			6
2024.05.23	00:16:53.367	0.99074	0.99074			6
2024.05.23	00:16:53.397	0.99071	0.99071			6
2024.05.23	00:16:53.427	0.99073	0.99073			6
2024.05.23	00:16:53.457	0.99072	0.99072			6
2024.05.23	00:16:53.487	0.99073	0.99073			6
2024.05.23	00:16:53.518	0.99070	0.99070			6
2024.05.23	00:16:53.548	0.99074	0.99074			6
2024.05.23	00:16:53.578	0.99070	0.99070			6
2024.05.23	00:16:53.607	0.99073	0.99073			6
2024.05.23	00:16:53.698	0.99074	0.99074			6
2024.05.23	00:16:53.758	0.99070	0.99070			6
2024.05.23	00:16:53.787	0.99071	0.99071			6
2024.05.23	00:16:53.817	0.99072	0.99072			6
2024.05.23	00:16:53.847	0.99073	0.99073			6
2024.05.23	00:16:53.908	0.99070	0.99070			6
2024.05.23	00:16:53.937	0.99074	0.99074			6
2024.05.23	00:16:53.967	0.99073	0.99073			6
2024.05.23	00:16:54.035	0.99070	0.99070			6
2024.05.23	00:16:54.066	0.99072	0.99072			6
2024.05.23	00:16:54.096	0.99070	0.99070			6
2024.05.23	00:16:54.126	0.99073	0.99073			6
2024.05.23	00:16:54.186	0.99070	0.99070			6
2024.05.23	00:16:54.215	0.99073	0.99073			6
2024.05.23	00:16:54.305	0.99071	0.99071			6
2024.05.23	00:16:54.335	0.99072	0.99072			6
2024.05.23	00:16:54.426	0.99073	0.99073			6
2024.05.23	00:16:54.457	0.99070	0.99070			6
2024.05.23	00:16:54.487	0.99072	0.99072			6
2024.05.23	00:16:54.516	0.99070	0.99070			6
2024.05.23	00:16:54.578	0.99069	0.99069			6
2024.05.23	00:16:54.609	0.99067	0.99067			6
2024.05.23	00:16:55.669	0.99068	0.99068			6
2024.05.23	00:16:57.681	0.99069	0.99069			6
2024.05.23	00:16:59.655	0.99068	0.99068			6
2024.05.23	00:16:59.685	0.99072	0.99072			6
2024.05.23	00:16:59.716	0.99071	0.99071			6
2024.05.23	00:16:59.748	0.99072	0.99072			6
2024.05.23	00:16:59.836	0.99071	0.99071			6
2024.05.23	00:16:59.965	0.99072	0.99072			6
2024.05.23	00:17:00.115	0.99068	0.99068			6
2024.05.23	00:17:00.146	0.99072	0.99072			6
2024.05.23	00:17:00.205	0.99069	0.99069			6
2024.05.23	00:17:00.236	0.99071	0.99071			6
2024.05.23	00:17:00.265	0.99072	0.99072			6
2024.05.23	00:17:00.295	0.99069	0.99069			6
2024.05.23	00:17:00.356	0.99072	0.99072			6
2024.05.23	00:17:00.385	0.99073	0.99073			6
2024.05.23	00:17:00.415	0.99070	0.99070			6
2024.05.23	00:17:00.445	0.99069	0.99069			6
2024.05.23	00:17:00.476	0.99072	0.99072			6
2024.05.23	00:17:00.536	0.99073	0.99073			6
2024.05.23	00:17:00.660	0.99072	0.99072			6
2024.05.23	00:17:00.690	0.99073	0.99073			6
2024.05.23	00:17:00.721	0.99076	0.99076			6
2024.05.23	00:17:00.752	0.99074	0.99074			6
2024.05.23	00:17:00.782	0.99073	0.99073			6
2024.05.23	00:17:00.873	0.99074	0.99074			6
2024.05.23	00:17:00.965	0.99071	0.99071			6
2024.05.23	00:17:00.993	0.99074	0.99074			6
2024.05.23	00:17:01.024	0.99071	0.99071			6
2024.05.23	00:17:01.054	0.99073	0.99073			6
2024.05.23	00:17:01.113	0.99074	0.99074			6
2024.05.23	00:17:01.142	0.99073	0.99073			6
2024.05.23	00:17:01.172	0.99070	0.99070			6
2024.05.23	00:17:01.203	0.99073	0.99073			6
2024.05.23	00:17:01.353	0.99071	0.99071			6
2024.05.23	00:17:01.384	0.99073	0.99073			6
2024.05.23	00:17:01.507	0.99074	0.99074			6
2024.05.23	00:17:01.537	0.99071	0.99071			6
2024.05.23	00:17:01.567	0.99072	0.99072			6
2024.05.23	00:17:01.598	0.99074	0.99074			6
2024.05.23	00:17:01.628	0.99073	0.99073			6
2024.05.23	00:17:01.718	0.99071	0.99071			6
2024.05.23	00:17:01.749	0.99073	0.99073			6
2024.05.23	00:17:01.779	0.99074	0.99074			6
2024.05.23	00:17:01.809	0.99069	0.99069			6
2024.05.23	00:17:01.839	0.99074	0.99074			6
2024.05.23	00:17:01.869	0.99070	0.99070			6
2024.05.23	00:17:01.899	0.99071	0.99071			6
2024.05.23	00:17:05.257	0.99070	0.99070			6
2024.05.23	00:17:06.980	0.99073	0.99073			6
2024.05.23	00:17:07.111	0.99071	0.99071			6
2024.05.23	00:17:07.140	0.99073	0.99073			6
2024.05.23	00:17:07.298	0.99071	0.99071			6
2024.05.23	00:17:07.328	0.99073	0.99073			6
2024.05.23	00:17:07.360	0.99072	0.99072			6
2024.05.23	00:17:07.389	0.99073	0.99073			6
2024.05.23	00:17:07.419	0.99070	0.99070			6
2024.05.23	00:17:07.479	0.99074	0.99074			6
2024.05.23	00:17:07.517	0.99072	0.99072			6
2024.05.23	00:17:07.547	0.99070	0.99070			6
2024.05.23	00:17:07.578	0.99072	0.99072			6
2024.05.23	00:17:07.729	0.99071	0.99071			6
2024.05.23	00:17:07.759	0.99069	0.99069			6
2024.05.23	00:17:07.788	0.99072	0.99072			6
2024.05.23	00:17:07.818	0.99069	0.99069			6
2024.05.23	00:17:07.849	0.99070	0.99070			6
2024.05.23	00:17:07.878	0.99068	0.99068			6
2024.05.23	00:17:07.908	0.99071	0.99071			6
2024.05.23	00:17:07.939	0.99069	0.99069			6
2024.05.23	00:17:07.968	0.99071	0.99071			6
2024.05.23	00:17:08.062	0.99072	0.99072			6
2024.05.23	00:17:08.093	0.99069	0.99069			6
2024.05.23	00:17:08.123	0.99072	0.99072			6
2024.05.23	00:17:08.190	0.99073	0.99073			6
2024.05.23	00:17:08.250	0.99072	0.99072			6
2024.05.23	00:17:08.340	0.99073	0.99073			6
2024.05.23	00:17:08.372	0.99072	0.99072			6
2024.05.23	00:17:08.433	0.99070	0.99070			6
2024.05.23	00:17:08.463	0.99069	0.99069			6
2024.05.23	00:17:08.492	0.99072	0.99072			6
2024.05.23	00:17:08.612	0.99071	0.99071			6
2024.05.23	00:17:08.703	0.99069	0.99069			6
2024.05.23	00:17:08.793	0.99071	0.99071			6
2024.05.23	00:17:08.824	0.99069	0.99069			6
2024.05.23	00:17:08.854	0.99072	0.99072			6
2024.05.23	00:17:08.884	0.99070	0.99070			6
2024.05.23	00:17:11.027	0.99069	0.99069			6
2024.05.23	00:17:13.967	0.99072	0.99072			6
2024.05.23	00:17:14.029	0.99073	0.99073			6
2024.05.23	00:17:14.059	0.99072	0.99072			6
2024.05.23	00:17:14.092	0.99073	0.99073			6
2024.05.23	00:17:14.153	0.99070	0.99070			6
2024.05.23	00:17:14.183	0.99073	0.99073			6
2024.05.23	00:17:14.212	0.99072	0.99072			6
2024.05.23	00:17:14.272	0.99069	0.99069			6
2024.05.23	00:17:14.302	0.99074	0.99074			6
2024.05.23	00:17:14.332	0.99072	0.99072			6
2024.05.23	00:17:14.363	0.99071	0.99071			6
2024.05.23	00:17:14.393	0.99072	0.99072			6
2024.05.23	00:17:14.453	0.99075	0.99075			6
2024.05.23	00:17:14.482	0.99072	0.99072			6
2024.05.23	00:17:14.543	0.99071	0.99071			6
2024.05.23	00:17:14.573	0.99072	0.99072			6
2024.05.23	00:17:14.636	0.99071	0.99071			6
2024.05.23	00:17:14.824	0.99074	0.99074			6
2024.05.23	00:17:14.853	0.99071	0.99071			6
2024.05.23	00:17:14.884	0.99075	0.99075			6
2024.05.23	00:17:14.914	0.99072	0.99072			6
2024.05.23	00:17:14.972	0.99074	0.99074			6
2024.05.23	00:17:15.003	0.99072	0.99072			6
2024.05.23	00:17:15.033	0.99071	0.99071			6
2024.05.23	00:17:15.063	0.99075	0.99075			6
2024.05.23	00:17:15.124	0.99078	0.99078			6
2024.05.23	00:17:16.127	0.99079	0.99079			6
2024.05.23	00:17:16.187	0.99081	0.99081			6
2024.05.23	00:17:16.217	0.99080	0.99080			6
2024.05.23	00:17:17.168	0.99081	0.99081			6
2024.05.23	00:17:18.166	0.99082	0.99082			6
2024.05.23	00:17:18.328	0.99084	0.99084			6
2024.05.23	00:17:18.510	0.99083	0.99083			6
2024.05.23	00:17:26.714	0.99081	0.99081			6
2024.05.23	00:17:40.126	0.99080	0.99080			6
2024.05.23	00:17:45.226	0.99081	0.99081			6
2024.05.23	00:17:50.031	0.99082	0.99082			6
2024.05.23	00:17:52.197	0.99083	0.99083			6
2024.05.23	00:17:56.082	0.99081	0.99081			6
2024.05.23	00:18:02.328	0.99082	0.99082			6
2024.05.23	00:18:03.947	0.99081	0.99081			6
2024.05.23	00:18:09.260	0.99082	0.99082			6
2024.05.23	00:18:12.068	0.99081	0.99081			6
2024.05.23	00:18:14.027	0.99080	0.99080			6
2024.05.23	00:18:17.152	0.99084	0.99084			6
2024.05.23	00:18:17.730	0.99083	0.99083			6
2024.05.23	00:18:26.097	0.99082	0.99082			6
2024.05.23	00:18:33.224	0.99083	0.99083			6
2024.05.23	00:18:42.250	0.99082	0.99082			6
2024.05.23	00:18:42.585	0.99080	0.99080			6
2024.05.23	00:18:48.657	0.99081	0.99081			6
2024.05.23	00:18:49.440	0.99082	0.99082			6
2024.05.23	00:18:51.604	0.99083	0.99083			6
2024.05.23	00:18:51.665	0.99078	0.99078			6
2024.05.23	00:18:51.694	0.99079	0.99079			6
2024.05.23	00:18:51.723	0.99078	0.99078			6
2024.05.23	00:18:51.754	0.99079	0.99079			6
2024.05.23	00:18:51.785	0.99080	0.99080			6
2024.05.23	00:18:51.814	0.99078	0.99078			6
2024.05.23	00:18:51.844	0.99079	0.99079			6
2024.05.23	00:18:51.874	0.99077	0.99077			6
2024.05.23	00:18:51.904	0.99078	0.99078			6
2024.05.23	00:18:51.940	0.99079	0.99079			6
2024.05.23	00:18:51.970	0.99078	0.99078			6
2024.05.23	00:18:52.000	0.99077	0.99077			6
2024.05.23	00:18:52.030	0.99079	0.99079			6
2024.05.23	00:18:52.060	0.99078	0.99078			6
2024.05.23	00:18:52.112	0.99079	0.99079			6
2024.05.23	00:18:52.143	0.99078	0.99078			6
2024.05.23	00:18:52.290	0.99079	0.99079			6
2024.05.23	00:18:52.320	0.99078	0.99078			6
2024.05.23	00:18:52.380	0.99079	0.99079			6
2024.05.23	00:18:52.411	0.99078	0.99078			6
2024.05.23	00:18:52.441	0.99079	0.99079			6
2024.05.23	00:18:52.471	0.99077	0.99077			6
2024.05.23	00:18:52.502	0.99079	0.99079			6
2024.05.23	00:18:52.531	0.99078	0.99078			6
2024.05.23	00:18:52.622	0.99077	0.99077			6
2024.05.23	00:18:52.653	0.99078	0.99078			6
2024.05.23	00:18:52.682	0.99077	0.99077			6
2024.05.23	00:18:52.711	0.99078	0.99078			6
2024.05.23	00:18:52.742	0.99079	0.99079			6
2024.05.23	00:18:52.772	0.99078	0.99078			6
2024.05.23	00:18:53.016	0.99079	0.99079			6
2024.05.23	00:18:53.046	0.99078	0.99078			6
2024.05.23	00:18:53.076	0.99079	0.99079			6
2024.05.23	00:18:53.106	0.99078	0.99078			6
2024.05.23	00:18:53.135	0.99077	0.99077			6
2024.05.23	00:18:53.166	0.99079	0.99079			6
2024.05.23	00:18:53.257	0.99076	0.99076			6
2024.05.23	00:18:53.286	0.99079	0.99079			6
2024.05.23	00:18:53.316	0.99078	0.99078			6
2024.05.23	00:18:53.497	0.99079	0.99079			6
2024.05.23	00:18:53.527	0.99078	0.99078			6
2024.05.23	00:18:53.557	0.99079	0.99079			6
2024.05.23	00:18:53.587	0.99078	0.99078			6
2024.05.23	00:18:53.678	0.99079	0.99079			6
2024.05.23	00:18:53.737	0.99078	0.99078			6
2024.05.23	00:18:53.827	0.99077	0.99077			6
2024.05.23	00:18:53.917	0.99079	0.99079			6
2024.05.23	00:18:53.977	0.99077	0.99077			6
2024.05.23	00:18:54.007	0.99070	0.99070			6
2024.05.23	00:18:54.037	0.99072	0.99072			6
2024.05.23	00:18:54.128	0.99071	0.99071			6
2024.05.23	00:18:54.159	0.99073	0.99073			6
2024.05.23	00:18:54.218	0.99071	0.99071			6
2024.05.23	00:18:54.307	0.99070	0.99070			6
2024.05.23	00:18:54.337	0.99068	0.99068			6
2024.05.23	00:18:54.369	0.99071	0.99071			6
2024.05.23	00:18:54.399	0.99068	0.99068			6
2024.05.23	00:18:54.939	0.99069	0.99069			6
2024.05.23	00:18:57.966	0.99068	0.99068			6
2024.05.23	00:18:59.523	0.99070	0.99070			6
2024.05.23	00:18:59.553	0.99071	0.99071			6
2024.05.23	00:18:59.583	0.99068	0.99068			6
2024.05.23	00:18:59.613	0.99072	0.99072			6
2024.05.23	00:18:59.732	0.99073	0.99073			6
2024.05.23	00:18:59.763	0.99071	0.99071			6
2024.05.23	00:18:59.793	0.99068	0.99068			6
2024.05.23	00:18:59.823	0.99070	0.99070			6
2024.05.23	00:18:59.883	0.99068	0.99068			6
2024.05.23	00:18:59.913	0.99070	0.99070			6
2024.05.23	00:18:59.973	0.99067	0.99067			6
2024.05.23	00:19:00.003	0.99071	0.99071			6
2024.05.23	00:19:00.034	0.99067	0.99067			6
2024.05.23	00:19:00.064	0.99068	0.99068			6
2024.05.23	00:19:00.094	0.99070	0.99070			6
2024.05.23	00:19:00.124	0.99071	0.99071			6
2024.05.23	00:19:00.155	0.99068	0.99068			6
2024.05.23	00:19:00.184	0.99070	0.99070			6
2024.05.23	00:19:00.215	0.99069	0.99069			6
2024.05.23	00:19:00.245	0.99071	0.99071			6
2024.05.23	00:19:00.303	0.99070	0.99070			6
2024.05.23	00:19:00.333	0.99072	0.99072			6
2024.05.23	00:19:00.364	0.99071	0.99071			6
2024.05.23	00:19:00.425	0.99069	0.99069			6
2024.05.23	00:19:00.455	0.99071	0.99071			6
2024.05.23	00:19:00.544	0.99074	0.99074			6
2024.05.23	00:19:00.574	0.99070	0.99070			6
2024.05.23	00:19:00.680	0.99068	0.99068			6
2024.05.23	00:19:00.740	0.99071	0.99071			6
2024.05.23	00:19:00.940	0.99069	0.99069			6
2024.05.23	00:19:00.970	0.99068	0.99068			6
2024.05.23	00:19:01.000	0.99070	0.99070			6
2024.05.23	00:19:01.034	0.99068	0.99068			6
2024.05.23	00:19:01.064	0.99070	0.99070			6
2024.05.23	00:19:01.094	0.99071	0.99071			6
2024.05.23	00:19:01.133	0.99072	0.99072			6
2024.05.23	00:19:01.163	0.99070	0.99070			6
2024.05.23	00:19:01.223	0.99068	0.99068			6
2024.05.23	00:19:01.252	0.99070	0.99070			6
2024.05.23	00:19:01.283	0.99075	0.99075			6
2024.05.23	00:19:01.312	0.99077	0.99077			6
2024.05.23	00:19:01.342	0.99070	0.99070			6
2024.05.23	00:19:01.373	0.99071	0.99071			6
2024.05.23	00:19:01.402	0.99068	0.99068			6
2024.05.23	00:19:01.432	0.99071	0.99071			6
2024.05.23	00:19:01.491	0.99068	0.99068			6
2024.05.23	00:19:01.523	0.99071	0.99071			6
2024.05.23	00:19:01.583	0.99070	0.99070			6
2024.05.23	00:19:01.612	0.99071	0.99071			6
2024.05.23	00:19:01.702	0.99070	0.99070			6
2024.05.23	00:19:01.762	0.99067	0.99067			6
2024.05.23	00:19:01.792	0.99070	0.99070			6
2024.05.23	00:19:01.822	0.99073	0.99073			6
2024.05.23	00:19:01.852	0.99069	0.99069			6
2024.05.23	00:19:01.913	0.99071	0.99071			6
2024.05.23	00:19:01.973	0.99068	0.99068			6
2024.05.23	00:19:02.002	0.99070	0.99070			6
2024.05.23	00:19:02.033	0.99068	0.99068			6
2024.05.23	00:19:02.063	0.99071	0.99071			6
2024.05.23	00:19:02.092	0.99070	0.99070			6
2024.05.23	00:19:02.153	0.99068	0.99068			6
2024.05.23	00:19:02.183	0.99070	0.99070			6
2024.05.23	00:19:02.212	0.99068	0.99068			6
2024.05.23	00:19:07.294	0.99069	0.99069			6
2024.05.23	00:19:07.355	0.99070	0.99070			6
2024.05.23	00:19:07.444	0.99071	0.99071			6
2024.05.23	00:19:07.504	0.99077	0.99077			6
2024.05.23	00:19:07.534	0.99076	0.99076			6
2024.05.23	00:19:08.527	0.99068	0.99068			6
2024.05.23	00:19:08.557	0.99070	0.99070			6
2024.05.23	00:19:08.588	0.99068	0.99068			6
2024.05.23	00:19:08.618	0.99071	0.99071			6
2024.05.23	00:19:08.729	0.99070	0.99070			6
2024.05.23	00:19:08.788	0.99071	0.99071			6
2024.05.23	00:19:08.819	0.99072	0.99072			6
2024.05.23	00:19:08.849	0.99071	0.99071			6
2024.05.23	00:19:08.888	0.99068	0.99068			6
2024.05.23	00:19:08.918	0.99070	0.99070			6
2024.05.23	00:19:09.007	0.99068	0.99068			6
2024.05.23	00:19:09.039	0.99070	0.99070			6
2024.05.23	00:19:09.082	0.99068	0.99068			6
2024.05.23	00:19:09.112	0.99070	0.99070			6
2024.05.23	00:19:09.202	0.99068	0.99068			6
2024.05.23	00:19:09.232	0.99070	0.99070			6
2024.05.23	00:19:09.291	0.99069	0.99069			6
2024.05.23	00:19:09.322	0.99070	0.99070			6
2024.05.23	00:19:09.534	0.99067	0.99067			6
2024.05.23	00:19:09.563	0.99070	0.99070			6
2024.05.23	00:19:09.594	0.99067	0.99067			6
2024.05.23	00:19:09.624	0.99070	0.99070			6
2024.05.23	00:19:09.714	0.99072	0.99072			6
2024.05.23	00:19:09.774	0.99073	0.99073			6
2024.05.23	00:19:09.806	0.99070	0.99070			6
2024.05.23	00:19:09.867	0.99073	0.99073			6
2024.05.23	00:19:09.897	0.99070	0.99070			6
2024.05.23	00:19:09.926	0.99072	0.99072			6
2024.05.23	00:19:09.956	0.99068	0.99068			6
2024.05.23	00:19:09.986	0.99073	0.99073			6
2024.05.23	00:19:10.016	0.99074	0.99074			6
2024.05.23	00:19:10.046	0.99067	0.99067			6
2024.05.23	00:19:10.077	0.99070	0.99070			6
2024.05.23	00:19:10.151	0.99069	0.99069			6
2024.05.23	00:19:10.181	0.99071	0.99071			6
2024.05.23	00:19:10.212	0.99070	0.99070			6
2024.05.23	00:19:10.272	0.99071	0.99071			6
2024.05.23	00:19:10.301	0.99067	0.99067			6
2024.05.23	00:19:10.331	0.99068	0.99068			6
2024.05.23	00:19:10.361	0.99070	0.99070			6
2024.05.23	00:19:10.392	0.99069	0.99069			6
2024.05.23	00:19:10.422	0.99070	0.99070			6
2024.05.23	00:19:10.452	0.99067	0.99067			6
2024.05.23	00:19:10.512	0.99070	0.99070			6
2024.05.23	00:19:10.573	0.99067	0.99067			6
2024.05.23	00:19:10.604	0.99070	0.99070			6
2024.05.23	00:19:10.739	0.99069	0.99069			6
2024.05.23	00:19:10.769	0.99070	0.99070			6
2024.05.23	00:19:10.896	0.99068	0.99068			6
2024.05.23	00:19:15.968	0.99071	0.99071			6
2024.05.23	00:19:16.059	0.99070	0.99070			6
2024.05.23	00:19:16.088	0.99071	0.99071			6
2024.05.23	00:19:16.152	0.99070	0.99070			6
2024.05.23	00:19:16.242	0.99072	0.99072			6
2024.05.23	00:19:16.272	0.99071	0.99071			6
2024.05.23	00:19:16.332	0.99068	0.99068			6
2024.05.23	00:19:16.362	0.99070	0.99070			6
2024.05.23	00:19:16.422	0.99071	0.99071			6
2024.05.23	00:19:16.452	0.99070	0.99070			6
2024.05.23	00:19:16.511	0.99071	0.99071			6
2024.05.23	00:19:16.603	0.99072	0.99072			6
2024.05.23	00:19:16.632	0.99071	0.99071			6
2024.05.23	00:19:16.746	0.99072	0.99072			6
2024.05.23	00:19:16.776	0.99069	0.99069			6
2024.05.23	00:19:16.805	0.99070	0.99070			6
2024.05.23	00:19:16.836	0.99072	0.99072			6
2024.05.23	00:19:16.866	0.99074	0.99074			6
2024.05.23	00:19:16.895	0.99073	0.99073			6
2024.05.23	00:19:16.957	0.99072	0.99072			6
2024.05.23	00:19:17.058	0.99070	0.99070			6
2024.05.23	00:19:17.117	0.99073	0.99073			6
2024.05.23	00:19:17.147	0.99074	0.99074			6
2024.05.23	00:19:17.178	0.99073	0.99073			6
2024.05.23	00:19:17.228	0.99070	0.99070			6
2024.05.23	00:19:17.258	0.99073	0.99073			6
2024.05.23	00:19:17.288	0.99072	0.99072			6
2024.05.23	00:19:17.378	0.99071	0.99071			6
2024.05.23	00:19:17.408	0.99070	0.99070			6
2024.05.23	00:19:17.438	0.99073	0.99073			6
2024.05.23	00:19:17.618	0.99072	0.99072			6
2024.05.23	00:19:17.679	0.99073	0.99073			6
2024.05.23	00:19:17.726	0.99070	0.99070			6
2024.05.23	00:19:17.756	0.99072	0.99072			6
2024.05.23	00:19:17.786	0.99070	0.99070			6
2024.05.23	00:19:17.816	0.99072	0.99072			6
2024.05.23	00:19:17.847	0.99073	0.99073			6
2024.05.23	00:19:17.877	0.99072	0.99072			6
2024.05.23	00:19:17.917	0.99073	0.99073			6
2024.05.23	00:19:17.976	0.99072	0.99072			6
2024.05.23	00:19:18.017	0.99070	0.99070			6
2024.05.23	00:19:18.048	0.99069	0.99069			6
2024.05.23	00:19:18.078	0.99072	0.99072			6
2024.05.23	00:19:18.109	0.99071	0.99071			6
2024.05.23	00:19:18.139	0.99069	0.99069			6
2024.05.23	00:19:18.229	0.99071	0.99071			6
2024.05.23	00:19:18.288	0.99072	0.99072			6
2024.05.23	00:19:18.317	0.99071	0.99071			6
2024.05.23	00:19:18.408	0.99068	0.99068			6
2024.05.23	00:19:18.439	0.99072	0.99072			6
2024.05.23	00:19:18.468	0.99071	0.99071			6
2024.05.23	00:19:18.558	0.99069	0.99069			6
2024.05.23	00:19:20.025	0.99068	0.99068			6
2024.05.23	00:19:23.666	0.99070	0.99070			6
2024.05.23	00:19:23.697	0.99069	0.99069			6
2024.05.23	00:19:23.787	0.99066	0.99066			6
2024.05.23	00:19:23.817	0.99069	0.99069			6
2024.05.23	00:19:23.877	0.99070	0.99070			6
2024.05.23	00:19:23.907	0.99068	0.99068			6
2024.05.23	00:19:23.938	0.99066	0.99066			6
2024.05.23	00:19:23.997	0.99069	0.99069			6
2024.05.23	00:19:24.027	0.99068	0.99068			6
2024.05.23	00:19:24.130	0.99069	0.99069			6
2024.05.23	00:19:24.310	0.99070	0.99070			6
2024.05.23	00:19:24.340	0.99068	0.99068			6
2024.05.23	00:19:24.370	0.99066	0.99066			6
2024.05.23	00:19:24.400	0.99069	0.99069			6
2024.05.23	00:19:24.520	0.99067	0.99067			6
2024.05.23	00:19:24.551	0.99069	0.99069			6
2024.05.23	00:19:24.760	0.99070	0.99070			6
2024.05.23	00:19:24.790	0.99069	0.99069			6
2024.05.23	00:19:24.852	0.99067	0.99067			6
2024.05.23	00:19:24.881	0.99070	0.99070			6
2024.05.23	00:19:25.041	0.99067	0.99067			6
2024.05.23	00:19:25.070	0.99069	0.99069			6
2024.05.23	00:19:25.100	0.99072	0.99072			6
2024.05.23	00:19:25.131	0.99069	0.99069			6
2024.05.23	00:19:25.161	0.99071	0.99071			6
2024.05.23	00:19:25.190	0.99072	0.99072			6
2024.05.23	00:19:25.313	0.99071	0.99071			6
2024.05.23	00:19:25.343	0.99072	0.99072			6
2024.05.23	00:19:25.373	0.99070	0.99070			6
2024.05.23	00:19:25.403	0.99072	0.99072			6
2024.05.23	00:19:25.524	0.99070	0.99070			6
2024.05.23	00:19:25.554	0.99072	0.99072			6
2024.05.23	00:19:25.675	0.99071	0.99071			6
2024.05.23	00:19:25.705	0.99072	0.99072			6
2024.05.23	00:19:25.735	0.99070	0.99070			6
2024.05.23	00:19:25.795	0.99072	0.99072			6
2024.05.23	00:19:25.825	0.99070	0.99070			6
2024.05.23	00:19:25.854	0.99072	0.99072			6
2024.05.23	00:19:25.914	0.99070	0.99070			6
2024.05.23	00:19:29.057	0.99068	0.99068			6
2024.05.23	00:19:30.163	0.99067	0.99067			6
2024.05.23	00:19:30.982	0.99068	0.99068			6
2024.05.23	00:19:31.011	0.99069	0.99069			6
2024.05.23	00:19:31.071	0.99071	0.99071			6
2024.05.23	00:19:31.100	0.99070	0.99070			6
2024.05.23	00:19:31.178	0.99068	0.99068			6
2024.05.23	00:19:31.207	0.99070	0.99070			6
2024.05.23	00:19:31.239	0.99069	0.99069			6
2024.05.23	00:19:31.268	0.99068	0.99068			6
2024.05.23	00:19:31.298	0.99070	0.99070			6
2024.05.23	00:19:31.328	0.99067	0.99067			6
2024.05.23	00:19:31.358	0.99069	0.99069			6
2024.05.23	00:19:31.418	0.99067	0.99067			6
2024.05.23	00:19:31.448	0.99066	0.99066			6
2024.05.23	00:19:31.478	0.99071	0.99071			6
2024.05.23	00:19:31.508	0.99070	0.99070			6
2024.05.23	00:19:31.537	0.99069	0.99069			6
2024.05.23	00:19:31.568	0.99070	0.99070			6
2024.05.23	00:19:31.689	0.99071	0.99071			6
2024.05.23	00:19:31.719	0.99070	0.99070			6
2024.05.23	00:19:31.868	0.99071	0.99071			6
2024.05.23	00:19:31.897	0.99070	0.99070			6
2024.05.23	00:19:31.957	0.99068	0.99068			6
2024.05.23	00:19:31.989	0.99071	0.99071			6
2024.05.23	00:19:32.018	0.99072	0.99072			6
2024.05.23	00:19:32.048	0.99071	0.99071			6
2024.05.23	00:19:32.078	0.99068	0.99068			6
2024.05.23	00:19:32.139	0.99070	0.99070			6
2024.05.23	00:19:32.167	0.99071	0.99071			6
2024.05.23	00:19:32.410	0.99069	0.99069			6
2024.05.23	00:19:32.440	0.99071	0.99071			6
2024.05.23	00:19:32.535	0.99068	0.99068			6
2024.05.23	00:19:32.625	0.99071	0.99071			6
2024.05.23	00:19:32.654	0.99073	0.99073			6
2024.05.23	00:19:32.685	0.99074	0.99074			6
2024.05.23	00:19:32.715	0.99078	0.99078			6
2024.05.23	00:19:32.745	0.99074	0.99074			6
2024.05.23	00:19:32.775	0.99073	0.99073			6
2024.05.23	00:19:32.805	0.99070	0.99070			6
2024.05.23	00:19:32.836	0.99072	0.99072			6
2024.05.23	00:19:32.967	0.99071	0.99071			6
2024.05.23	00:19:32.996	0.99072	0.99072			6
2024.05.23	00:19:33.057	0.99071	0.99071			6
2024.05.23	00:19:33.086	0.99069	0.99069			6
2024.05.23	00:19:33.117	0.99071	0.99071			6
2024.05.23	00:19:33.178	0.99070	0.99070			6
2024.05.23	00:19:33.327	0.99072	0.99072			6
2024.05.23	00:19:33.357	0.99070	0.99070			6
2024.05.23	00:19:33.447	0.99071	0.99071			6
2024.05.23	00:19:33.538	0.99072	0.99072			6
2024.05.23	00:19:33.568	0.99069	0.99069			6
2024.05.23	00:19:33.598	0.99072	0.99072			6
2024.05.23	00:19:33.628	0.99071	0.99071			6
2024.05.23	00:19:33.688	0.99069	0.99069			6
2024.05.23	00:19:33.718	0.99073	0.99073			6
2024.05.23	00:19:33.748	0.99071	0.99071			6
2024.05.23	00:19:33.778	0.99069	0.99069			6
2024.05.23	00:19:35.629	0.99068	0.99068			6
2024.05.23	00:19:38.873	0.99069	0.99069			6
2024.05.23	00:19:38.903	0.99070	0.99070			6
2024.05.23	00:19:38.963	0.99069	0.99069			6
2024.05.23	00:19:38.994	0.99072	0.99072			6
2024.05.23	00:19:39.023	0.99070	0.99070			6
2024.05.23	00:19:39.053	0.99071	0.99071			6
2024.05.23	00:19:39.083	0.99070	0.99070			6
2024.05.23	00:19:39.115	0.99068	0.99068			6
2024.05.23	00:19:39.144	0.99071	0.99071			6
2024.05.23	00:19:39.175	0.99070	0.99070			6
2024.05.23	00:19:39.204	0.99071	0.99071			6
2024.05.23	00:19:39.235	0.99070	0.99070			6
2024.05.23	00:19:39.264	0.99068	0.99068			6
2024.05.23	00:19:39.294	0.99067	0.99067			6
2024.05.23	00:19:39.324	0.99070	0.99070			6
2024.05.23	00:19:39.384	0.99072	0.99072			6
2024.05.23	00:19:39.413	0.99070	0.99070			6
2024.05.23	00:19:39.443	0.99069	0.99069			6
2024.05.23	00:19:39.473	0.99078	0.99078			6
2024.05.23	00:19:39.535	0.99075	0.99075			6
2024.05.23	00:19:39.565	0.99074	0.99074			6
2024.05.23	00:19:39.624	0.99076	0.99076			6
2024.05.23	00:19:39.654	0.99074	0.99074			6
2024.05.23	00:19:39.684	0.99072	0.99072			6
2024.05.23	00:19:39.715	0.99074	0.99074			6
2024.05.23	00:19:39.746	0.99070	0.99070			6
2024.05.23	00:19:39.775	0.99074	0.99074			6
2024.05.23	00:19:39.805	0.99070	0.99070			6
2024.05.23	00:19:39.834	0.99073	0.99073			6
2024.05.23	00:19:39.918	0.99069	0.99069			6
2024.05.23	00:19:39.948	0.99071	0.99071			6
2024.05.23	00:19:39.979	0.99069	0.99069			6
2024.05.23	00:19:40.038	0.99070	0.99070			6
2024.05.23	00:19:40.068	0.99074	0.99074			6
2024.05.23	00:19:40.097	0.99070	0.99070			6
2024.05.23	00:19:40.127	0.99077	0.99077			6
2024.05.23	00:19:40.158	0.99071	0.99071			6
2024.05.23	00:19:40.187	0.99072	0.99072			6
2024.05.23	00:19:40.217	0.99070	0.99070			6
2024.05.23	00:19:40.249	0.99072	0.99072			6
2024.05.23	00:19:40.302	0.99070	0.99070			6
2024.05.23	00:19:40.330	0.99072	0.99072			6
2024.05.23	00:19:40.453	0.99071	0.99071			6
2024.05.23	00:19:40.513	0.99069	0.99069			6
2024.05.23	00:19:40.552	0.99072	0.99072			6
2024.05.23	00:19:40.776	0.99070	0.99070			6
2024.05.23	00:19:40.806	0.99068	0.99068			6
2024.05.23	00:19:40.836	0.99072	0.99072			6
2024.05.23	00:19:40.866	0.99070	0.99070			6
2024.05.23	00:19:40.895	0.99071	0.99071			6
2024.05.23	00:19:40.956	0.99070	0.99070			6
2024.05.23	00:19:40.985	0.99069	0.99069			6
2024.05.23	00:19:41.018	0.99071	0.99071			6
2024.05.23	00:19:41.056	0.99069	0.99069			6
2024.05.23	00:19:41.085	0.99071	0.99071			6
2024.05.23	00:19:41.115	0.99072	0.99072			6
2024.05.23	00:19:41.145	0.99068	0.99068			6
2024.05.23	00:19:41.174	0.99072	0.99072			6
2024.05.23	00:19:41.204	0.99070	0.99070			6
2024.05.23	00:19:41.234	0.99072	0.99072			6
2024.05.23	00:19:41.324	0.99071	0.99071			6
2024.05.23	00:19:41.385	0.99072	0.99072			6
2024.05.23	00:19:41.415	0.99071	0.99071			6
2024.05.23	00:19:41.444	0.99072	0.99072			6
