<DATE>	<TIME>	<BID>	<ASK>	<LAST>	<VOLUME>	<FLAGS>
2024.07.08	00:00:05.860	0.96910	0.96910			6
2024.07.08	00:00:18.048	0.96810	0.96810			6
2024.07.08	00:00:31.415	0.96806	0.96806			6
2024.07.08	00:00:41.164	0.96827	0.96827			6
2024.07.08	00:01:00.587	0.96819	0.96819			6
2024.07.08	00:01:23.168	0.96827	0.96827			6
2024.07.08	00:01:35.442	0.96771	0.96771			6
2024.07.08	00:01:50.847	0.96835	0.96835			6
2024.07.08	00:01:57.427	0.96826	0.96826			6
2024.07.08	00:02:01.133	0.96831	0.96831			6
2024.07.08	00:02:17.157	0.96877	0.96877			6
2024.07.08	00:02:19.952	0.96879	0.96879			6
2024.07.08	00:02:20.216	0.96881	0.96881			6
2024.07.08	00:02:20.860	0.96882	0.96882			6
2024.07.08	00:02:24.815	0.96875	0.96875			6
2024.07.08	00:02:30.293	0.96874	0.96874			6
2024.07.08	00:02:32.803	0.96881	0.96881			6
2024.07.08	00:02:36.218	0.96878	0.96878			6
2024.07.08	00:02:39.360	0.96876	0.96876			6
2024.07.08	00:02:42.092	0.96877	0.96877			6
2024.07.08	00:02:44.613	0.96872	0.96872			6
2024.07.08	00:02:47.016	0.96867	0.96867			6
2024.07.08	00:02:50.119	0.96868	0.96868			6
2024.07.08	00:03:14.369	0.96946	0.96946			6
2024.07.08	00:03:27.155	0.96939	0.96939			6
2024.07.08	00:03:27.878	0.96932	0.96932			6
2024.07.08	00:04:00.748	0.96810	0.96810			6
2024.07.08	00:04:06.133	0.96833	0.96833			6
2024.07.08	00:04:10.817	0.96830	0.96830			6
2024.07.08	00:04:22.462	0.96829	0.96829			6
2024.07.08	00:04:24.993	0.96831	0.96831			6
2024.07.08	00:04:29.287	0.96829	0.96829			6
2024.07.08	00:04:35.462	0.96832	0.96832			6
2024.07.08	00:04:40.378	0.96836	0.96836			6
2024.07.08	00:04:41.417	0.96833	0.96833			6
2024.07.08	00:04:48.818	0.96834	0.96834			6
2024.07.08	00:04:57.854	0.96839	0.96839			6
2024.07.08	00:05:00.880	0.96837	0.96837			6
2024.07.08	00:05:01.424	0.96842	0.96842			6
2024.07.08	00:05:03.109	0.96843	0.96843			6
2024.07.08	00:05:03.532	0.96845	0.96845			6
2024.07.08	00:05:05.300	0.96843	0.96843			6
2024.07.08	00:05:05.713	0.96845	0.96845			6
2024.07.08	00:05:08.090	0.96843	0.96843			6
2024.07.08	00:05:08.332	0.96844	0.96844			6
2024.07.08	00:05:08.363	0.96853	0.96853			6
2024.07.08	00:05:08.646	0.96854	0.96854			6
2024.07.08	00:05:08.832	0.96859	0.96859			6
2024.07.08	00:05:10.409	0.96855	0.96855			6
2024.07.08	00:05:11.163	0.96865	0.96865			6
2024.07.08	00:05:14.476	0.96875	0.96875			6
2024.07.08	00:05:15.609	0.96871	0.96871			6
2024.07.08	00:05:17.124	0.96875	0.96875			6
2024.07.08	00:05:19.646	0.96876	0.96876			6
2024.07.08	00:05:20.867	0.96872	0.96872			6
2024.07.08	00:05:20.897	0.96876	0.96876			6
2024.07.08	00:05:22.265	0.96871	0.96871			6
2024.07.08	00:05:22.985	0.96872	0.96872			6
2024.07.08	00:05:31.671	0.96874	0.96874			6
2024.07.08	00:05:32.008	0.96872	0.96872			6
2024.07.08	00:05:36.178	0.96873	0.96873			6
2024.07.08	00:05:39.969	0.96871	0.96871			6
2024.07.08	00:05:42.087	0.96830	0.96830			6
2024.07.08	00:06:00.940	0.96826	0.96826			6
2024.07.08	00:06:08.283	0.96824	0.96824			6
2024.07.08	00:06:08.712	0.96823	0.96823			6
2024.07.08	00:06:13.804	0.96824	0.96824			6
2024.07.08	00:06:14.851	0.96822	0.96822			6
2024.07.08	00:06:19.682	0.96824	0.96824			6
2024.07.08	00:06:26.594	0.96822	0.96822			6
2024.07.08	00:06:26.623	0.96821	0.96821			6
2024.07.08	00:06:26.653	0.96818	0.96818			6
2024.07.08	00:06:29.309	0.96821	0.96821			6
2024.07.08	00:06:29.340	0.96829	0.96829			6
2024.07.08	00:06:29.370	0.96833	0.96833			6
2024.07.08	00:06:44.085	0.96810	0.96810			6
2024.07.08	00:06:44.330	0.96811	0.96811			6
2024.07.08	00:06:46.322	0.96813	0.96813			6
2024.07.08	00:07:01.360	0.96815	0.96815			6
2024.07.08	00:07:02.356	0.96813	0.96813			6
2024.07.08	00:07:03.361	0.96814	0.96814			6
2024.07.08	00:07:04.000	0.96813	0.96813			6
2024.07.08	00:07:04.343	0.96812	0.96812			6
2024.07.08	00:07:05.365	0.96813	0.96813			6
2024.07.08	00:07:05.804	0.96814	0.96814			6
2024.07.08	00:07:06.196	0.96813	0.96813			6
2024.07.08	00:07:06.361	0.96812	0.96812			6
2024.07.08	00:07:07.374	0.96813	0.96813			6
2024.07.08	00:07:08.346	0.96812	0.96812			6
2024.07.08	00:07:09.373	0.96813	0.96813			6
2024.07.08	00:07:09.887	0.96824	0.96824			6
2024.07.08	00:07:09.976	0.96838	0.96838			6
2024.07.08	00:07:12.880	0.96842	0.96842			6
2024.07.08	00:07:12.911	0.96844	0.96844			6
2024.07.08	00:07:13.607	0.96845	0.96845			6
2024.07.08	00:07:37.000	0.96846	0.96846			6
2024.07.08	00:07:40.795	0.96847	0.96847			6
2024.07.08	00:07:43.935	0.96846	0.96846			6
2024.07.08	00:07:46.940	0.96847	0.96847			6
2024.07.08	00:07:46.969	0.96848	0.96848			6
2024.07.08	00:07:49.585	0.96850	0.96850			6
2024.07.08	00:07:49.878	0.96849	0.96849			6
2024.07.08	00:07:50.882	0.96850	0.96850			6
2024.07.08	00:07:53.366	0.96849	0.96849			6
2024.07.08	00:07:56.282	0.96847	0.96847			6
2024.07.08	00:07:56.313	0.96844	0.96844			6
2024.07.08	00:07:56.342	0.96845	0.96845			6
2024.07.08	00:07:56.371	0.96849	0.96849			6
2024.07.08	00:08:00.511	0.96852	0.96852			6
2024.07.08	00:08:01.596	0.96851	0.96851			6
2024.07.08	00:08:04.091	0.96852	0.96852			6
2024.07.08	00:08:05.249	0.96853	0.96853			6
2024.07.08	00:08:09.823	0.96823	0.96823			6
2024.07.08	00:08:11.099	0.96824	0.96824			6
2024.07.08	00:08:14.663	0.96823	0.96823			6
2024.07.08	00:08:16.810	0.96834	0.96834			6
2024.07.08	00:08:18.248	0.96849	0.96849			6
2024.07.08	00:08:23.988	0.96835	0.96835			6
2024.07.08	00:08:24.382	0.96827	0.96827			6
2024.07.08	00:08:24.411	0.96820	0.96820			6
2024.07.08	00:08:24.883	0.96813	0.96813			6
2024.07.08	00:08:25.503	0.96812	0.96812			6
2024.07.08	00:08:25.532	0.96810	0.96810			6
2024.07.08	00:08:27.652	0.96808	0.96808			6
2024.07.08	00:08:31.184	0.96804	0.96804			6
2024.07.08	00:08:33.653	0.96805	0.96805			6
2024.07.08	00:08:34.182	0.96813	0.96813			6
2024.07.08	00:08:34.213	0.96824	0.96824			6
2024.07.08	00:08:37.616	0.96825	0.96825			6
2024.07.08	00:08:50.481	0.96826	0.96826			6
2024.07.08	00:08:57.512	0.96823	0.96823			6
2024.07.08	00:09:03.507	0.96820	0.96820			6
2024.07.08	00:09:09.634	0.96825	0.96825			6
2024.07.08	00:09:10.315	0.96824	0.96824			6
2024.07.08	00:09:18.300	0.96826	0.96826			6
2024.07.08	00:09:18.893	0.96827	0.96827			6
2024.07.08	00:09:20.087	0.96826	0.96826			6
2024.07.08	00:09:21.289	0.96827	0.96827			6
2024.07.08	00:09:24.888	0.96826	0.96826			6
2024.07.08	00:09:29.912	0.96827	0.96827			6
2024.07.08	00:09:30.888	0.96828	0.96828			6
2024.07.08	00:09:32.396	0.96829	0.96829			6
2024.07.08	00:09:36.611	0.96830	0.96830			6
2024.07.08	00:09:41.689	0.96829	0.96829			6
2024.07.08	00:09:45.370	0.96822	0.96822			6
2024.07.08	00:10:00.511	0.96806	0.96806			6
2024.07.08	00:10:00.542	0.96808	0.96808			6
2024.07.08	00:10:00.886	0.96809	0.96809			6
2024.07.08	00:10:02.684	0.96810	0.96810			6
2024.07.08	00:10:04.799	0.96809	0.96809			6
2024.07.08	00:10:05.819	0.96808	0.96808			6
2024.07.08	00:10:06.598	0.96807	0.96807			6
2024.07.08	00:10:08.099	0.96808	0.96808			6
2024.07.08	00:10:08.236	0.96806	0.96806			6
2024.07.08	00:10:10.261	0.96804	0.96804			6
2024.07.08	00:10:12.232	0.96805	0.96805			6
2024.07.08	00:10:13.508	0.96806	0.96806			6
2024.07.08	00:10:13.820	0.96805	0.96805			6
2024.07.08	00:10:13.941	0.96804	0.96804			6
2024.07.08	00:10:14.328	0.96805	0.96805			6
2024.07.08	00:10:17.915	0.96806	0.96806			6
2024.07.08	00:10:19.851	0.96807	0.96807			6
2024.07.08	00:10:20.835	0.96806	0.96806			6
2024.07.08	00:10:21.792	0.96808	0.96808			6
2024.07.08	00:10:23.051	0.96807	0.96807			6
2024.07.08	00:10:24.770	0.96806	0.96806			6
2024.07.08	00:10:28.337	0.96808	0.96808			6
2024.07.08	00:10:29.577	0.96806	0.96806			6
2024.07.08	00:10:29.697	0.96807	0.96807			6
2024.07.08	00:10:32.727	0.96808	0.96808			6
2024.07.08	00:10:37.483	0.96809	0.96809			6
2024.07.08	00:10:39.562	0.96813	0.96813			6
2024.07.08	00:10:53.099	0.96814	0.96814			6
2024.07.08	00:10:57.517	0.96820	0.96820			6
2024.07.08	00:11:12.178	0.96819	0.96819			6
2024.07.08	00:11:36.739	0.96822	0.96822			6
2024.07.08	00:11:47.365	0.96823	0.96823			6
2024.07.08	00:11:49.983	0.96822	0.96822			6
2024.07.08	00:11:50.073	0.96823	0.96823			6
2024.07.08	00:11:50.134	0.96822	0.96822			6
2024.07.08	00:11:50.226	0.96821	0.96821			6
2024.07.08	00:11:50.414	0.96822	0.96822			6
2024.07.08	00:12:00.876	0.96821	0.96821			6
2024.07.08	00:12:07.885	0.96820	0.96820			6
2024.07.08	00:12:15.154	0.96822	0.96822			6
2024.07.08	00:12:16.897	0.96820	0.96820			6
2024.07.08	00:12:40.107	0.96821	0.96821			6
2024.07.08	00:12:41.746	0.96820	0.96820			6
2024.07.08	00:12:49.916	0.96819	0.96819			6
2024.07.08	00:12:50.706	0.96820	0.96820			6
2024.07.08	00:12:56.276	0.96833	0.96833			6
2024.07.08	00:12:57.198	0.96835	0.96835			6
2024.07.08	00:12:57.228	0.96837	0.96837			6
2024.07.08	00:13:01.089	0.96841	0.96841			6
2024.07.08	00:13:01.119	0.96844	0.96844			6
2024.07.08	00:13:15.508	0.96835	0.96835			6
2024.07.08	00:13:19.768	0.96836	0.96836			6
2024.07.08	00:13:20.598	0.96837	0.96837			6
2024.07.08	00:13:20.813	0.96838	0.96838			6
2024.07.08	00:13:21.133	0.96837	0.96837			6
2024.07.08	00:13:22.149	0.96838	0.96838			6
2024.07.08	00:13:22.521	0.96846	0.96846			6
2024.07.08	00:13:30.294	0.96845	0.96845			6
2024.07.08	00:13:37.909	0.96846	0.96846			6
2024.07.08	00:13:39.015	0.96845	0.96845			6
2024.07.08	00:13:53.037	0.96844	0.96844			6
2024.07.08	00:13:54.113	0.96843	0.96843			6
2024.07.08	00:13:55.310	0.96842	0.96842			6
2024.07.08	00:13:59.732	0.96840	0.96840			6
2024.07.08	00:13:59.763	0.96842	0.96842			6
2024.07.08	00:14:00.130	0.96841	0.96841			6
2024.07.08	00:14:00.836	0.96842	0.96842			6
2024.07.08	00:14:02.931	0.96841	0.96841			6
2024.07.08	00:14:07.645	0.96842	0.96842			6
2024.07.08	00:14:08.583	0.96841	0.96841			6
2024.07.08	00:14:08.644	0.96844	0.96844			6
2024.07.08	00:14:15.845	0.96845	0.96845			6
2024.07.08	00:14:17.430	0.96847	0.96847			6
2024.07.08	00:14:20.073	0.96848	0.96848			6
2024.07.08	00:14:25.906	0.96849	0.96849			6
2024.07.08	00:14:27.141	0.96848	0.96848			6
2024.07.08	00:14:30.295	0.96849	0.96849			6
2024.07.08	00:14:43.581	0.96852	0.96852			6
2024.07.08	00:14:45.701	0.96853	0.96853			6
2024.07.08	00:14:50.690	0.96854	0.96854			6
2024.07.08	00:14:53.174	0.96844	0.96844			6
2024.07.08	00:14:55.735	0.96845	0.96845			6
2024.07.08	00:14:56.720	0.96846	0.96846			6
2024.07.08	00:15:00.077	0.96845	0.96845			6
2024.07.08	00:15:00.137	0.96846	0.96846			6
2024.07.08	00:15:00.166	0.96847	0.96847			6
2024.07.08	00:15:00.198	0.96849	0.96849			6
2024.07.08	00:15:00.407	0.96848	0.96848			6
2024.07.08	00:15:00.556	0.96849	0.96849			6
2024.07.08	00:15:00.738	0.96850	0.96850			6
2024.07.08	00:15:00.887	0.96849	0.96849			6
2024.07.08	00:15:03.695	0.96850	0.96850			6
2024.07.08	00:15:07.922	0.96864	0.96864			6
2024.07.08	00:15:07.952	0.96872	0.96872			6
2024.07.08	00:15:10.965	0.96868	0.96868			6
2024.07.08	00:15:12.348	0.96867	0.96867			6
2024.07.08	00:15:12.691	0.96871	0.96871			6
2024.07.08	00:15:14.937	0.96874	0.96874			6
2024.07.08	00:15:15.749	0.96873	0.96873			6
2024.07.08	00:15:18.891	0.96874	0.96874			6
2024.07.08	00:15:19.884	0.96871	0.96871			6
2024.07.08	00:15:21.168	0.96870	0.96870			6
2024.07.08	00:15:22.506	0.96871	0.96871			6
2024.07.08	00:15:24.871	0.96869	0.96869			6
2024.07.08	00:15:25.152	0.96868	0.96868			6
2024.07.08	00:15:30.826	0.96870	0.96870			6
2024.07.08	00:15:30.856	0.96872	0.96872			6
2024.07.08	00:15:30.945	0.96868	0.96868			6
2024.07.08	00:15:46.143	0.96869	0.96869			6
2024.07.08	00:15:46.173	0.96872	0.96872			6
2024.07.08	00:15:46.294	0.96868	0.96868			6
2024.07.08	00:15:58.083	0.96866	0.96866			6
2024.07.08	00:15:59.326	0.96871	0.96871			6
2024.07.08	00:16:10.036	0.96873	0.96873			6
2024.07.08	00:16:11.390	0.96872	0.96872			6
2024.07.08	00:16:21.285	0.96871	0.96871			6
2024.07.08	00:16:21.344	0.96870	0.96870			6
2024.07.08	00:16:21.836	0.96867	0.96867			6
2024.07.08	00:16:21.867	0.96863	0.96863			6
2024.07.08	00:16:32.797	0.96865	0.96865			6
2024.07.08	00:16:33.891	0.96866	0.96866			6
2024.07.08	00:16:34.465	0.96865	0.96865			6
2024.07.08	00:16:41.365	0.96864	0.96864			6
2024.07.08	00:16:41.545	0.96861	0.96861			6
2024.07.08	00:16:42.775	0.96863	0.96863			6
2024.07.08	00:16:43.789	0.96864	0.96864			6
2024.07.08	00:17:02.643	0.96866	0.96866			6
2024.07.08	00:17:05.078	0.96868	0.96868			6
2024.07.08	00:17:05.169	0.96869	0.96869			6
2024.07.08	00:17:05.625	0.96870	0.96870			6
2024.07.08	00:17:07.504	0.96874	0.96874			6
2024.07.08	00:17:07.565	0.96875	0.96875			6
2024.07.08	00:17:10.594	0.96872	0.96872			6
2024.07.08	00:17:12.672	0.96871	0.96871			6
2024.07.08	00:17:15.938	0.96873	0.96873			6
2024.07.08	00:17:15.969	0.96876	0.96876			6
2024.07.08	00:17:18.303	0.96875	0.96875			6
2024.07.08	00:17:23.090	0.96874	0.96874			6
2024.07.08	00:17:23.306	0.96881	0.96881			6
2024.07.08	00:17:23.335	0.96867	0.96867			6
2024.07.08	00:17:23.395	0.96868	0.96868			6
2024.07.08	00:17:23.455	0.96856	0.96856			6
2024.07.08	00:17:23.514	0.96853	0.96853			6
2024.07.08	00:17:23.606	0.96851	0.96851			6
2024.07.08	00:17:23.635	0.96853	0.96853			6
2024.07.08	00:17:23.665	0.96854	0.96854			6
2024.07.08	00:17:23.695	0.96853	0.96853			6
2024.07.08	00:17:24.006	0.96854	0.96854			6
2024.07.08	00:17:24.125	0.96851	0.96851			6
2024.07.08	00:17:24.824	0.96850	0.96850			6
2024.07.08	00:17:24.974	0.96842	0.96842			6
2024.07.08	00:17:25.606	0.96849	0.96849			6
2024.07.08	00:17:25.976	0.96842	0.96842			6
2024.07.08	00:17:27.307	0.96844	0.96844			6
2024.07.08	00:17:27.921	0.96837	0.96837			6
2024.07.08	00:17:28.046	0.96834	0.96834			6
2024.07.08	00:17:28.967	0.96830	0.96830			6
2024.07.08	00:17:29.087	0.96836	0.96836			6
2024.07.08	00:17:29.658	0.96847	0.96847			6
2024.07.08	00:17:35.705	0.96860	0.96860			6
2024.07.08	00:17:36.197	0.96861	0.96861			6
2024.07.08	00:17:37.644	0.96862	0.96862			6
2024.07.08	00:17:38.269	0.96863	0.96863			6
2024.07.08	00:17:40.107	0.96860	0.96860			6
2024.07.08	00:17:41.365	0.96862	0.96862			6
2024.07.08	00:17:41.829	0.96861	0.96861			6
2024.07.08	00:17:41.951	0.96859	0.96859			6
2024.07.08	00:17:43.133	0.96857	0.96857			6
2024.07.08	00:17:43.192	0.96861	0.96861			6
2024.07.08	00:17:44.620	0.96863	0.96863			6
2024.07.08	00:17:57.312	0.96871	0.96871			6
2024.07.08	00:18:00.221	0.96859	0.96859			6
2024.07.08	00:18:00.251	0.96849	0.96849			6
2024.07.08	00:18:05.174	0.96844	0.96844			6
2024.07.08	00:18:08.155	0.96820	0.96820			6
2024.07.08	00:18:13.191	0.96823	0.96823			6
2024.07.08	00:18:13.221	0.96824	0.96824			6
2024.07.08	00:18:31.207	0.96825	0.96825			6
2024.07.08	00:18:33.959	0.96824	0.96824			6
2024.07.08	00:18:37.784	0.96825	0.96825			6
2024.07.08	00:18:37.960	0.96823	0.96823			6
2024.07.08	00:19:05.407	0.96824	0.96824			6
2024.07.08	00:19:09.406	0.96823	0.96823			6
2024.07.08	00:19:15.444	0.96826	0.96826			6
2024.07.08	00:19:15.474	0.96823	0.96823			6
2024.07.08	00:19:28.406	0.96824	0.96824			6
2024.07.08	00:19:34.864	0.96818	0.96818			6
2024.07.08	00:19:49.185	0.96819	0.96819			6
2024.07.08	00:19:50.697	0.96818	0.96818			6
2024.07.08	00:19:52.194	0.96819	0.96819			6
2024.07.08	00:19:52.981	0.96818	0.96818			6
2024.07.08	00:20:27.744	0.96819	0.96819			6
2024.07.08	00:20:28.789	0.96820	0.96820			6
2024.07.08	00:21:13.814	0.96821	0.96821			6
2024.07.08	00:21:17.720	0.96875	0.96875			6
2024.07.08	00:21:19.977	0.96874	0.96874			6
2024.07.08	00:21:25.112	0.96873	0.96873			6
2024.07.08	00:21:26.371	0.96871	0.96871			6
2024.07.08	00:21:26.432	0.96872	0.96872			6
2024.07.08	00:21:26.463	0.96873	0.96873			6
2024.07.08	00:21:27.600	0.96872	0.96872			6
2024.07.08	00:21:28.452	0.96873	0.96873			6
2024.07.08	00:21:29.389	0.96872	0.96872			6
2024.07.08	00:21:32.406	0.96871	0.96871			6
2024.07.08	00:21:36.883	0.96872	0.96872			6
2024.07.08	00:21:41.713	0.96871	0.96871			6
2024.07.08	00:21:50.404	0.96870	0.96870			6
2024.07.08	00:22:25.224	0.96871	0.96871			6
2024.07.08	00:22:32.089	0.96872	0.96872			6
2024.07.08	00:22:33.883	0.96871	0.96871			6
2024.07.08	00:22:39.283	0.96872	0.96872			6
2024.07.08	00:22:52.507	0.96873	0.96873			6
2024.07.08	00:23:11.837	0.96871	0.96871			6
2024.07.08	00:23:30.374	0.96873	0.96873			6
2024.07.08	00:24:14.065	0.96872	0.96872			6
2024.07.08	00:24:17.474	0.96874	0.96874			6
2024.07.08	00:24:17.504	0.96873	0.96873			6
2024.07.08	00:24:26.180	0.96875	0.96875			6
2024.07.08	00:24:28.478	0.96874	0.96874			6
2024.07.08	00:24:37.050	0.96876	0.96876			6
2024.07.08	00:24:37.080	0.96874	0.96874			6
2024.07.08	00:24:37.110	0.96876	0.96876			6
2024.07.08	00:24:37.481	0.96875	0.96875			6
2024.07.08	00:24:37.511	0.96876	0.96876			6
2024.07.08	00:24:37.541	0.96875	0.96875			6
2024.07.08	00:24:37.570	0.96876	0.96876			6
2024.07.08	00:24:37.601	0.96875	0.96875			6
2024.07.08	00:24:37.630	0.96874	0.96874			6
2024.07.08	00:24:38.118	0.96873	0.96873			6
2024.07.08	00:24:38.209	0.96875	0.96875			6
2024.07.08	00:24:38.364	0.96873	0.96873			6
2024.07.08	00:24:38.626	0.96875	0.96875			6
2024.07.08	00:24:38.866	0.96873	0.96873			6
2024.07.08	00:24:38.897	0.96874	0.96874			6
2024.07.08	00:24:38.927	0.96875	0.96875			6
2024.07.08	00:24:38.957	0.96873	0.96873			6
2024.07.08	00:24:39.318	0.96875	0.96875			6
2024.07.08	00:24:39.960	0.96873	0.96873			6
2024.07.08	00:24:39.989	0.96875	0.96875			6
2024.07.08	00:24:40.112	0.96873	0.96873			6
2024.07.08	00:24:40.272	0.96875	0.96875			6
2024.07.08	00:24:40.302	0.96873	0.96873			6
2024.07.08	00:24:40.380	0.96875	0.96875			6
2024.07.08	00:24:40.716	0.96873	0.96873			6
2024.07.08	00:24:40.747	0.96875	0.96875			6
2024.07.08	00:24:40.778	0.96873	0.96873			6
2024.07.08	00:24:40.901	0.96875	0.96875			6
2024.07.08	00:24:41.195	0.96873	0.96873			6
2024.07.08	00:24:41.376	0.96875	0.96875			6
2024.07.08	00:24:41.540	0.96873	0.96873			6
2024.07.08	00:24:43.100	0.96875	0.96875			6
2024.07.08	00:24:43.251	0.96874	0.96874			6
2024.07.08	00:24:43.314	0.96875	0.96875			6
2024.07.08	00:24:43.344	0.96874	0.96874			6
2024.07.08	00:24:43.373	0.96875	0.96875			6
2024.07.08	00:24:43.404	0.96874	0.96874			6
2024.07.08	00:24:43.434	0.96875	0.96875			6
2024.07.08	00:24:43.894	0.96873	0.96873			6
2024.07.08	00:24:43.925	0.96875	0.96875			6
2024.07.08	00:24:43.954	0.96873	0.96873			6
2024.07.08	00:24:44.428	0.96875	0.96875			6
2024.07.08	00:24:44.459	0.96873	0.96873			6
2024.07.08	00:24:44.605	0.96875	0.96875			6
2024.07.08	00:24:44.875	0.96873	0.96873			6
2024.07.08	00:24:44.951	0.96875	0.96875			6
2024.07.08	00:24:45.010	0.96873	0.96873			6
2024.07.08	00:24:45.041	0.96875	0.96875			6
2024.07.08	00:24:45.160	0.96873	0.96873			6
2024.07.08	00:24:45.307	0.96875	0.96875			6
2024.07.08	00:24:45.605	0.96873	0.96873			6
2024.07.08	00:24:45.842	0.96875	0.96875			6
2024.07.08	00:24:45.902	0.96874	0.96874			6
2024.07.08	00:24:45.932	0.96875	0.96875			6
2024.07.08	00:24:46.133	0.96873	0.96873			6
2024.07.08	00:24:46.274	0.96875	0.96875			6
2024.07.08	00:24:46.973	0.96874	0.96874			6
2024.07.08	00:24:47.037	0.96875	0.96875			6
2024.07.08	00:24:47.068	0.96873	0.96873			6
2024.07.08	00:24:47.581	0.96875	0.96875			6
2024.07.08	00:24:47.874	0.96873	0.96873			6
2024.07.08	00:24:48.025	0.96875	0.96875			6
2024.07.08	00:24:48.350	0.96873	0.96873			6
2024.07.08	00:24:49.428	0.96875	0.96875			6
2024.07.08	00:24:49.457	0.96873	0.96873			6
2024.07.08	00:24:55.515	0.96871	0.96871			6
2024.07.08	00:25:02.704	0.96870	0.96870			6
2024.07.08	00:25:06.383	0.96869	0.96869			6
2024.07.08	00:25:06.571	0.96874	0.96874			6
2024.07.08	00:25:06.918	0.96873	0.96873			6
2024.07.08	00:25:07.505	0.96874	0.96874			6
2024.07.08	00:25:08.412	0.96863	0.96863			6
2024.07.08	00:25:08.705	0.96874	0.96874			6
2024.07.08	00:25:09.305	0.96865	0.96865			6
2024.07.08	00:25:10.382	0.96864	0.96864			6
2024.07.08	00:25:10.816	0.96874	0.96874			6
2024.07.08	00:25:11.124	0.96873	0.96873			6
2024.07.08	00:25:11.720	0.96866	0.96866			6
2024.07.08	00:25:15.904	0.96865	0.96865			6
2024.07.08	00:25:21.005	0.96872	0.96872			6
2024.07.08	00:25:38.704	0.96873	0.96873			6
2024.07.08	00:25:42.381	0.96872	0.96872			6
2024.07.08	00:25:43.104	0.96871	0.96871			6
2024.07.08	00:25:48.494	0.96865	0.96865			6
2024.07.08	00:25:48.524	0.96866	0.96866			6
2024.07.08	00:25:49.549	0.96865	0.96865			6
2024.07.08	00:25:49.983	0.96862	0.96862			6
2024.07.08	00:25:50.565	0.96864	0.96864			6
2024.07.08	00:25:50.873	0.96867	0.96867			6
2024.07.08	00:25:51.318	0.96868	0.96868			6
2024.07.08	00:25:52.472	0.96869	0.96869			6
2024.07.08	00:25:53.659	0.96870	0.96870			6
2024.07.08	00:25:54.033	0.96866	0.96866			6
2024.07.08	00:25:56.894	0.96867	0.96867			6
2024.07.08	00:25:59.980	0.96871	0.96871			6
2024.07.08	00:26:01.501	0.96868	0.96868			6
2024.07.08	00:26:09.028	0.96871	0.96871			6
2024.07.08	00:26:24.285	0.96872	0.96872			6
2024.07.08	00:26:24.348	0.96871	0.96871			6
2024.07.08	00:26:28.938	0.96872	0.96872			6
2024.07.08	00:26:28.969	0.96873	0.96873			6
2024.07.08	00:26:57.194	0.96872	0.96872			6
2024.07.08	00:26:58.982	0.96874	0.96874			6
2024.07.08	00:27:02.862	0.96875	0.96875			6
2024.07.08	00:27:03.734	0.96870	0.96870			6
2024.07.08	00:27:05.114	0.96874	0.96874			6
2024.07.08	00:27:08.976	0.96875	0.96875			6
2024.07.08	00:27:11.382	0.96874	0.96874			6
2024.07.08	00:27:12.126	0.96875	0.96875			6
2024.07.08	00:27:14.828	0.96874	0.96874			6
2024.07.08	00:27:16.395	0.96875	0.96875			6
2024.07.08	00:27:26.748	0.96871	0.96871			6
2024.07.08	00:27:27.319	0.96872	0.96872			6
2024.07.08	00:27:28.815	0.96871	0.96871			6
2024.07.08	00:27:31.982	0.96872	0.96872			6
2024.07.08	00:27:42.752	0.96875	0.96875			6
2024.07.08	00:27:42.782	0.96877	0.96877			6
2024.07.08	00:27:44.058	0.96879	0.96879			6
2024.07.08	00:27:44.088	0.96881	0.96881			6
2024.07.08	00:27:45.614	0.96880	0.96880			6
2024.07.08	00:27:47.451	0.96881	0.96881			6
2024.07.08	00:27:48.734	0.96884	0.96884			6
2024.07.08	00:27:48.765	0.96888	0.96888			6
2024.07.08	00:27:49.138	0.96882	0.96882			6
2024.07.08	00:27:50.304	0.96885	0.96885			6
2024.07.08	00:27:50.575	0.96884	0.96884			6
2024.07.08	00:27:55.459	0.96876	0.96876			6
2024.07.08	00:28:06.352	0.96875	0.96875			6
2024.07.08	00:28:07.688	0.96874	0.96874			6
2024.07.08	00:28:13.512	0.96873	0.96873			6
2024.07.08	00:28:15.981	0.96871	0.96871			6
2024.07.08	00:28:21.582	0.96872	0.96872			6
2024.07.08	00:28:21.613	0.96871	0.96871			6
2024.07.08	00:28:29.618	0.96870	0.96870			6
2024.07.08	00:28:35.013	0.96871	0.96871			6
2024.07.08	00:28:35.106	0.96872	0.96872			6
2024.07.08	00:28:35.253	0.96871	0.96871			6
2024.07.08	00:28:35.752	0.96870	0.96870			6
2024.07.08	00:28:35.993	0.96871	0.96871			6
2024.07.08	00:28:36.753	0.96872	0.96872			6
2024.07.08	00:28:36.952	0.96873	0.96873			6
2024.07.08	00:28:37.042	0.96877	0.96877			6
2024.07.08	00:28:37.428	0.96875	0.96875			6
2024.07.08	00:28:38.149	0.96877	0.96877			6
2024.07.08	00:28:38.211	0.96876	0.96876			6
2024.07.08	00:28:38.241	0.96877	0.96877			6
2024.07.08	00:28:38.839	0.96875	0.96875			6
2024.07.08	00:28:38.869	0.96876	0.96876			6
2024.07.08	00:28:38.902	0.96875	0.96875			6
2024.07.08	00:28:39.106	0.96877	0.96877			6
2024.07.08	00:28:39.242	0.96875	0.96875			6
2024.07.08	00:28:39.351	0.96877	0.96877			6
2024.07.08	00:28:39.411	0.96876	0.96876			6
2024.07.08	00:28:39.442	0.96875	0.96875			6
2024.07.08	00:28:39.574	0.96877	0.96877			6
2024.07.08	00:28:39.605	0.96875	0.96875			6
2024.07.08	00:28:39.635	0.96877	0.96877			6
2024.07.08	00:28:39.694	0.96875	0.96875			6
2024.07.08	00:28:39.784	0.96877	0.96877			6
2024.07.08	00:28:39.846	0.96875	0.96875			6
2024.07.08	00:28:39.875	0.96877	0.96877			6
2024.07.08	00:28:40.189	0.96875	0.96875			6
2024.07.08	00:28:40.220	0.96877	0.96877			6
2024.07.08	00:28:40.311	0.96875	0.96875			6
2024.07.08	00:28:40.374	0.96877	0.96877			6
2024.07.08	00:28:40.422	0.96875	0.96875			6
2024.07.08	00:28:40.718	0.96877	0.96877			6
2024.07.08	00:28:40.981	0.96875	0.96875			6
2024.07.08	00:28:41.010	0.96877	0.96877			6
2024.07.08	00:28:41.055	0.96875	0.96875			6
2024.07.08	00:28:41.085	0.96877	0.96877			6
2024.07.08	00:28:41.332	0.96875	0.96875			6
2024.07.08	00:28:41.794	0.96877	0.96877			6
2024.07.08	00:28:41.884	0.96875	0.96875			6
2024.07.08	00:28:42.076	0.96877	0.96877			6
2024.07.08	00:28:42.151	0.96875	0.96875			6
2024.07.08	00:28:42.377	0.96877	0.96877			6
2024.07.08	00:28:42.407	0.96875	0.96875			6
2024.07.08	00:28:42.800	0.96877	0.96877			6
2024.07.08	00:28:42.831	0.96875	0.96875			6
2024.07.08	00:28:42.860	0.96876	0.96876			6
2024.07.08	00:28:42.899	0.96875	0.96875			6
2024.07.08	00:28:42.929	0.96877	0.96877			6
2024.07.08	00:28:43.495	0.96872	0.96872			6
2024.07.08	00:28:43.585	0.96871	0.96871			6
2024.07.08	00:28:43.678	0.96872	0.96872			6
2024.07.08	00:28:43.709	0.96871	0.96871			6
2024.07.08	00:28:43.738	0.96872	0.96872			6
2024.07.08	00:28:43.777	0.96871	0.96871			6
2024.07.08	00:28:43.837	0.96872	0.96872			6
2024.07.08	00:28:43.938	0.96871	0.96871			6
2024.07.08	00:28:44.029	0.96872	0.96872			6
2024.07.08	00:28:44.188	0.96871	0.96871			6
2024.07.08	00:28:44.218	0.96872	0.96872			6
2024.07.08	00:28:44.252	0.96871	0.96871			6
2024.07.08	00:28:44.282	0.96872	0.96872			6
2024.07.08	00:28:44.312	0.96871	0.96871			6
2024.07.08	00:28:44.343	0.96872	0.96872			6
2024.07.08	00:28:44.475	0.96871	0.96871			6
2024.07.08	00:28:44.505	0.96872	0.96872			6
2024.07.08	00:28:44.685	0.96871	0.96871			6
2024.07.08	00:28:44.716	0.96872	0.96872			6
2024.07.08	00:28:44.836	0.96871	0.96871			6
2024.07.08	00:28:45.080	0.96872	0.96872			6
2024.07.08	00:28:45.785	0.96871	0.96871			6
2024.07.08	00:28:46.216	0.96872	0.96872			6
2024.07.08	00:28:46.427	0.96871	0.96871			6
2024.07.08	00:28:46.706	0.96872	0.96872			6
2024.07.08	00:28:46.736	0.96871	0.96871			6
2024.07.08	00:28:46.796	0.96872	0.96872			6
2024.07.08	00:28:46.836	0.96871	0.96871			6
2024.07.08	00:28:46.867	0.96872	0.96872			6
2024.07.08	00:28:46.897	0.96871	0.96871			6
2024.07.08	00:28:46.927	0.96872	0.96872			6
2024.07.08	00:28:46.957	0.96871	0.96871			6
2024.07.08	00:28:46.986	0.96872	0.96872			6
2024.07.08	00:28:47.017	0.96871	0.96871			6
2024.07.08	00:28:47.794	0.96872	0.96872			6
2024.07.08	00:28:48.085	0.96871	0.96871			6
2024.07.08	00:28:48.115	0.96872	0.96872			6
2024.07.08	00:28:48.236	0.96871	0.96871			6
2024.07.08	00:28:48.325	0.96872	0.96872			6
2024.07.08	00:28:48.356	0.96871	0.96871			6
2024.07.08	00:28:48.821	0.96872	0.96872			6
2024.07.08	00:28:48.851	0.96871	0.96871			6
2024.07.08	00:28:48.912	0.96872	0.96872			6
2024.07.08	00:28:49.337	0.96871	0.96871			6
2024.07.08	00:28:49.434	0.96872	0.96872			6
2024.07.08	00:28:49.684	0.96871	0.96871			6
2024.07.08	00:28:49.773	0.96872	0.96872			6
2024.07.08	00:28:51.439	0.96877	0.96877			6
2024.07.08	00:29:04.258	0.96867	0.96867			6
2024.07.08	00:29:05.107	0.96872	0.96872			6
2024.07.08	00:29:06.181	0.96871	0.96871			6
2024.07.08	00:29:07.090	0.96872	0.96872			6
2024.07.08	00:29:21.443	0.96867	0.96867			6
2024.07.08	00:29:21.999	0.96877	0.96877			6
2024.07.08	00:29:22.089	0.96878	0.96878			6
2024.07.08	00:29:31.211	0.96875	0.96875			6
2024.07.08	00:29:31.301	0.96877	0.96877			6
2024.07.08	00:29:35.228	0.96870	0.96870			6
2024.07.08	00:29:35.287	0.96875	0.96875			6
2024.07.08	00:29:36.085	0.96870	0.96870			6
2024.07.08	00:29:37.473	0.96875	0.96875			6
2024.07.08	00:29:40.983	0.96871	0.96871			6
2024.07.08	00:29:41.073	0.96872	0.96872			6
2024.07.08	00:29:41.149	0.96871	0.96871			6
2024.07.08	00:29:42.087	0.96872	0.96872			6
2024.07.08	00:29:42.118	0.96871	0.96871			6
2024.07.08	00:29:43.259	0.96872	0.96872			6
2024.07.08	00:29:43.803	0.96871	0.96871			6
2024.07.08	00:29:43.834	0.96872	0.96872			6
2024.07.08	00:29:43.864	0.96871	0.96871			6
2024.07.08	00:29:44.220	0.96872	0.96872			6
2024.07.08	00:29:44.810	0.96871	0.96871			6
2024.07.08	00:29:44.841	0.96872	0.96872			6
2024.07.08	00:29:44.905	0.96871	0.96871			6
2024.07.08	00:29:45.103	0.96872	0.96872			6
2024.07.08	00:29:45.166	0.96871	0.96871			6
2024.07.08	00:29:45.195	0.96872	0.96872			6
2024.07.08	00:29:45.225	0.96871	0.96871			6
2024.07.08	00:29:45.255	0.96872	0.96872			6
2024.07.08	00:29:45.550	0.96871	0.96871			6
2024.07.08	00:29:46.058	0.96872	0.96872			6
2024.07.08	00:29:46.088	0.96871	0.96871			6
2024.07.08	00:29:46.117	0.96872	0.96872			6
2024.07.08	00:29:46.148	0.96871	0.96871			6
2024.07.08	00:29:46.345	0.96872	0.96872			6
2024.07.08	00:29:49.658	0.96871	0.96871			6
2024.07.08	00:29:51.783	0.96870	0.96870			6
2024.07.08	00:29:53.387	0.96874	0.96874			6
2024.07.08	00:29:56.873	0.96875	0.96875			6
2024.07.08	00:29:57.642	0.96864	0.96864			6
2024.07.08	00:29:57.671	0.96869	0.96869			6
2024.07.08	00:29:57.732	0.96864	0.96864			6
2024.07.08	00:29:57.919	0.96862	0.96862			6
2024.07.08	00:29:58.982	0.96861	0.96861			6
2024.07.08	00:30:00.049	0.96864	0.96864			6
2024.07.08	00:30:00.080	0.96865	0.96865			6
2024.07.08	00:30:00.109	0.96866	0.96866			6
2024.07.08	00:30:04.484	0.96864	0.96864			6
2024.07.08	00:30:04.515	0.96863	0.96863			6
2024.07.08	00:30:05.935	0.96861	0.96861			6
2024.07.08	00:30:24.204	0.96843	0.96843			6
2024.07.08	00:30:24.377	0.96844	0.96844			6
2024.07.08	00:30:40.718	0.96846	0.96846			6
2024.07.08	00:30:41.994	0.96845	0.96845			6
2024.07.08	00:30:45.653	0.96846	0.96846			6
2024.07.08	00:31:11.825	0.96847	0.96847			6
2024.07.08	00:31:18.003	0.96846	0.96846			6
2024.07.08	00:31:24.301	0.96847	0.96847			6
2024.07.08	00:31:27.004	0.96846	0.96846			6
2024.07.08	00:31:31.613	0.96848	0.96848			6
2024.07.08	00:31:31.644	0.96850	0.96850			6
2024.07.08	00:31:32.989	0.96851	0.96851			6
2024.07.08	00:31:40.225	0.96853	0.96853			6
2024.07.08	00:31:42.905	0.96852	0.96852			6
2024.07.08	00:31:43.736	0.96854	0.96854			6
2024.07.08	00:31:47.718	0.96855	0.96855			6
2024.07.08	00:31:53.973	0.96853	0.96853			6
2024.07.08	00:31:55.483	0.96857	0.96857			6
2024.07.08	00:31:55.513	0.96859	0.96859			6
2024.07.08	00:31:55.543	0.96860	0.96860			6
2024.07.08	00:31:56.230	0.96861	0.96861			6
2024.07.08	00:31:58.108	0.96860	0.96860			6
2024.07.08	00:32:02.357	0.96861	0.96861			6
2024.07.08	00:32:02.386	0.96862	0.96862			6
2024.07.08	00:32:04.796	0.96861	0.96861			6
2024.07.08	00:32:04.981	0.96859	0.96859			6
2024.07.08	00:32:05.011	0.96858	0.96858			6
2024.07.08	00:32:14.120	0.96859	0.96859			6
2024.07.08	00:32:18.556	0.96858	0.96858			6
2024.07.08	00:32:42.121	0.96856	0.96856			6
2024.07.08	00:32:48.569	0.96858	0.96858			6
2024.07.08	00:32:52.160	0.96866	0.96866			6
2024.07.08	00:32:53.712	0.96865	0.96865			6
2024.07.08	00:32:53.895	0.96866	0.96866			6
2024.07.08	00:33:09.627	0.96865	0.96865			6
2024.07.08	00:33:13.807	0.96866	0.96866			6
2024.07.08	00:33:41.163	0.96868	0.96868			6
2024.07.08	00:33:43.209	0.96869	0.96869			6
2024.07.08	00:33:50.099	0.96868	0.96868			6
2024.07.08	00:33:54.812	0.96869	0.96869			6
2024.07.08	00:33:54.841	0.96868	0.96868			6
2024.07.08	00:33:57.728	0.96872	0.96872			6
2024.07.08	00:33:57.787	0.96873	0.96873			6
2024.07.08	00:33:59.231	0.96875	0.96875			6
2024.07.08	00:33:59.260	0.96874	0.96874			6
2024.07.08	00:34:01.264	0.96869	0.96869			6
2024.07.08	00:34:01.764	0.96871	0.96871			6
2024.07.08	00:34:01.854	0.96872	0.96872			6
2024.07.08	00:34:02.094	0.96873	0.96873			6
2024.07.08	00:34:07.811	0.96872	0.96872			6
2024.07.08	00:34:16.530	0.96870	0.96870			6
2024.07.08	00:34:26.437	0.96867	0.96867			6
2024.07.08	00:34:26.468	0.96866	0.96866			6
2024.07.08	00:34:27.924	0.96867	0.96867			6
2024.07.08	00:34:35.578	0.96873	0.96873			6
2024.07.08	00:34:35.644	0.96874	0.96874			6
2024.07.08	00:34:35.795	0.96875	0.96875			6
2024.07.08	00:34:37.481	0.96876	0.96876			6
2024.07.08	00:34:41.401	0.96875	0.96875			6
2024.07.08	00:35:02.222	0.96876	0.96876			6
2024.07.08	00:35:07.807	0.96877	0.96877			6
2024.07.08	00:35:10.967	0.96878	0.96878			6
2024.07.08	00:35:11.567	0.96879	0.96879			6
2024.07.08	00:35:11.597	0.96882	0.96882			6
2024.07.08	00:35:11.628	0.96879	0.96879			6
2024.07.08	00:35:14.945	0.96878	0.96878			6
2024.07.08	00:35:23.111	0.96879	0.96879			6
2024.07.08	00:35:23.484	0.96878	0.96878			6
2024.07.08	00:35:36.250	0.96879	0.96879			6
2024.07.08	00:35:36.900	0.96878	0.96878			6
2024.07.08	00:35:37.511	0.96879	0.96879			6
2024.07.08	00:35:38.999	0.96878	0.96878			6
2024.07.08	00:35:46.892	0.96877	0.96877			6
2024.07.08	00:35:46.952	0.96876	0.96876			6
2024.07.08	00:35:50.082	0.96875	0.96875			6
2024.07.08	00:35:50.112	0.96874	0.96874			6
2024.07.08	00:35:50.175	0.96873	0.96873			6
2024.07.08	00:35:50.232	0.96872	0.96872			6
2024.07.08	00:35:52.061	0.96871	0.96871			6
2024.07.08	00:35:53.859	0.96870	0.96870			6
2024.07.08	00:35:54.352	0.96869	0.96869			6
2024.07.08	00:36:07.487	0.96870	0.96870			6
2024.07.08	00:36:07.518	0.96869	0.96869			6
2024.07.08	00:36:12.500	0.96871	0.96871			6
2024.07.08	00:36:12.530	0.96880	0.96880			6
2024.07.08	00:36:13.513	0.96881	0.96881			6
2024.07.08	00:36:15.801	0.96876	0.96876			6
2024.07.08	00:36:22.440	0.96878	0.96878			6
2024.07.08	00:36:22.470	0.96879	0.96879			6
2024.07.08	00:36:22.700	0.96874	0.96874			6
2024.07.08	00:36:23.100	0.96876	0.96876			6
2024.07.08	00:36:23.503	0.96874	0.96874			6
2024.07.08	00:36:23.689	0.96875	0.96875			6
2024.07.08	00:36:23.991	0.96870	0.96870			6
2024.07.08	00:36:28.937	0.96871	0.96871			6
2024.07.08	00:36:29.937	0.96874	0.96874			6
2024.07.08	00:36:39.754	0.96876	0.96876			6
2024.07.08	00:36:40.252	0.96888	0.96888			6
2024.07.08	00:36:40.283	0.96886	0.96886			6
2024.07.08	00:36:43.815	0.96890	0.96890			6
2024.07.08	00:36:44.288	0.96889	0.96889			6
2024.07.08	00:36:44.318	0.96890	0.96890			6
2024.07.08	00:36:52.099	0.96888	0.96888			6
2024.07.08	00:36:52.129	0.96884	0.96884			6
2024.07.08	00:36:52.795	0.96882	0.96882			6
2024.07.08	00:36:52.974	0.96879	0.96879			6
2024.07.08	00:36:54.498	0.96880	0.96880			6
2024.07.08	00:36:54.530	0.96888	0.96888			6
2024.07.08	00:36:54.559	0.96890	0.96890			6
2024.07.08	00:36:55.007	0.96886	0.96886			6
2024.07.08	00:36:55.037	0.96890	0.96890			6
2024.07.08	00:37:05.305	0.96894	0.96894			6
2024.07.08	00:37:05.336	0.96890	0.96890			6
2024.07.08	00:37:05.694	0.96889	0.96889			6
2024.07.08	00:37:05.784	0.96887	0.96887			6
2024.07.08	00:37:06.911	0.96886	0.96886			6
2024.07.08	00:37:06.977	0.96891	0.96891			6
2024.07.08	00:37:18.488	0.96888	0.96888			6
2024.07.08	00:37:18.519	0.96894	0.96894			6
2024.07.08	00:37:25.637	0.96889	0.96889			6
2024.07.08	00:37:25.666	0.96884	0.96884			6
2024.07.08	00:37:25.727	0.96879	0.96879			6
2024.07.08	00:37:26.130	0.96880	0.96880			6
2024.07.08	00:37:26.196	0.96883	0.96883			6
2024.07.08	00:37:26.226	0.96877	0.96877			6
2024.07.08	00:37:26.286	0.96876	0.96876			6
2024.07.08	00:37:36.233	0.96875	0.96875			6
2024.07.08	00:37:36.582	0.96876	0.96876			6
2024.07.08	00:37:48.619	0.96877	0.96877			6
2024.07.08	00:37:50.038	0.96875	0.96875			6
2024.07.08	00:37:50.126	0.96877	0.96877			6
2024.07.08	00:37:50.156	0.96876	0.96876			6
2024.07.08	00:37:50.421	0.96878	0.96878			6
2024.07.08	00:37:51.351	0.96875	0.96875			6
2024.07.08	00:37:51.984	0.96877	0.96877			6
2024.07.08	00:37:58.208	0.96876	0.96876			6
2024.07.08	00:38:22.769	0.96879	0.96879			6
2024.07.08	00:38:22.798	0.96877	0.96877			6
2024.07.08	00:38:22.828	0.96878	0.96878			6
2024.07.08	00:38:22.858	0.96879	0.96879			6
2024.07.08	00:38:22.889	0.96878	0.96878			6
2024.07.08	00:38:45.839	0.96877	0.96877			6
2024.07.08	00:38:47.367	0.96878	0.96878			6
2024.07.08	00:38:53.063	0.96879	0.96879			6
2024.07.08	00:38:53.093	0.96881	0.96881			6
2024.07.08	00:38:55.499	0.96882	0.96882			6
2024.07.08	00:38:56.656	0.96883	0.96883			6
2024.07.08	00:39:29.108	0.96884	0.96884			6
2024.07.08	00:39:35.389	0.96883	0.96883			6
2024.07.08	00:39:36.659	0.96884	0.96884			6
2024.07.08	00:39:37.699	0.96883	0.96883			6
2024.07.08	00:40:03.567	0.96894	0.96894			6
2024.07.08	00:40:03.658	0.96895	0.96895			6
2024.07.08	00:40:05.782	0.96891	0.96891			6
2024.07.08	00:40:05.813	0.96892	0.96892			6
2024.07.08	00:40:05.843	0.96891	0.96891			6
2024.07.08	00:40:06.244	0.96890	0.96890			6
2024.07.08	00:40:06.475	0.96892	0.96892			6
2024.07.08	00:40:06.505	0.96890	0.96890			6
2024.07.08	00:40:07.377	0.96892	0.96892			6
2024.07.08	00:40:07.406	0.96891	0.96891			6
2024.07.08	00:40:07.786	0.96890	0.96890			6
2024.07.08	00:40:08.582	0.96891	0.96891			6
2024.07.08	00:40:08.982	0.96890	0.96890			6
2024.07.08	00:40:13.675	0.96891	0.96891			6
2024.07.08	00:40:13.735	0.96894	0.96894			6
2024.07.08	00:40:13.765	0.96890	0.96890			6
2024.07.08	00:40:14.876	0.96891	0.96891			6
2024.07.08	00:40:14.906	0.96890	0.96890			6
2024.07.08	00:40:17.889	0.96891	0.96891			6
2024.07.08	00:40:17.920	0.96890	0.96890			6
2024.07.08	00:40:18.483	0.96892	0.96892			6
2024.07.08	00:40:18.514	0.96890	0.96890			6
2024.07.08	00:40:20.597	0.96889	0.96889			6
2024.07.08	00:40:20.878	0.96891	0.96891			6
2024.07.08	00:40:20.908	0.96892	0.96892			6
2024.07.08	00:40:21.490	0.96890	0.96890			6
2024.07.08	00:40:43.103	0.96887	0.96887			6
2024.07.08	00:40:44.282	0.96888	0.96888			6
2024.07.08	00:40:47.083	0.96891	0.96891			6
2024.07.08	00:40:47.144	0.96889	0.96889			6
2024.07.08	00:40:54.962	0.96890	0.96890			6
2024.07.08	00:40:54.991	0.96886	0.96886			6
2024.07.08	00:41:30.775	0.96887	0.96887			6
2024.07.08	00:41:37.885	0.96885	0.96885			6
2024.07.08	00:41:37.915	0.96886	0.96886			6
2024.07.08	00:41:39.393	0.96887	0.96887			6
2024.07.08	00:41:40.526	0.96886	0.96886			6
2024.07.08	00:42:00.151	0.96892	0.96892			6
2024.07.08	00:42:00.241	0.96893	0.96893			6
2024.07.08	00:42:00.273	0.96892	0.96892			6
2024.07.08	00:42:00.303	0.96895	0.96895			6
2024.07.08	00:42:00.512	0.96899	0.96899			6
2024.07.08	00:42:00.543	0.96896	0.96896			6
2024.07.08	00:42:01.798	0.96897	0.96897			6
2024.07.08	00:42:02.352	0.96902	0.96902			6
2024.07.08	00:42:02.787	0.96901	0.96901			6
2024.07.08	00:42:03.157	0.96902	0.96902			6
2024.07.08	00:42:04.113	0.96901	0.96901			6
2024.07.08	00:42:04.790	0.96902	0.96902			6
2024.07.08	00:42:04.820	0.96899	0.96899			6
2024.07.08	00:42:13.928	0.96897	0.96897			6
2024.07.08	00:42:26.151	0.96921	0.96921			6
2024.07.08	00:42:26.475	0.96919	0.96919			6
2024.07.08	00:42:26.908	0.96924	0.96924			6
2024.07.08	00:42:26.936	0.96926	0.96926			6
2024.07.08	00:42:26.970	0.96922	0.96922			6
2024.07.08	00:42:27.000	0.96925	0.96925			6
2024.07.08	00:42:28.151	0.96922	0.96922			6
2024.07.08	00:42:28.180	0.96928	0.96928			6
2024.07.08	00:42:28.241	0.96925	0.96925			6
2024.07.08	00:42:28.753	0.96923	0.96923			6
2024.07.08	00:42:28.814	0.96922	0.96922			6
2024.07.08	00:42:30.014	0.96923	0.96923			6
2024.07.08	00:42:30.973	0.96921	0.96921			6
2024.07.08	00:42:31.003	0.96920	0.96920			6
2024.07.08	00:42:31.034	0.96921	0.96921			6
2024.07.08	00:42:31.063	0.96920	0.96920			6
2024.07.08	00:42:31.093	0.96921	0.96921			6
2024.07.08	00:42:31.125	0.96919	0.96919			6
2024.07.08	00:42:31.499	0.96918	0.96918			6
2024.07.08	00:42:34.342	0.96919	0.96919			6
2024.07.08	00:42:34.628	0.96918	0.96918			6
2024.07.08	00:42:36.507	0.96928	0.96928			6
2024.07.08	00:42:37.093	0.96922	0.96922			6
2024.07.08	00:42:37.123	0.96928	0.96928			6
2024.07.08	00:42:39.328	0.96927	0.96927			6
2024.07.08	00:42:40.697	0.96926	0.96926			6
2024.07.08	00:42:41.188	0.96927	0.96927			6
2024.07.08	00:42:44.947	0.96926	0.96926			6
2024.07.08	00:42:51.852	0.96920	0.96920			6
2024.07.08	00:42:52.211	0.96921	0.96921			6
2024.07.08	00:42:53.033	0.96922	0.96922			6
2024.07.08	00:42:53.063	0.96928	0.96928			6
2024.07.08	00:42:53.092	0.96926	0.96926			6
2024.07.08	00:42:53.122	0.96928	0.96928			6
2024.07.08	00:42:53.183	0.96925	0.96925			6
2024.07.08	00:42:53.213	0.96928	0.96928			6
2024.07.08	00:43:01.412	0.96927	0.96927			6
2024.07.08	00:43:03.530	0.96925	0.96925			6
2024.07.08	00:43:03.649	0.96921	0.96921			6
2024.07.08	00:43:03.680	0.96924	0.96924			6
2024.07.08	00:43:03.711	0.96922	0.96922			6
2024.07.08	00:43:03.740	0.96925	0.96925			6
2024.07.08	00:43:03.948	0.96922	0.96922			6
2024.07.08	00:43:07.096	0.96912	0.96912			6
2024.07.08	00:43:08.030	0.96920	0.96920			6
2024.07.08	00:43:08.899	0.96911	0.96911			6
2024.07.08	00:43:08.928	0.96912	0.96912			6
2024.07.08	00:43:09.170	0.96921	0.96921			6
2024.07.08	00:43:09.593	0.96917	0.96917			6
2024.07.08	00:43:09.684	0.96921	0.96921			6
2024.07.08	00:43:09.743	0.96913	0.96913			6
2024.07.08	00:43:11.790	0.96914	0.96914			6
2024.07.08	00:43:14.195	0.96915	0.96915			6
2024.07.08	00:43:16.390	0.96916	0.96916			6
2024.07.08	00:43:16.868	0.96915	0.96915			6
2024.07.08	00:43:19.106	0.96914	0.96914			6
2024.07.08	00:43:19.165	0.96915	0.96915			6
2024.07.08	00:43:19.583	0.96916	0.96916			6
2024.07.08	00:43:25.560	0.96915	0.96915			6
2024.07.08	00:43:26.972	0.96914	0.96914			6
2024.07.08	00:43:30.184	0.96913	0.96913			6
2024.07.08	00:43:35.689	0.96912	0.96912			6
2024.07.08	00:43:37.347	0.96913	0.96913			6
2024.07.08	00:43:37.377	0.96911	0.96911			6
2024.07.08	00:43:37.406	0.96912	0.96912			6
2024.07.08	00:43:37.437	0.96913	0.96913			6
2024.07.08	00:43:37.467	0.96915	0.96915			6
2024.07.08	00:43:37.496	0.96916	0.96916			6
2024.07.08	00:43:37.556	0.96914	0.96914			6
2024.07.08	00:43:38.560	0.96912	0.96912			6
2024.07.08	00:43:42.672	0.96913	0.96913			6
2024.07.08	00:43:43.812	0.96914	0.96914			6
2024.07.08	00:43:46.690	0.96913	0.96913			6
2024.07.08	00:43:46.779	0.96912	0.96912			6
2024.07.08	00:43:54.773	0.96911	0.96911			6
2024.07.08	00:43:56.565	0.96912	0.96912			6
2024.07.08	00:43:56.595	0.96911	0.96911			6
2024.07.08	00:43:58.659	0.96912	0.96912			6
2024.07.08	00:43:58.810	0.96911	0.96911			6
2024.07.08	00:43:59.863	0.96912	0.96912			6
2024.07.08	00:43:59.924	0.96911	0.96911			6
2024.07.08	00:43:59.954	0.96912	0.96912			6
2024.07.08	00:43:59.984	0.96913	0.96913			6
2024.07.08	00:44:00.044	0.96914	0.96914			6
2024.07.08	00:44:04.258	0.96913	0.96913			6
2024.07.08	00:44:04.288	0.96914	0.96914			6
2024.07.08	00:44:04.587	0.96913	0.96913			6
2024.07.08	00:44:04.618	0.96914	0.96914			6
2024.07.08	00:44:05.892	0.96913	0.96913			6
2024.07.08	00:44:05.921	0.96914	0.96914			6
2024.07.08	00:44:05.952	0.96913	0.96913			6
2024.07.08	00:44:05.981	0.96914	0.96914			6
2024.07.08	00:44:12.175	0.96913	0.96913			6
2024.07.08	00:44:12.266	0.96912	0.96912			6
2024.07.08	00:44:15.619	0.96911	0.96911			6
2024.07.08	00:44:15.650	0.96912	0.96912			6
2024.07.08	00:44:15.740	0.96911	0.96911			6
2024.07.08	00:44:15.771	0.96913	0.96913			6
2024.07.08	00:44:16.975	0.96912	0.96912			6
2024.07.08	00:44:18.606	0.96913	0.96913			6
2024.07.08	00:44:19.620	0.96912	0.96912			6
2024.07.08	00:44:19.710	0.96911	0.96911			6
2024.07.08	00:44:19.741	0.96912	0.96912			6
2024.07.08	00:44:20.111	0.96911	0.96911			6
2024.07.08	00:44:21.513	0.96912	0.96912			6
2024.07.08	00:44:21.904	0.96918	0.96918			6
2024.07.08	00:44:23.983	0.96919	0.96919			6
2024.07.08	00:44:27.846	0.96918	0.96918			6
2024.07.08	00:44:32.751	0.96919	0.96919			6
2024.07.08	00:44:43.492	0.96918	0.96918			6
2024.07.08	00:44:44.521	0.96919	0.96919			6
2024.07.08	00:44:44.731	0.96920	0.96920			6
2024.07.08	00:44:44.761	0.96919	0.96919			6
2024.07.08	00:44:57.104	0.96920	0.96920			6
2024.07.08	00:44:57.164	0.96919	0.96919			6
2024.07.08	00:44:57.193	0.96920	0.96920			6
2024.07.08	00:44:58.389	0.96919	0.96919			6
2024.07.08	00:44:59.497	0.96920	0.96920			6
2024.07.08	00:44:59.998	0.96919	0.96919			6
2024.07.08	00:45:00.315	0.96919				2
2024.07.08	00:45:00.565	0.96920	0.96920			6
2024.07.08	00:45:00.655	0.96919	0.96919			6
2024.07.08	00:45:01.451	0.96918	0.96918			6
2024.07.08	00:45:01.520	0.96920	0.96920			6
2024.07.08	00:45:01.773	0.96922	0.96922			6
2024.07.08	00:45:06.687	0.96921	0.96921			6
2024.07.08	00:45:10.374	0.96920	0.96920			6
2024.07.08	00:45:11.588	0.96922	0.96922			6
2024.07.08	00:45:16.017	0.96921	0.96921			6
2024.07.08	00:45:16.077	0.96922	0.96922			6
2024.07.08	00:45:17.788	0.96921	0.96921			6
2024.07.08	00:45:17.847	0.96922	0.96922			6
2024.07.08	00:45:20.386	0.96921	0.96921			6
2024.07.08	00:45:20.568	0.96922	0.96922			6
2024.07.08	00:45:21.962	0.96921	0.96921			6
2024.07.08	00:45:22.688	0.96923	0.96923			6
2024.07.08	00:45:25.480	0.96924	0.96924			6
2024.07.08	00:45:30.073	0.96922	0.96922			6
2024.07.08	00:45:30.101	0.96923	0.96923			6
2024.07.08	00:45:34.803	0.96922	0.96922			6
2024.07.08	00:45:37.205	0.96921	0.96921			6
2024.07.08	00:45:51.516	0.96920	0.96920			6
2024.07.08	00:45:52.051	0.96921	0.96921			6
2024.07.08	00:45:52.327	0.96920	0.96920			6
2024.07.08	00:45:52.794	0.96921	0.96921			6
2024.07.08	00:45:56.762	0.96925	0.96925			6
2024.07.08	00:45:56.793	0.96926	0.96926			6
2024.07.08	00:45:56.823	0.96922	0.96922			6
2024.07.08	00:46:00.297	0.96921	0.96921			6
2024.07.08	00:46:00.358	0.96922	0.96922			6
2024.07.08	00:46:00.386	0.96921	0.96921			6
2024.07.08	00:46:03.000	0.96920	0.96920			6
2024.07.08	00:46:03.651	0.96921	0.96921			6
2024.07.08	00:46:03.681	0.96920	0.96920			6
2024.07.08	00:46:03.741	0.96919	0.96919			6
2024.07.08	00:46:05.111	0.96920	0.96920			6
2024.07.08	00:46:07.683	0.96917	0.96917			6
2024.07.08	00:46:07.713	0.96920	0.96920			6
2024.07.08	00:46:07.742	0.96919	0.96919			6
2024.07.08	00:46:07.772	0.96920	0.96920			6
2024.07.08	00:46:07.832	0.96921	0.96921			6
2024.07.08	00:46:07.953	0.96919	0.96919			6
2024.07.08	00:46:09.168	0.96920	0.96920			6
2024.07.08	00:46:10.783	0.96921	0.96921			6
2024.07.08	00:46:12.659	0.96920	0.96920			6
2024.07.08	00:46:16.458	0.96919	0.96919			6
2024.07.08	00:46:16.488	0.96920	0.96920			6
2024.07.08	00:46:24.378	0.96918	0.96918			6
2024.07.08	00:46:25.160	0.96919	0.96919			6
2024.07.08	00:46:26.583	0.96917	0.96917			6
2024.07.08	00:46:26.642	0.96918	0.96918			6
2024.07.08	00:46:26.673	0.96917	0.96917			6
2024.07.08	00:46:28.713	0.96916	0.96916			6
2024.07.08	00:46:31.923	0.96914	0.96914			6
2024.07.08	00:46:31.953	0.96913	0.96913			6
2024.07.08	00:46:32.014	0.96917	0.96917			6
2024.07.08	00:46:32.043	0.96912	0.96912			6
2024.07.08	00:46:32.074	0.96913	0.96913			6
2024.07.08	00:46:32.103	0.96914	0.96914			6
2024.07.08	00:46:32.133	0.96916	0.96916			6
2024.07.08	00:46:32.163	0.96906	0.96906			6
2024.07.08	00:46:32.253	0.96903	0.96903			6
2024.07.08	00:46:32.373	0.96902	0.96902			6
2024.07.08	00:46:36.979	0.96903	0.96903			6
2024.07.08	00:46:37.644	0.96904	0.96904			6
2024.07.08	00:46:39.636	0.96902	0.96902			6
2024.07.08	00:46:41.008	0.96911	0.96911			6
2024.07.08	00:46:41.040	0.96913	0.96913			6
2024.07.08	00:46:41.070	0.96912	0.96912			6
2024.07.08	00:46:41.098	0.96915	0.96915			6
2024.07.08	00:46:41.129	0.96916	0.96916			6
2024.07.08	00:46:41.159	0.96917	0.96917			6
2024.07.08	00:46:41.869	0.96918	0.96918			6
2024.07.08	00:46:49.079	0.96917	0.96917			6
2024.07.08	00:46:54.196	0.96920	0.96920			6
2024.07.08	00:46:54.255	0.96922	0.96922			6
2024.07.08	00:46:54.286	0.96919	0.96919			6
2024.07.08	00:46:54.345	0.96918	0.96918			6
2024.07.08	00:46:54.556	0.96919	0.96919			6
2024.07.08	00:46:54.587	0.96918	0.96918			6
2024.07.08	00:46:56.098	0.96919	0.96919			6
2024.07.08	00:46:56.129	0.96918	0.96918			6
2024.07.08	00:46:57.145	0.96920	0.96920			6
2024.07.08	00:46:57.173	0.96918	0.96918			6
2024.07.08	00:46:57.745	0.96924	0.96924			6
2024.07.08	00:46:58.020	0.96925	0.96925			6
2024.07.08	00:46:58.051	0.96924	0.96924			6
2024.07.08	00:47:00.321	0.96923	0.96923			6
2024.07.08	00:47:02.484	0.96924	0.96924			6
2024.07.08	00:47:02.515	0.96923	0.96923			6
2024.07.08	00:47:02.574	0.96922	0.96922			6
2024.07.08	00:47:03.447	0.96924	0.96924			6
2024.07.08	00:47:03.477	0.96923	0.96923			6
2024.07.08	00:47:03.537	0.96922	0.96922			6
2024.07.08	00:47:08.553	0.96924	0.96924			6
2024.07.08	00:47:08.584	0.96922	0.96922			6
2024.07.08	00:47:09.278	0.96924	0.96924			6
2024.07.08	00:47:09.307	0.96922	0.96922			6
2024.07.08	00:47:09.643	0.96920	0.96920			6
2024.07.08	00:47:09.672	0.96918	0.96918			6
2024.07.08	00:47:28.221	0.96919	0.96919			6
2024.07.08	00:47:31.971	0.96918	0.96918			6
2024.07.08	00:47:44.866	0.96922	0.96922			6
2024.07.08	00:48:55.963	0.96935	0.96935			6
2024.07.08	00:49:27.906	0.96929	0.96929			6
2024.07.08	00:49:39.986	0.96920	0.96920			6
2024.07.08	00:49:41.280	0.96933	0.96933			6
2024.07.08	00:49:41.606	0.96935	0.96935			6
2024.07.08	00:50:09.486	0.96933	0.96933			6
2024.07.08	00:50:16.802	0.96931	0.96931			6
2024.07.08	00:50:16.862	0.96932	0.96932			6
2024.07.08	00:50:18.163	0.96928	0.96928			6
2024.07.08	00:50:18.194	0.96926	0.96926			6
2024.07.08	00:50:18.658	0.96925	0.96925			6
2024.07.08	00:50:19.106	0.96926	0.96926			6
2024.07.08	00:50:21.586	0.96928	0.96928			6
2024.07.08	00:50:21.616	0.96927	0.96927			6
2024.07.08	00:50:26.232	0.96928	0.96928			6
2024.07.08	00:50:28.895	0.96927	0.96927			6
2024.07.08	00:50:31.180	0.96928	0.96928			6
2024.07.08	00:50:36.405	0.96927	0.96927			6
2024.07.08	00:50:53.891	0.96925	0.96925			6
2024.07.08	00:50:55.784	0.96926	0.96926			6
2024.07.08	00:51:00.308	0.96925	0.96925			6
2024.07.08	00:51:06.593	0.96927	0.96927			6
2024.07.08	00:51:06.657	0.96925	0.96925			6
2024.07.08	00:51:09.962	0.96923	0.96923			6
2024.07.08	00:51:15.717	0.96922	0.96922			6
2024.07.08	00:51:18.964	0.96921	0.96921			6
2024.07.08	00:51:18.996	0.96920	0.96920			6
2024.07.08	00:51:25.285	0.96919	0.96919			6
2024.07.08	00:51:27.653	0.96921	0.96921			6
2024.07.08	00:51:27.740	0.96922	0.96922			6
2024.07.08	00:51:31.883	0.96918	0.96918			6
2024.07.08	00:51:31.913	0.96919	0.96919			6
2024.07.08	00:51:36.409	0.96920	0.96920			6
2024.07.08	00:51:39.982	0.96919	0.96919			6
2024.07.08	00:51:40.637	0.96905	0.96905			6
2024.07.08	00:51:47.122	0.96907	0.96907			6
2024.07.08	00:51:47.211	0.96906	0.96906			6
2024.07.08	00:51:50.686	0.96905	0.96905			6
2024.07.08	00:51:52.219	0.96906	0.96906			6
2024.07.08	00:51:57.415	0.96909	0.96909			6
2024.07.08	00:51:58.255	0.96908	0.96908			6
2024.07.08	00:51:58.779	0.96907	0.96907			6
2024.07.08	00:52:04.724	0.96908	0.96908			6
2024.07.08	00:52:07.205	0.96907	0.96907			6
2024.07.08	00:52:32.395	0.96906	0.96906			6
2024.07.08	00:52:56.103	0.96905	0.96905			6
2024.07.08	00:52:57.799	0.96908	0.96908			6
2024.07.08	00:53:11.557	0.96909	0.96909			6
2024.07.08	00:53:18.356	0.96908	0.96908			6
2024.07.08	00:53:21.186	0.96910	0.96910			6
2024.07.08	00:53:23.174	0.96909	0.96909			6
2024.07.08	00:53:23.264	0.96910	0.96910			6
2024.07.08	00:53:23.294	0.96908	0.96908			6
2024.07.08	00:53:24.829	0.96915	0.96915			6
2024.07.08	00:53:27.442	0.96916	0.96916			6
2024.07.08	00:53:27.472	0.96915	0.96915			6
2024.07.08	00:53:27.503	0.96916	0.96916			6
2024.07.08	00:53:27.533	0.96915	0.96915			6
2024.07.08	00:53:40.459	0.96922	0.96922			6
2024.07.08	00:53:40.549	0.96923	0.96923			6
2024.07.08	00:53:40.609	0.96924	0.96924			6
2024.07.08	00:53:42.984	0.96923	0.96923			6
2024.07.08	00:53:46.188	0.96922	0.96922			6
2024.07.08	00:53:51.606	0.96917	0.96917			6
2024.07.08	00:53:51.666	0.96918	0.96918			6
2024.07.08	00:53:51.725	0.96917	0.96917			6
2024.07.08	00:53:52.708	0.96918	0.96918			6
2024.07.08	00:53:58.161	0.96923	0.96923			6
2024.07.08	00:54:01.860	0.96925	0.96925			6
2024.07.08	00:54:08.655	0.96926	0.96926			6
2024.07.08	00:55:06.189	0.96924	0.96924			6
2024.07.08	00:55:08.654	0.96926	0.96926			6
2024.07.08	00:55:09.019	0.96927	0.96927			6
2024.07.08	00:55:09.478	0.96923	0.96923			6
2024.07.08	00:55:09.569	0.96918	0.96918			6
2024.07.08	00:55:09.599	0.96920	0.96920			6
2024.07.08	00:55:09.629	0.96918	0.96918			6
2024.07.08	00:55:12.606	0.96919	0.96919			6
2024.07.08	00:55:24.664	0.96922	0.96922			6
2024.07.08	00:55:24.716	0.96919	0.96919			6
2024.07.08	00:55:43.945	0.96918	0.96918			6
2024.07.08	00:56:36.797	0.96917	0.96917			6
2024.07.08	00:56:39.701	0.96904	0.96904			6
2024.07.08	00:57:12.796	0.96902	0.96902			6
2024.07.08	00:57:12.826	0.96903	0.96903			6
2024.07.08	00:57:12.885	0.96900	0.96900			6
2024.07.08	00:57:15.712	0.96901	0.96901			6
2024.07.08	00:57:16.837	0.96905	0.96905			6
2024.07.08	00:57:22.911	0.96904	0.96904			6
2024.07.08	00:57:23.069	0.96905	0.96905			6
2024.07.08	00:57:24.778	0.96908	0.96908			6
2024.07.08	00:57:24.837	0.96909	0.96909			6
2024.07.08	00:57:24.897	0.96910	0.96910			6
2024.07.08	00:57:26.380	0.96909	0.96909			6
2024.07.08	00:57:26.962	0.96910	0.96910			6
2024.07.08	00:57:27.090	0.96909	0.96909			6
2024.07.08	00:57:27.965	0.96910	0.96910			6
2024.07.08	00:57:28.053	0.96909	0.96909			6
2024.07.08	00:57:33.635	0.96906	0.96906			6
2024.07.08	00:57:34.177	0.96905	0.96905			6
2024.07.08	00:57:35.210	0.96906	0.96906			6
2024.07.08	00:57:35.240	0.96907	0.96907			6
2024.07.08	00:57:43.782	0.96906	0.96906			6
2024.07.08	00:57:43.968	0.96904	0.96904			6
2024.07.08	00:57:47.749	0.96903	0.96903			6
2024.07.08	00:57:54.363	0.96900	0.96900			6
2024.07.08	00:58:00.245	0.96907	0.96907			6
2024.07.08	00:58:00.307	0.96906	0.96906			6
2024.07.08	00:58:00.337	0.96905	0.96905			6
2024.07.08	00:58:11.888	0.96904	0.96904			6
2024.07.08	00:59:07.543	0.96905	0.96905			6
2024.07.08	00:59:08.378	0.96908	0.96908			6
2024.07.08	00:59:09.350	0.96906	0.96906			6
2024.07.08	00:59:12.303	0.96905	0.96905			6
2024.07.08	00:59:17.265	0.96906	0.96906			6
2024.07.08	00:59:17.295	0.96908	0.96908			6
2024.07.08	00:59:18.280	0.96907	0.96907			6
2024.07.08	00:59:23.279	0.96908	0.96908			6
2024.07.08	00:59:25.940	0.96907	0.96907			6
2024.07.08	00:59:26.231	0.96908	0.96908			6
2024.07.08	00:59:30.729	0.96911	0.96911			6
2024.07.08	00:59:32.142	0.96910	0.96910			6
2024.07.08	00:59:33.596	0.96909	0.96909			6
2024.07.08	00:59:37.722	0.96908	0.96908			6
2024.07.08	00:59:37.753	0.96909	0.96909			6
2024.07.08	00:59:37.941	0.96908	0.96908			6
2024.07.08	00:59:53.703	0.96902	0.96902			6
2024.07.08	00:59:53.764	0.96909	0.96909			6
2024.07.08	00:59:53.794	0.96902	0.96902			6
2024.07.08	00:59:53.824	0.96910	0.96910			6
2024.07.08	01:00:00.017	0.96909	0.96909			6
2024.07.08	01:00:00.140	0.96908	0.96908			6
2024.07.08	01:00:00.171	0.96909	0.96909			6
2024.07.08	01:00:00.199	0.96908	0.96908			6
2024.07.08	01:00:00.230	0.96907	0.96907			6
2024.07.08	01:00:00.261	0.96905	0.96905			6
2024.07.08	01:00:00.319	0.96902	0.96902			6
2024.07.08	01:00:00.379	0.96901	0.96901			6
2024.07.08	01:00:00.409	0.96902	0.96902			6
2024.07.08	01:00:00.621	0.96900	0.96900			6
2024.07.08	01:00:00.770	0.96903	0.96903			6
2024.07.08	01:00:01.012	0.96902	0.96902			6
2024.07.08	01:00:01.042	0.96904	0.96904			6
2024.07.08	01:00:01.075	0.96902	0.96902			6
2024.07.08	01:00:01.221	0.96904	0.96904			6
2024.07.08	01:00:01.251	0.96905	0.96905			6
2024.07.08	01:00:01.340	0.96902	0.96902			6
2024.07.08	01:00:01.460	0.96903	0.96903			6
2024.07.08	01:00:01.550	0.96904	0.96904			6
2024.07.08	01:00:01.580	0.96903	0.96903			6
2024.07.08	01:00:01.641	0.96905	0.96905			6
2024.07.08	01:00:01.671	0.96904	0.96904			6
2024.07.08	01:00:01.700	0.96900	0.96900			6
2024.07.08	01:00:01.731	0.96901	0.96901			6
2024.07.08	01:00:01.791	0.96902	0.96902			6
2024.07.08	01:00:01.822	0.96904	0.96904			6
2024.07.08	01:00:02.093	0.96903	0.96903			6
2024.07.08	01:00:02.121	0.96904	0.96904			6
2024.07.08	01:00:03.872	0.96905	0.96905			6
2024.07.08	01:00:03.903	0.96904	0.96904			6
2024.07.08	01:00:04.171	0.96905	0.96905			6
2024.07.08	01:00:04.448	0.96904	0.96904			6
2024.07.08	01:00:05.741	0.96905	0.96905			6
2024.07.08	01:00:07.462	0.96904	0.96904			6
2024.07.08	01:00:10.290	0.96905	0.96905			6
2024.07.08	01:00:10.469	0.96904	0.96904			6
2024.07.08	01:00:10.707	0.96903	0.96903			6
2024.07.08	01:00:11.426	0.96901	0.96901			6
2024.07.08	01:00:11.547	0.96902	0.96902			6
2024.07.08	01:00:11.576	0.96904	0.96904			6
2024.07.08	01:00:11.637	0.96905	0.96905			6
2024.07.08	01:00:11.667	0.96904	0.96904			6
2024.07.08	01:00:11.758	0.96905	0.96905			6
2024.07.08	01:00:11.788	0.96904	0.96904			6
2024.07.08	01:00:11.817	0.96903	0.96903			6
2024.07.08	01:00:11.847	0.96904	0.96904			6
2024.07.08	01:00:11.937	0.96903	0.96903			6
2024.07.08	01:00:12.027	0.96902	0.96902			6
2024.07.08	01:00:12.119	0.96903	0.96903			6
2024.07.08	01:00:12.149	0.96902	0.96902			6
2024.07.08	01:00:12.933	0.96905	0.96905			6
2024.07.08	01:00:12.963	0.96904	0.96904			6
2024.07.08	01:00:13.595	0.96903	0.96903			6
2024.07.08	01:00:13.958	0.96902	0.96902			6
2024.07.08	01:00:14.542	0.96903	0.96903			6
2024.07.08	01:00:14.692	0.96904	0.96904			6
2024.07.08	01:00:15.706	0.96903	0.96903			6
2024.07.08	01:00:15.886	0.96904	0.96904			6
2024.07.08	01:00:15.977	0.96908	0.96908			6
2024.07.08	01:00:16.038	0.96909	0.96909			6
2024.07.08	01:00:16.066	0.96910	0.96910			6
2024.07.08	01:00:16.097	0.96905	0.96905			6
2024.07.08	01:00:16.127	0.96906	0.96906			6
2024.07.08	01:00:16.156	0.96905	0.96905			6
2024.07.08	01:00:16.187	0.96906	0.96906			6
2024.07.08	01:00:16.216	0.96907	0.96907			6
2024.07.08	01:00:16.246	0.96911	0.96911			6
2024.07.08	01:00:16.276	0.96910	0.96910			6
2024.07.08	01:00:16.367	0.96911	0.96911			6
2024.07.08	01:00:16.428	0.96906	0.96906			6
2024.07.08	01:00:16.456	0.96910	0.96910			6
2024.07.08	01:00:16.515	0.96911	0.96911			6
2024.07.08	01:00:16.546	0.96910	0.96910			6
2024.07.08	01:00:16.575	0.96908	0.96908			6
2024.07.08	01:00:16.667	0.96910	0.96910			6
2024.07.08	01:00:16.938	0.96909	0.96909			6
2024.07.08	01:00:17.072	0.96908	0.96908			6
2024.07.08	01:00:17.102	0.96909	0.96909			6
2024.07.08	01:00:17.281	0.96908	0.96908			6
2024.07.08	01:00:18.064	0.96907	0.96907			6
2024.07.08	01:00:18.982	0.96906	0.96906			6
2024.07.08	01:00:19.102	0.96905	0.96905			6
2024.07.08	01:00:19.679	0.96907	0.96907			6
2024.07.08	01:00:20.553	0.96911	0.96911			6
2024.07.08	01:00:20.855	0.96913	0.96913			6
2024.07.08	01:00:21.612	0.96912	0.96912			6
2024.07.08	01:00:21.703	0.96913	0.96913			6
2024.07.08	01:00:22.005	0.96914	0.96914			6
2024.07.08	01:00:22.065	0.96908	0.96908			6
2024.07.08	01:00:22.125	0.96914	0.96914			6
2024.07.08	01:00:22.155	0.96913	0.96913			6
2024.07.08	01:00:22.216	0.96908	0.96908			6
2024.07.08	01:00:22.276	0.96912	0.96912			6
2024.07.08	01:00:22.815	0.96935	0.96935			6
2024.07.08	01:00:22.996	0.96930	0.96930			6
2024.07.08	01:00:23.055	0.96931	0.96931			6
2024.07.08	01:00:23.086	0.96930	0.96930			6
2024.07.08	01:00:23.115	0.96929	0.96929			6
2024.07.08	01:00:23.145	0.96928	0.96928			6
2024.07.08	01:00:23.175	0.96927	0.96927			6
2024.07.08	01:00:23.205	0.96928	0.96928			6
2024.07.08	01:00:23.265	0.96927	0.96927			6
2024.07.08	01:00:23.355	0.96928	0.96928			6
2024.07.08	01:00:23.686	0.96929	0.96929			6
2024.07.08	01:00:23.717	0.96928	0.96928			6
2024.07.08	01:00:23.746	0.96929	0.96929			6
2024.07.08	01:00:25.559	0.96928	0.96928			6
2024.07.08	01:00:27.517	0.96930	0.96930			6
2024.07.08	01:00:27.577	0.96931	0.96931			6
2024.07.08	01:00:27.607	0.96930	0.96930			6
2024.07.08	01:00:27.665	0.96931	0.96931			6
2024.07.08	01:00:27.695	0.96930	0.96930			6
2024.07.08	01:00:27.937	0.96931	0.96931			6
2024.07.08	01:00:29.883	0.96932	0.96932			6
2024.07.08	01:00:30.276	0.96931	0.96931			6
2024.07.08	01:00:30.305	0.96930	0.96930			6
2024.07.08	01:00:31.311	0.96929	0.96929			6
2024.07.08	01:00:32.423	0.96921	0.96921			6
2024.07.08	01:00:32.452	0.96920	0.96920			6
2024.07.08	01:00:32.481	0.96929	0.96929			6
2024.07.08	01:00:32.512	0.96920	0.96920			6
2024.07.08	01:00:32.543	0.96922	0.96922			6
2024.07.08	01:00:32.661	0.96919	0.96919			6
2024.07.08	01:00:32.721	0.96917	0.96917			6
2024.07.08	01:00:32.750	0.96918	0.96918			6
2024.07.08	01:00:32.961	0.96917	0.96917			6
2024.07.08	01:00:32.991	0.96918	0.96918			6
2024.07.08	01:00:33.731	0.96917	0.96917			6
2024.07.08	01:00:34.211	0.96918	0.96918			6
2024.07.08	01:00:35.244	0.96919	0.96919			6
2024.07.08	01:00:35.303	0.96920	0.96920			6
2024.07.08	01:00:35.916	0.96919	0.96919			6
2024.07.08	01:00:36.186	0.96920	0.96920			6
2024.07.08	01:00:37.530	0.96921	0.96921			6
2024.07.08	01:00:37.590	0.96922	0.96922			6
2024.07.08	01:00:37.620	0.96921	0.96921			6
2024.07.08	01:00:37.651	0.96918	0.96918			6
2024.07.08	01:00:37.772	0.96919	0.96919			6
2024.07.08	01:00:40.756	0.96916	0.96916			6
2024.07.08	01:00:40.784	0.96915	0.96915			6
2024.07.08	01:00:41.449	0.96914	0.96914			6
2024.07.08	01:00:41.507	0.96913	0.96913			6
2024.07.08	01:00:42.086	0.96916	0.96916			6
2024.07.08	01:00:42.116	0.96914	0.96914			6
2024.07.08	01:00:42.178	0.96913	0.96913			6
2024.07.08	01:00:42.327	0.96912	0.96912			6
2024.07.08	01:00:43.017	0.96911	0.96911			6
2024.07.08	01:00:43.078	0.96910	0.96910			6
2024.07.08	01:00:43.468	0.96907	0.96907			6
2024.07.08	01:00:43.527	0.96905	0.96905			6
2024.07.08	01:00:43.558	0.96907	0.96907			6
2024.07.08	01:00:43.710	0.96905	0.96905			6
2024.07.08	01:00:44.564	0.96906	0.96906			6
2024.07.08	01:00:45.173	0.96910	0.96910			6
2024.07.08	01:00:45.592	0.96911	0.96911			6
2024.07.08	01:00:46.224	0.96917	0.96917			6
2024.07.08	01:00:46.285	0.96918	0.96918			6
2024.07.08	01:00:48.741	0.96911	0.96911			6
2024.07.08	01:00:48.770	0.96912	0.96912			6
2024.07.08	01:00:50.653	0.96910	0.96910			6
2024.07.08	01:00:50.684	0.96911	0.96911			6
2024.07.08	01:00:50.715	0.96913	0.96913			6
2024.07.08	01:00:50.744	0.96922	0.96922			6
2024.07.08	01:00:50.774	0.96921	0.96921			6
2024.07.08	01:00:50.804	0.96920	0.96920			6
2024.07.08	01:00:50.834	0.96918	0.96918			6
2024.07.08	01:00:50.865	0.96919	0.96919			6
2024.07.08	01:00:50.954	0.96921	0.96921			6
2024.07.08	01:00:53.300	0.96920	0.96920			6
2024.07.08	01:00:53.911	0.96921	0.96921			6
2024.07.08	01:00:54.260	0.96918	0.96918			6
2024.07.08	01:00:54.349	0.96921	0.96921			6
2024.07.08	01:00:54.379	0.96920	0.96920			6
2024.07.08	01:00:57.199	0.96906	0.96906			6
2024.07.08	01:00:57.230	0.96905	0.96905			6
2024.07.08	01:00:57.261	0.96906	0.96906			6
2024.07.08	01:00:57.289	0.96907	0.96907			6
2024.07.08	01:00:57.320	0.96906	0.96906			6
2024.07.08	01:00:57.350	0.96904	0.96904			6
2024.07.08	01:00:57.460	0.96902	0.96902			6
2024.07.08	01:00:57.520	0.96903	0.96903			6
2024.07.08	01:00:58.063	0.96908	0.96908			6
2024.07.08	01:01:02.326	0.96904	0.96904			6
2024.07.08	01:01:02.355	0.96896	0.96896			6
2024.07.08	01:01:02.386	0.96895	0.96895			6
2024.07.08	01:01:02.415	0.96896	0.96896			6
2024.07.08	01:01:02.445	0.96895	0.96895			6
2024.07.08	01:01:02.597	0.96896	0.96896			6
2024.07.08	01:01:02.807	0.96895	0.96895			6
2024.07.08	01:01:02.867	0.96897	0.96897			6
2024.07.08	01:01:02.897	0.96908	0.96908			6
2024.07.08	01:01:02.957	0.96901	0.96901			6
2024.07.08	01:01:02.987	0.96904	0.96904			6
2024.07.08	01:01:03.019	0.96901	0.96901			6
2024.07.08	01:01:03.077	0.96902	0.96902			6
2024.07.08	01:01:03.107	0.96901	0.96901			6
2024.07.08	01:01:03.498	0.96904	0.96904			6
2024.07.08	01:01:04.255	0.96906	0.96906			6
2024.07.08	01:01:04.348	0.96905	0.96905			6
2024.07.08	01:01:04.408	0.96910	0.96910			6
2024.07.08	01:01:04.464	0.96909	0.96909			6
2024.07.08	01:01:04.555	0.96907	0.96907			6
2024.07.08	01:01:04.587	0.96910	0.96910			6
2024.07.08	01:01:04.615	0.96906	0.96906			6
2024.07.08	01:01:04.644	0.96907	0.96907			6
2024.07.08	01:01:04.736	0.96908	0.96908			6
2024.07.08	01:01:05.130	0.96909	0.96909			6
2024.07.08	01:01:05.159	0.96907	0.96907			6
2024.07.08	01:01:05.219	0.96909	0.96909			6
2024.07.08	01:01:05.764	0.96907	0.96907			6
2024.07.08	01:01:05.825	0.96905	0.96905			6
2024.07.08	01:01:05.884	0.96904	0.96904			6
2024.07.08	01:01:06.003	0.96905	0.96905			6
2024.07.08	01:01:06.033	0.96904	0.96904			6
2024.07.08	01:01:06.093	0.96905	0.96905			6
2024.07.08	01:01:06.380	0.96904	0.96904			6
2024.07.08	01:01:07.707	0.96906	0.96906			6
2024.07.08	01:01:07.797	0.96904	0.96904			6
2024.07.08	01:01:08.007	0.96907	0.96907			6
2024.07.08	01:01:09.244	0.96910	0.96910			6
2024.07.08	01:01:09.334	0.96911	0.96911			6
2024.07.08	01:01:09.363	0.96906	0.96906			6
2024.07.08	01:01:09.392	0.96908	0.96908			6
2024.07.08	01:01:09.423	0.96907	0.96907			6
2024.07.08	01:01:09.452	0.96906	0.96906			6
2024.07.08	01:01:09.482	0.96907	0.96907			6
2024.07.08	01:01:09.542	0.96906	0.96906			6
2024.07.08	01:01:09.603	0.96905	0.96905			6
2024.07.08	01:01:09.663	0.96909	0.96909			6
2024.07.08	01:01:09.754	0.96907	0.96907			6
2024.07.08	01:01:12.731	0.96908	0.96908			6
2024.07.08	01:01:12.790	0.96907	0.96907			6
2024.07.08	01:01:12.911	0.96901	0.96901			6
2024.07.08	01:01:12.940	0.96900	0.96900			6
2024.07.08	01:01:14.842	0.96901	0.96901			6
2024.07.08	01:01:14.873	0.96902	0.96902			6
2024.07.08	01:01:16.486	0.96903	0.96903			6
2024.07.08	01:01:17.722	0.96902	0.96902			6
2024.07.08	01:01:19.669	0.96906	0.96906			6
2024.07.08	01:01:20.038	0.96907	0.96907			6
2024.07.08	01:01:22.820	0.96906	0.96906			6
2024.07.08	01:01:22.909	0.96903	0.96903			6
2024.07.08	01:01:23.028	0.96905	0.96905			6
2024.07.08	01:01:25.468	0.96906	0.96906			6
2024.07.08	01:01:29.287	0.96907	0.96907			6
2024.07.08	01:01:29.315	0.96908	0.96908			6
2024.07.08	01:01:32.172	0.96907	0.96907			6
2024.07.08	01:01:33.535	0.96908	0.96908			6
2024.07.08	01:01:33.717	0.96914	0.96914			6
2024.07.08	01:01:33.806	0.96913	0.96913			6
2024.07.08	01:01:33.865	0.96912	0.96912			6
2024.07.08	01:01:33.894	0.96911	0.96911			6
2024.07.08	01:01:35.182	0.96914	0.96914			6
2024.07.08	01:01:35.361	0.96915	0.96915			6
2024.07.08	01:01:35.703	0.96914	0.96914			6
2024.07.08	01:01:35.732	0.96915	0.96915			6
2024.07.08	01:01:37.306	0.96916	0.96916			6
2024.07.08	01:01:38.176	0.96915	0.96915			6
2024.07.08	01:01:38.207	0.96916	0.96916			6
2024.07.08	01:01:39.894	0.96917	0.96917			6
2024.07.08	01:01:44.480	0.96924	0.96924			6
2024.07.08	01:01:44.510	0.96926	0.96926			6
2024.07.08	01:01:44.570	0.96927	0.96927			6
2024.07.08	01:01:45.081	0.96928	0.96928			6
2024.07.08	01:01:45.172	0.96927	0.96927			6
2024.07.08	01:01:45.262	0.96928	0.96928			6
2024.07.08	01:01:45.291	0.96929	0.96929			6
2024.07.08	01:01:45.652	0.96928	0.96928			6
2024.07.08	01:01:48.003	0.96925	0.96925			6
2024.07.08	01:01:48.032	0.96922	0.96922			6
2024.07.08	01:01:48.062	0.96926	0.96926			6
2024.07.08	01:01:49.194	0.96927	0.96927			6
2024.07.08	01:01:50.317	0.96926	0.96926			6
2024.07.08	01:01:50.406	0.96924	0.96924			6
2024.07.08	01:01:50.437	0.96922	0.96922			6
2024.07.08	01:01:50.466	0.96921	0.96921			6
2024.07.08	01:01:50.585	0.96920	0.96920			6
2024.07.08	01:01:51.903	0.96921	0.96921			6
2024.07.08	01:01:52.412	0.96920	0.96920			6
2024.07.08	01:01:52.442	0.96919	0.96919			6
2024.07.08	01:01:52.502	0.96920	0.96920			6
2024.07.08	01:01:52.532	0.96919	0.96919			6
2024.07.08	01:01:54.082	0.96918	0.96918			6
2024.07.08	01:01:54.112	0.96917	0.96917			6
2024.07.08	01:01:54.262	0.96916	0.96916			6
2024.07.08	01:01:54.456	0.96917	0.96917			6
2024.07.08	01:01:54.605	0.96916	0.96916			6
2024.07.08	01:01:55.213	0.96917	0.96917			6
2024.07.08	01:01:55.857	0.96915	0.96915			6
2024.07.08	01:01:58.220	0.96913	0.96913			6
2024.07.08	01:01:58.398	0.96911	0.96911			6
2024.07.08	01:01:58.428	0.96910	0.96910			6
2024.07.08	01:01:58.459	0.96909	0.96909			6
2024.07.08	01:01:59.607	0.96910	0.96910			6
2024.07.08	01:02:00.208	0.96909	0.96909			6
2024.07.08	01:02:00.418	0.96914	0.96914			6
2024.07.08	01:02:00.448	0.96912	0.96912			6
2024.07.08	01:02:00.478	0.96911	0.96911			6
2024.07.08	01:02:00.509	0.96910	0.96910			6
2024.07.08	01:02:01.333	0.96909	0.96909			6
2024.07.08	01:02:02.145	0.96910	0.96910			6
2024.07.08	01:02:02.414	0.96909	0.96909			6
2024.07.08	01:02:04.108	0.96908	0.96908			6
2024.07.08	01:02:04.897	0.96905	0.96905			6
2024.07.08	01:02:04.927	0.96906	0.96906			6
2024.07.08	01:02:04.957	0.96905	0.96905			6
2024.07.08	01:02:05.048	0.96903	0.96903			6
2024.07.08	01:02:05.196	0.96902	0.96902			6
2024.07.08	01:02:05.810	0.96901	0.96901			6
2024.07.08	01:02:05.840	0.96900	0.96900			6
2024.07.08	01:02:05.900	0.96901	0.96901			6
2024.07.08	01:02:06.092	0.96900	0.96900			6
2024.07.08	01:02:06.303	0.96898	0.96898			6
2024.07.08	01:02:07.025	0.96900	0.96900			6
2024.07.08	01:02:07.152	0.96903	0.96903			6
2024.07.08	01:02:07.664	0.96904	0.96904			6
2024.07.08	01:02:07.752	0.96905	0.96905			6
2024.07.08	01:02:07.933	0.96903	0.96903			6
2024.07.08	01:02:08.296	0.96904	0.96904			6
2024.07.08	01:02:08.327	0.96902	0.96902			6
2024.07.08	01:02:08.626	0.96903	0.96903			6
2024.07.08	01:02:14.102	0.96904	0.96904			6
2024.07.08	01:02:14.704	0.96902	0.96902			6
2024.07.08	01:02:14.733	0.96900	0.96900			6
2024.07.08	01:02:15.155	0.96898	0.96898			6
2024.07.08	01:02:15.603	0.96897	0.96897			6
2024.07.08	01:02:15.903	0.96896	0.96896			6
2024.07.08	01:02:16.023	0.96897	0.96897			6
2024.07.08	01:02:18.034	0.96896	0.96896			6
2024.07.08	01:02:18.065	0.96897	0.96897			6
2024.07.08	01:02:18.857	0.96896	0.96896			6
2024.07.08	01:02:20.851	0.96897	0.96897			6
2024.07.08	01:02:21.410	0.96896	0.96896			6
2024.07.08	01:02:23.466	0.96897	0.96897			6
2024.07.08	01:02:24.873	0.96896	0.96896			6
2024.07.08	01:02:26.250	0.96897	0.96897			6
2024.07.08	01:02:26.401	0.96898	0.96898			6
2024.07.08	01:02:26.581	0.96899	0.96899			6
2024.07.08	01:02:27.822	0.96898	0.96898			6
2024.07.08	01:02:27.852	0.96897	0.96897			6
2024.07.08	01:02:31.988	0.96900	0.96900			6
2024.07.08	01:02:32.138	0.96907	0.96907			6
2024.07.08	01:02:32.167	0.96908	0.96908			6
2024.07.08	01:02:33.348	0.96907	0.96907			6
2024.07.08	01:02:34.748	0.96906	0.96906			6
2024.07.08	01:02:38.133	0.96907	0.96907			6
2024.07.08	01:02:44.089	0.96906	0.96906			6
2024.07.08	01:02:58.558	0.96905	0.96905			6
2024.07.08	01:02:59.483	0.96906	0.96906			6
2024.07.08	01:03:00.102	0.96911	0.96911			6
2024.07.08	01:03:00.131	0.96916	0.96916			6
2024.07.08	01:03:00.162	0.96915	0.96915			6
2024.07.08	01:03:00.224	0.96917	0.96917			6
2024.07.08	01:03:01.611	0.96920	0.96920			6
2024.07.08	01:03:01.642	0.96918	0.96918			6
2024.07.08	01:03:01.672	0.96913	0.96913			6
2024.07.08	01:03:07.075	0.96914	0.96914			6
2024.07.08	01:03:12.674	0.96911	0.96911			6
2024.07.08	01:03:12.703	0.96907	0.96907			6
2024.07.08	01:03:12.734	0.96908	0.96908			6
2024.07.08	01:03:12.763	0.96907	0.96907			6
2024.07.08	01:03:13.063	0.96909	0.96909			6
2024.07.08	01:03:13.095	0.96908	0.96908			6
2024.07.08	01:03:13.655	0.96907	0.96907			6
2024.07.08	01:03:14.776	0.96905	0.96905			6
2024.07.08	01:03:14.805	0.96904	0.96904			6
2024.07.08	01:03:14.985	0.96903	0.96903			6
2024.07.08	01:03:15.045	0.96902	0.96902			6
2024.07.08	01:03:15.614	0.96901	0.96901			6
2024.07.08	01:03:16.273	0.96902	0.96902			6
2024.07.08	01:03:16.542	0.96901	0.96901			6
2024.07.08	01:03:17.805	0.96899	0.96899			6
2024.07.08	01:03:17.835	0.96898	0.96898			6
2024.07.08	01:03:17.925	0.96899	0.96899			6
2024.07.08	01:03:17.985	0.96900	0.96900			6
2024.07.08	01:03:18.076	0.96899	0.96899			6
2024.07.08	01:03:18.138	0.96900	0.96900			6
2024.07.08	01:03:18.165	0.96899	0.96899			6
2024.07.08	01:03:18.287	0.96901	0.96901			6
2024.07.08	01:03:18.346	0.96905	0.96905			6
2024.07.08	01:03:18.707	0.96904	0.96904			6
2024.07.08	01:03:21.700	0.96903	0.96903			6
2024.07.08	01:03:21.729	0.96902	0.96902			6
2024.07.08	01:03:21.758	0.96900	0.96900			6
2024.07.08	01:03:21.819	0.96899	0.96899			6
2024.07.08	01:03:21.879	0.96900	0.96900			6
2024.07.08	01:03:23.832	0.96901	0.96901			6
2024.07.08	01:03:24.921	0.96900	0.96900			6
2024.07.08	01:03:26.979	0.96901	0.96901			6
2024.07.08	01:03:29.307	0.96900	0.96900			6
2024.07.08	01:03:29.528	0.96901	0.96901			6
2024.07.08	01:03:32.546	0.96902	0.96902			6
2024.07.08	01:03:32.918	0.96903	0.96903			6
2024.07.08	01:03:35.436	0.96906	0.96906			6
2024.07.08	01:03:35.966	0.96905	0.96905			6
2024.07.08	01:03:40.403	0.96904	0.96904			6
2024.07.08	01:03:42.281	0.96905	0.96905			6
2024.07.08	01:03:43.789	0.96904	0.96904			6
2024.07.08	01:03:55.466	0.96905	0.96905			6
2024.07.08	01:04:01.355	0.96907	0.96907			6
2024.07.08	01:04:02.873	0.96909	0.96909			6
2024.07.08	01:04:02.965	0.96908	0.96908			6
2024.07.08	01:04:09.188	0.96910	0.96910			6
2024.07.08	01:04:11.288	0.96911	0.96911			6
2024.07.08	01:04:12.178	0.96912	0.96912			6
2024.07.08	01:04:12.461	0.96911	0.96911			6
2024.07.08	01:04:16.251	0.96910	0.96910			6
2024.07.08	01:04:23.465	0.96915	0.96915			6
2024.07.08	01:04:23.494	0.96916	0.96916			6
2024.07.08	01:04:23.824	0.96917	0.96917			6
2024.07.08	01:04:24.125	0.96918	0.96918			6
2024.07.08	01:04:25.031	0.96917	0.96917			6
2024.07.08	01:04:29.309	0.96918	0.96918			6
2024.07.08	01:04:29.519	0.96920	0.96920			6
2024.07.08	01:04:29.970	0.96921	0.96921			6
2024.07.08	01:04:31.278	0.96919	0.96919			6
2024.07.08	01:04:31.309	0.96918	0.96918			6
2024.07.08	01:04:31.552	0.96916	0.96916			6
2024.07.08	01:04:33.502	0.96917	0.96917			6
2024.07.08	01:04:33.531	0.96916	0.96916			6
2024.07.08	01:04:33.734	0.96921	0.96921			6
2024.07.08	01:04:33.764	0.96919	0.96919			6
2024.07.08	01:04:33.795	0.96931	0.96931			6
2024.07.08	01:04:33.827	0.96934	0.96934			6
2024.07.08	01:04:33.856	0.96938	0.96938			6
2024.07.08	01:04:33.886	0.96941	0.96941			6
2024.07.08	01:04:33.916	0.96939	0.96939			6
2024.07.08	01:04:33.945	0.96938	0.96938			6
2024.07.08	01:04:33.975	0.96937	0.96937			6
2024.07.08	01:04:34.005	0.96938	0.96938			6
2024.07.08	01:04:34.302	0.96939	0.96939			6
2024.07.08	01:04:34.961	0.96938	0.96938			6
2024.07.08	01:04:37.936	0.96943	0.96943			6
2024.07.08	01:04:39.426	0.96944	0.96944			6
2024.07.08	01:04:39.726	0.96945	0.96945			6
2024.07.08	01:04:40.720	0.96946	0.96946			6
2024.07.08	01:04:41.457	0.96947	0.96947			6
2024.07.08	01:04:43.563	0.96946	0.96946			6
2024.07.08	01:04:44.464	0.96947	0.96947			6
2024.07.08	01:04:44.649	0.96946	0.96946			6
2024.07.08	01:04:50.071	0.96947	0.96947			6
2024.07.08	01:04:50.461	0.96946	0.96946			6
2024.07.08	01:04:50.701	0.96947	0.96947			6
2024.07.08	01:04:52.038	0.96948	0.96948			6
2024.07.08	01:04:53.186	0.96947	0.96947			6
2024.07.08	01:04:53.585	0.96948	0.96948			6
2024.07.08	01:04:54.628	0.96947	0.96947			6
2024.07.08	01:04:54.658	0.96948	0.96948			6
2024.07.08	01:04:54.871	0.96946	0.96946			6
2024.07.08	01:04:58.806	0.96949	0.96949			6
2024.07.08	01:04:58.837	0.96946	0.96946			6
2024.07.08	01:05:00.638	0.96945	0.96945			6
2024.07.08	01:05:01.066	0.96946	0.96946			6
2024.07.08	01:05:01.562	0.96945	0.96945			6
2024.07.08	01:05:01.593	0.96943	0.96943			6
2024.07.08	01:05:01.712	0.96942	0.96942			6
2024.07.08	01:05:01.983	0.96945	0.96945			6
2024.07.08	01:05:06.210	0.96946	0.96946			6
2024.07.08	01:05:08.104	0.96945	0.96945			6
2024.07.08	01:05:08.344	0.96946	0.96946			6
2024.07.08	01:05:11.337	0.96944	0.96944			6
2024.07.08	01:05:12.212	0.96943	0.96943			6
2024.07.08	01:05:12.241	0.96945	0.96945			6
2024.07.08	01:05:13.686	0.96948	0.96948			6
2024.07.08	01:05:13.745	0.96945	0.96945			6
2024.07.08	01:05:14.239	0.96946	0.96946			6
2024.07.08	01:05:16.343	0.96945	0.96945			6
2024.07.08	01:05:21.141	0.96946	0.96946			6
2024.07.08	01:05:22.031	0.96947	0.96947			6
2024.07.08	01:05:23.261	0.96946	0.96946			6
2024.07.08	01:05:24.056	0.96948	0.96948			6
2024.07.08	01:05:25.099	0.96949	0.96949			6
2024.07.08	01:05:25.502	0.96947	0.96947			6
2024.07.08	01:05:25.683	0.96948	0.96948			6
2024.07.08	01:05:31.431	0.96949	0.96949			6
2024.07.08	01:05:32.342	0.96950	0.96950			6
2024.07.08	01:05:32.828	0.96948	0.96948			6
2024.07.08	01:05:35.212	0.96944	0.96944			6
2024.07.08	01:05:35.242	0.96945	0.96945			6
2024.07.08	01:05:35.270	0.96944	0.96944			6
2024.07.08	01:05:35.671	0.96945	0.96945			6
2024.07.08	01:05:35.942	0.96946	0.96946			6
2024.07.08	01:05:36.171	0.96944	0.96944			6
2024.07.08	01:05:37.203	0.96945	0.96945			6
2024.07.08	01:05:39.264	0.96944	0.96944			6
2024.07.08	01:05:39.323	0.96942	0.96942			6
2024.07.08	01:05:39.566	0.96944	0.96944			6
2024.07.08	01:05:39.693	0.96941	0.96941			6
2024.07.08	01:05:40.207	0.96942	0.96942			6
2024.07.08	01:05:40.476	0.96941	0.96941			6
2024.07.08	01:05:40.764	0.96942	0.96942			6
2024.07.08	01:05:41.319	0.96945	0.96945			6
2024.07.08	01:05:41.349	0.96944	0.96944			6
2024.07.08	01:05:41.378	0.96942	0.96942			6
2024.07.08	01:05:41.823	0.96941	0.96941			6
2024.07.08	01:05:42.094	0.96946	0.96946			6
2024.07.08	01:05:42.124	0.96947	0.96947			6
2024.07.08	01:05:42.152	0.96948	0.96948			6
2024.07.08	01:05:42.765	0.96947	0.96947			6
2024.07.08	01:05:42.794	0.96948	0.96948			6
2024.07.08	01:05:43.411	0.96952	0.96952			6
2024.07.08	01:05:43.441	0.96948	0.96948			6
2024.07.08	01:05:43.500	0.96951	0.96951			6
2024.07.08	01:05:43.530	0.96950	0.96950			6
2024.07.08	01:05:43.801	0.96948	0.96948			6
2024.07.08	01:05:44.799	0.96947	0.96947			6
2024.07.08	01:05:45.478	0.96950	0.96950			6
2024.07.08	01:05:49.920	0.96949	0.96949			6
2024.07.08	01:05:51.146	0.96951	0.96951			6
2024.07.08	01:05:51.206	0.96950	0.96950			6
2024.07.08	01:05:51.488	0.96949	0.96949			6
2024.07.08	01:05:51.876	0.96950	0.96950			6
2024.07.08	01:06:01.988	0.96951	0.96951			6
2024.07.08	01:06:03.181	0.96952	0.96952			6
2024.07.08	01:06:03.210	0.96953	0.96953			6
2024.07.08	01:06:03.241	0.96952	0.96952			6
2024.07.08	01:06:03.795	0.96953	0.96953			6
2024.07.08	01:06:04.036	0.96952	0.96952			6
2024.07.08	01:06:13.680	0.96951	0.96951			6
2024.07.08	01:06:14.805	0.96952	0.96952			6
2024.07.08	01:06:17.061	0.96953	0.96953			6
2024.07.08	01:06:18.002	0.96952	0.96952			6
2024.07.08	01:06:20.604	0.96953	0.96953			6
2024.07.08	01:06:22.795	0.96952	0.96952			6
2024.07.08	01:06:26.232	0.96954	0.96954			6
2024.07.08	01:06:26.261	0.96952	0.96952			6
2024.07.08	01:06:26.470	0.96953	0.96953			6
2024.07.08	01:06:30.080	0.96951	0.96951			6
2024.07.08	01:06:31.303	0.96952	0.96952			6
2024.07.08	01:06:31.333	0.96954	0.96954			6
2024.07.08	01:06:31.363	0.96953	0.96953			6
2024.07.08	01:06:31.393	0.96952	0.96952			6
2024.07.08	01:06:31.676	0.96958	0.96958			6
2024.07.08	01:06:31.705	0.96957	0.96957			6
2024.07.08	01:06:31.765	0.96956	0.96956			6
2024.07.08	01:06:31.826	0.96948	0.96948			6
2024.07.08	01:06:32.220	0.96949	0.96949			6
2024.07.08	01:06:32.462	0.96948	0.96948			6
2024.07.08	01:06:33.739	0.96947	0.96947			6
2024.07.08	01:06:34.211	0.96951	0.96951			6
2024.07.08	01:06:34.821	0.96947	0.96947			6
2024.07.08	01:06:35.967	0.96950	0.96950			6
2024.07.08	01:06:35.997	0.96948	0.96948			6
2024.07.08	01:06:37.050	0.96949	0.96949			6
2024.07.08	01:06:39.591	0.96948	0.96948			6
2024.07.08	01:06:40.357	0.96951	0.96951			6
2024.07.08	01:06:40.508	0.96948	0.96948			6
2024.07.08	01:06:41.056	0.96949	0.96949			6
2024.07.08	01:06:44.047	0.96948	0.96948			6
2024.07.08	01:06:44.208	0.96949	0.96949			6
2024.07.08	01:06:44.839	0.96950	0.96950			6
2024.07.08	01:06:45.142	0.96949	0.96949			6
2024.07.08	01:06:49.794	0.96951	0.96951			6
2024.07.08	01:06:50.081	0.96952	0.96952			6
2024.07.08	01:06:50.262	0.96950	0.96950			6
2024.07.08	01:06:51.780	0.96951	0.96951			6
2024.07.08	01:06:58.075	0.96952	0.96952			6
2024.07.08	01:07:03.041	0.96950	0.96950			6
2024.07.08	01:07:03.101	0.96949	0.96949			6
2024.07.08	01:07:03.280	0.96950	0.96950			6
2024.07.08	01:07:04.806	0.96953	0.96953			6
2024.07.08	01:07:09.501	0.96950	0.96950			6
2024.07.08	01:07:18.598	0.96949	0.96949			6
2024.07.08	01:07:18.841	0.96950	0.96950			6
2024.07.08	01:07:18.960	0.96951	0.96951			6
2024.07.08	01:07:20.937	0.96952	0.96952			6
2024.07.08	01:07:23.018	0.96951	0.96951			6
2024.07.08	01:07:25.310	0.96952	0.96952			6
2024.07.08	01:07:25.431	0.96953	0.96953			6
2024.07.08	01:07:25.461	0.96951	0.96951			6
2024.07.08	01:07:25.522	0.96950	0.96950			6
2024.07.08	01:07:25.552	0.96951	0.96951			6
2024.07.08	01:07:25.582	0.96950	0.96950			6
2024.07.08	01:07:25.788	0.96951	0.96951			6
2024.07.08	01:07:25.827	0.96952	0.96952			6
2024.07.08	01:07:28.333	0.96953	0.96953			6
2024.07.08	01:07:28.363	0.96952	0.96952			6
2024.07.08	01:07:28.498	0.96953	0.96953			6
2024.07.08	01:07:39.927	0.96951	0.96951			6
2024.07.08	01:07:39.958	0.96950	0.96950			6
2024.07.08	01:07:39.989	0.96948	0.96948			6
2024.07.08	01:07:40.017	0.96951	0.96951			6
2024.07.08	01:07:40.046	0.96949	0.96949			6
2024.07.08	01:07:40.107	0.96950	0.96950			6
2024.07.08	01:07:40.136	0.96949	0.96949			6
2024.07.08	01:07:43.291	0.96950	0.96950			6
2024.07.08	01:07:43.387	0.96949	0.96949			6
2024.07.08	01:07:44.188	0.96948	0.96948			6
2024.07.08	01:07:44.218	0.96950	0.96950			6
2024.07.08	01:07:44.248	0.96947	0.96947			6
2024.07.08	01:07:44.278	0.96946	0.96946			6
2024.07.08	01:07:44.309	0.96947	0.96947			6
2024.07.08	01:07:44.338	0.96946	0.96946			6
2024.07.08	01:07:44.400	0.96940	0.96940			6
2024.07.08	01:07:44.429	0.96938	0.96938			6
2024.07.08	01:07:44.459	0.96935	0.96935			6
2024.07.08	01:07:44.610	0.96933	0.96933			6
2024.07.08	01:07:44.898	0.96934	0.96934			6
2024.07.08	01:07:45.912	0.96932	0.96932			6
2024.07.08	01:07:45.941	0.96930	0.96930			6
2024.07.08	01:07:46.003	0.96926	0.96926			6
2024.07.08	01:07:46.518	0.96927	0.96927			6
2024.07.08	01:07:47.587	0.96926	0.96926			6
2024.07.08	01:07:49.158	0.96924	0.96924			6
2024.07.08	01:07:49.190	0.96921	0.96921			6
2024.07.08	01:07:49.219	0.96923	0.96923			6
2024.07.08	01:07:49.249	0.96911	0.96911			6
2024.07.08	01:07:49.280	0.96912	0.96912			6
2024.07.08	01:07:49.371	0.96913	0.96913			6
2024.07.08	01:07:49.400	0.96915	0.96915			6
2024.07.08	01:07:49.579	0.96912	0.96912			6
2024.07.08	01:07:50.368	0.96913	0.96913			6
2024.07.08	01:07:53.100	0.96912	0.96912			6
2024.07.08	01:07:53.707	0.96913	0.96913			6
2024.07.08	01:07:54.504	0.96910	0.96910			6
2024.07.08	01:07:54.535	0.96912	0.96912			6
2024.07.08	01:07:54.566	0.96904	0.96904			6
2024.07.08	01:07:54.595	0.96905	0.96905			6
2024.07.08	01:07:54.626	0.96904	0.96904			6
2024.07.08	01:07:54.655	0.96900	0.96900			6
2024.07.08	01:07:54.686	0.96901	0.96901			6
2024.07.08	01:07:54.715	0.96900	0.96900			6
2024.07.08	01:07:54.774	0.96904	0.96904			6
2024.07.08	01:07:55.044	0.96908	0.96908			6
2024.07.08	01:07:55.075	0.96906	0.96906			6
2024.07.08	01:07:55.105	0.96904	0.96904			6
2024.07.08	01:07:55.135	0.96907	0.96907			6
2024.07.08	01:07:55.165	0.96905	0.96905			6
2024.07.08	01:07:55.225	0.96904	0.96904			6
2024.07.08	01:07:55.673	0.96905	0.96905			6
2024.07.08	01:07:56.380	0.96907	0.96907			6
2024.07.08	01:07:56.411	0.96905	0.96905			6
2024.07.08	01:07:56.611	0.96906	0.96906			6
2024.07.08	01:07:58.579	0.96905	0.96905			6
2024.07.08	01:07:58.638	0.96906	0.96906			6
2024.07.08	01:07:59.372	0.96907	0.96907			6
2024.07.08	01:07:59.995	0.96906	0.96906			6
2024.07.08	01:08:00.084	0.96905	0.96905			6
2024.07.08	01:08:00.205	0.96904	0.96904			6
2024.07.08	01:08:00.569	0.96901	0.96901			6
2024.07.08	01:08:00.629	0.96903	0.96903			6
2024.07.08	01:08:01.655	0.96902	0.96902			6
2024.07.08	01:08:01.776	0.96903	0.96903			6
2024.07.08	01:08:03.192	0.96902	0.96902			6
2024.07.08	01:08:09.484	0.96903	0.96903			6
2024.07.08	01:08:11.408	0.96902	0.96902			6
2024.07.08	01:08:11.841	0.96903	0.96903			6
2024.07.08	01:08:12.079	0.96902	0.96902			6
2024.07.08	01:08:12.770	0.96903	0.96903			6
2024.07.08	01:08:13.965	0.96904	0.96904			6
2024.07.08	01:08:14.558	0.96903	0.96903			6
2024.07.08	01:08:15.779	0.96904	0.96904			6
2024.07.08	01:08:15.810	0.96902	0.96902			6
2024.07.08	01:08:16.270	0.96901	0.96901			6
2024.07.08	01:08:16.610	0.96903	0.96903			6
2024.07.08	01:08:16.639	0.96904	0.96904			6
2024.07.08	01:08:17.160	0.96905	0.96905			6
2024.07.08	01:08:18.410	0.96904	0.96904			6
2024.07.08	01:08:19.619	0.96909	0.96909			6
2024.07.08	01:08:19.678	0.96907	0.96907			6
2024.07.08	01:08:20.115	0.96905	0.96905			6
2024.07.08	01:08:22.020	0.96906	0.96906			6
2024.07.08	01:08:23.194	0.96905	0.96905			6
2024.07.08	01:08:23.254	0.96904	0.96904			6
2024.07.08	01:08:23.284	0.96903	0.96903			6
2024.07.08	01:08:23.315	0.96904	0.96904			6
2024.07.08	01:08:23.495	0.96905	0.96905			6
2024.07.08	01:08:31.778	0.96904	0.96904			6
2024.07.08	01:08:32.094	0.96905	0.96905			6
2024.07.08	01:08:32.686	0.96904	0.96904			6
2024.07.08	01:08:34.609	0.96903	0.96903			6
2024.07.08	01:08:34.777	0.96904	0.96904			6
2024.07.08	01:08:34.807	0.96905	0.96905			6
2024.07.08	01:08:34.836	0.96904	0.96904			6
2024.07.08	01:08:39.667	0.96903	0.96903			6
2024.07.08	01:08:40.612	0.96902	0.96902			6
2024.07.08	01:08:40.701	0.96901	0.96901			6
2024.07.08	01:08:41.618	0.96903	0.96903			6
2024.07.08	01:08:41.809	0.96905	0.96905			6
2024.07.08	01:08:41.838	0.96907	0.96907			6
2024.07.08	01:08:41.899	0.96902	0.96902			6
2024.07.08	01:08:42.192	0.96898	0.96898			6
2024.07.08	01:08:42.475	0.96899	0.96899			6
2024.07.08	01:08:42.895	0.96902	0.96902			6
2024.07.08	01:08:44.017	0.96901	0.96901			6
2024.07.08	01:08:44.610	0.96898	0.96898			6
2024.07.08	01:08:44.731	0.96897	0.96897			6
2024.07.08	01:08:44.762	0.96894	0.96894			6
2024.07.08	01:08:44.792	0.96893	0.96893			6
2024.07.08	01:08:44.851	0.96897	0.96897			6
2024.07.08	01:08:44.881	0.96894	0.96894			6
2024.07.08	01:08:44.913	0.96892	0.96892			6
2024.07.08	01:08:44.942	0.96891	0.96891			6
2024.07.08	01:08:45.092	0.96894	0.96894			6
2024.07.08	01:08:45.181	0.96896	0.96896			6
2024.07.08	01:08:45.310	0.96897	0.96897			6
2024.07.08	01:08:45.532	0.96898	0.96898			6
2024.07.08	01:08:51.896	0.96897	0.96897			6
2024.07.08	01:08:53.103	0.96898	0.96898			6
2024.07.08	01:08:54.094	0.96891	0.96891			6
2024.07.08	01:08:54.123	0.96894	0.96894			6
2024.07.08	01:08:54.154	0.96893	0.96893			6
2024.07.08	01:08:54.184	0.96892	0.96892			6
2024.07.08	01:08:56.105	0.96893	0.96893			6
2024.07.08	01:08:57.528	0.96891	0.96891			6
2024.07.08	01:08:57.559	0.96886	0.96886			6
2024.07.08	01:08:57.588	0.96883	0.96883			6
2024.07.08	01:08:57.648	0.96880	0.96880			6
2024.07.08	01:08:57.680	0.96881	0.96881			6
2024.07.08	01:08:57.798	0.96879	0.96879			6
2024.07.08	01:08:57.828	0.96881	0.96881			6
2024.07.08	01:08:57.977	0.96885	0.96885			6
2024.07.08	01:08:58.217	0.96884	0.96884			6
2024.07.08	01:08:59.019	0.96885	0.96885			6
2024.07.08	01:08:59.281	0.96884	0.96884			6
2024.07.08	01:09:03.884	0.96883	0.96883			6
2024.07.08	01:09:04.947	0.96885	0.96885			6
2024.07.08	01:09:05.098	0.96886	0.96886			6
2024.07.08	01:09:06.780	0.96884	0.96884			6
2024.07.08	01:09:06.809	0.96883	0.96883			6
2024.07.08	01:09:08.440	0.96882	0.96882			6
2024.07.08	01:09:10.933	0.96884	0.96884			6
2024.07.08	01:09:11.054	0.96883	0.96883			6
2024.07.08	01:09:11.405	0.96884	0.96884			6
2024.07.08	01:09:40.916	0.96883	0.96883			6
2024.07.08	01:09:40.945	0.96882	0.96882			6
2024.07.08	01:09:42.055	0.96881	0.96881			6
2024.07.08	01:09:43.082	0.96882	0.96882			6
2024.07.08	01:09:48.884	0.96883	0.96883			6
2024.07.08	01:09:49.333	0.96884	0.96884			6
2024.07.08	01:09:49.561	0.96885	0.96885			6
2024.07.08	01:09:50.389	0.96886	0.96886			6
2024.07.08	01:09:51.443	0.96887	0.96887			6
2024.07.08	01:09:54.417	0.96886	0.96886			6
2024.07.08	01:09:54.925	0.96885	0.96885			6
2024.07.08	01:09:56.739	0.96884	0.96884			6
2024.07.08	01:09:58.883	0.96878	0.96878			6
2024.07.08	01:10:00.024	0.96881	0.96881			6
2024.07.08	01:10:00.054	0.96883	0.96883			6
2024.07.08	01:10:00.084	0.96884	0.96884			6
2024.07.08	01:10:00.355	0.96885	0.96885			6
2024.07.08	01:10:00.784	0.96884	0.96884			6
2024.07.08	01:10:01.174	0.96881	0.96881			6
2024.07.08	01:10:01.204	0.96876	0.96876			6
2024.07.08	01:10:01.295	0.96877	0.96877			6
2024.07.08	01:10:01.324	0.96876	0.96876			6
2024.07.08	01:10:01.444	0.96878	0.96878			6
2024.07.08	01:10:01.475	0.96879	0.96879			6
2024.07.08	01:10:01.505	0.96881	0.96881			6
2024.07.08	01:10:01.654	0.96882	0.96882			6
2024.07.08	01:10:01.984	0.96883	0.96883			6
2024.07.08	01:10:03.370	0.96881	0.96881			6
2024.07.08	01:10:08.854	0.96882	0.96882			6
2024.07.08	01:10:08.884	0.96883	0.96883			6
2024.07.08	01:10:08.944	0.96882	0.96882			6
2024.07.08	01:10:09.849	0.96884	0.96884			6
2024.07.08	01:10:10.800	0.96886	0.96886			6
2024.07.08	01:10:14.147	0.96885	0.96885			6
2024.07.08	01:10:14.484	0.96883	0.96883			6
2024.07.08	01:10:19.785	0.96884	0.96884			6
2024.07.08	01:10:23.180	0.96883	0.96883			6
2024.07.08	01:10:23.269	0.96882	0.96882			6
2024.07.08	01:10:25.787	0.96883	0.96883			6
2024.07.08	01:10:28.074	0.96881	0.96881			6
2024.07.08	01:10:30.995	0.96880	0.96880			6
2024.07.08	01:10:32.642	0.96881	0.96881			6
2024.07.08	01:10:38.747	0.96880	0.96880			6
2024.07.08	01:10:40.794	0.96881	0.96881			6
2024.07.08	01:10:41.378	0.96878	0.96878			6
2024.07.08	01:10:46.371	0.96879	0.96879			6
2024.07.08	01:10:50.003	0.96877	0.96877			6
2024.07.08	01:10:50.580	0.96878	0.96878			6
2024.07.08	01:10:53.141	0.96879	0.96879			6
2024.07.08	01:10:53.469	0.96881	0.96881			6
2024.07.08	01:10:53.530	0.96879	0.96879			6
2024.07.08	01:10:59.868	0.96880	0.96880			6
2024.07.08	01:11:03.622	0.96879	0.96879			6
2024.07.08	01:11:06.903	0.96880	0.96880			6
2024.07.08	01:11:08.071	0.96877	0.96877			6
2024.07.08	01:11:08.311	0.96879	0.96879			6
2024.07.08	01:11:08.690	0.96878	0.96878			6
2024.07.08	01:11:09.507	0.96880	0.96880			6
2024.07.08	01:11:09.687	0.96881	0.96881			6
2024.07.08	01:11:10.079	0.96880	0.96880			6
2024.07.08	01:11:10.645	0.96881	0.96881			6
2024.07.08	01:11:10.738	0.96882	0.96882			6
2024.07.08	01:11:10.799	0.96883	0.96883			6
2024.07.08	01:11:10.859	0.96884	0.96884			6
2024.07.08	01:11:11.841	0.96885	0.96885			6
2024.07.08	01:11:12.574	0.96883	0.96883			6
2024.07.08	01:11:12.665	0.96882	0.96882			6
2024.07.08	01:11:12.784	0.96881	0.96881			6
2024.07.08	01:11:13.055	0.96880	0.96880			6
2024.07.08	01:11:14.573	0.96881	0.96881			6
2024.07.08	01:11:18.591	0.96882	0.96882			6
2024.07.08	01:11:20.257	0.96881	0.96881			6
2024.07.08	01:11:30.770	0.96883	0.96883			6
2024.07.08	01:11:31.242	0.96884	0.96884			6
2024.07.08	01:11:31.273	0.96879	0.96879			6
2024.07.08	01:11:31.362	0.96878	0.96878			6
2024.07.08	01:11:31.923	0.96879	0.96879			6
2024.07.08	01:11:33.905	0.96877	0.96877			6
2024.07.08	01:11:33.935	0.96876	0.96876			6
2024.07.08	01:11:34.265	0.96875	0.96875			6
2024.07.08	01:11:34.508	0.96873	0.96873			6
2024.07.08	01:11:34.686	0.96875	0.96875			6
2024.07.08	01:11:34.986	0.96874	0.96874			6
2024.07.08	01:11:35.468	0.96875	0.96875			6
2024.07.08	01:11:36.213	0.96874	0.96874			6
2024.07.08	01:11:36.594	0.96873	0.96873			6
2024.07.08	01:11:38.159	0.96871	0.96871			6
2024.07.08	01:11:38.406	0.96873	0.96873			6
2024.07.08	01:11:39.008	0.96872	0.96872			6
2024.07.08	01:11:39.607	0.96871	0.96871			6
2024.07.08	01:11:54.985	0.96873	0.96873			6
2024.07.08	01:11:55.015	0.96871	0.96871			6
2024.07.08	01:11:55.677	0.96872	0.96872			6
2024.07.08	01:11:56.222	0.96874	0.96874			6
2024.07.08	01:11:57.240	0.96869	0.96869			6
2024.07.08	01:12:01.257	0.96872	0.96872			6
2024.07.08	01:12:01.346	0.96873	0.96873			6
2024.07.08	01:12:01.623	0.96872	0.96872			6
2024.07.08	01:12:01.652	0.96871	0.96871			6
2024.07.08	01:12:02.852	0.96868	0.96868			6
2024.07.08	01:12:02.882	0.96870	0.96870			6
2024.07.08	01:12:05.092	0.96873	0.96873			6
2024.07.08	01:12:08.173	0.96871	0.96871			6
2024.07.08	01:12:09.242	0.96874	0.96874			6
2024.07.08	01:12:09.302	0.96873	0.96873			6
2024.07.08	01:12:10.013	0.96871	0.96871			6
2024.07.08	01:12:10.073	0.96870	0.96870			6
2024.07.08	01:12:10.283	0.96869	0.96869			6
2024.07.08	01:12:15.942	0.96870	0.96870			6
2024.07.08	01:12:19.189	0.96871	0.96871			6
2024.07.08	01:12:22.501	0.96870	0.96870			6
2024.07.08	01:12:23.174	0.96871	0.96871			6
2024.07.08	01:12:30.598	0.96870	0.96870			6
2024.07.08	01:12:31.057	0.96871	0.96871			6
2024.07.08	01:12:40.301	0.96868	0.96868			6
2024.07.08	01:12:40.329	0.96869	0.96869			6
2024.07.08	01:12:40.359	0.96870	0.96870			6
2024.07.08	01:12:40.689	0.96869	0.96869			6
2024.07.08	01:12:41.422	0.96867	0.96867			6
2024.07.08	01:12:41.784	0.96868	0.96868			6
2024.07.08	01:12:43.355	0.96867	0.96867			6
2024.07.08	01:12:44.185	0.96866	0.96866			6
2024.07.08	01:12:44.364	0.96867	0.96867			6
2024.07.08	01:12:44.682	0.96868	0.96868			6
2024.07.08	01:12:49.418	0.96867	0.96867			6
2024.07.08	01:12:49.959	0.96868	0.96868			6
2024.07.08	01:13:00.250	0.96869	0.96869			6
2024.07.08	01:13:03.310	0.96868	0.96868			6
2024.07.08	01:13:05.312	0.96867	0.96867			6
2024.07.08	01:13:05.881	0.96868	0.96868			6
2024.07.08	01:13:11.774	0.96869	0.96869			6
2024.07.08	01:13:11.953	0.96870	0.96870			6
2024.07.08	01:13:12.463	0.96871	0.96871			6
2024.07.08	01:13:22.679	0.96870	0.96870			6
2024.07.08	01:13:27.292	0.96869	0.96869			6
2024.07.08	01:13:27.768	0.96868	0.96868			6
2024.07.08	01:13:29.580	0.96869	0.96869			6
2024.07.08	01:13:31.080	0.96868	0.96868			6
2024.07.08	01:13:36.835	0.96869	0.96869			6
2024.07.08	01:13:36.866	0.96866	0.96866			6
2024.07.08	01:13:36.895	0.96865	0.96865			6
2024.07.08	01:13:36.926	0.96863	0.96863			6
2024.07.08	01:13:36.985	0.96861	0.96861			6
2024.07.08	01:13:45.913	0.96860	0.96860			6
2024.07.08	01:13:49.039	0.96859	0.96859			6
2024.07.08	01:13:49.477	0.96860	0.96860			6
2024.07.08	01:13:57.181	0.96859	0.96859			6
2024.07.08	01:13:57.241	0.96860	0.96860			6
2024.07.08	01:14:17.884	0.96860				2
2024.07.08	01:14:24.483	0.96858	0.96858			6
2024.07.08	01:14:24.511	0.96859	0.96859			6
2024.07.08	01:14:24.608	0.96860	0.96860			6
2024.07.08	01:14:24.752	0.96859	0.96859			6
2024.07.08	01:14:24.993	0.96860	0.96860			6
2024.07.08	01:14:26.000	0.96859	0.96859			6
2024.07.08	01:14:26.563	0.96858	0.96858			6
2024.07.08	01:14:31.238	0.96859	0.96859			6
2024.07.08	01:14:34.386	0.96858	0.96858			6
2024.07.08	01:14:35.259	0.96859	0.96859			6
2024.07.08	01:14:35.291	0.96861	0.96861			6
2024.07.08	01:14:35.561	0.96860	0.96860			6
2024.07.08	01:14:35.682	0.96859	0.96859			6
2024.07.08	01:14:35.712	0.96860	0.96860			6
2024.07.08	01:14:35.830	0.96861	0.96861			6
2024.07.08	01:14:36.169	0.96860	0.96860			6
2024.07.08	01:14:36.982	0.96859	0.96859			6
2024.07.08	01:14:38.537	0.96860	0.96860			6
2024.07.08	01:14:38.567	0.96859	0.96859			6
2024.07.08	01:14:39.161	0.96858	0.96858			6
2024.07.08	01:14:40.364	0.96859	0.96859			6
2024.07.08	01:14:41.183	0.96858	0.96858			6
2024.07.08	01:14:43.564	0.96859	0.96859			6
2024.07.08	01:14:44.012	0.96857	0.96857			6
2024.07.08	01:14:45.052	0.96858	0.96858			6
2024.07.08	01:14:45.804	0.96860	0.96860			6
2024.07.08	01:14:45.894	0.96858	0.96858			6
2024.07.08	01:14:45.956	0.96857	0.96857			6
2024.07.08	01:14:46.046	0.96858	0.96858			6
2024.07.08	01:14:47.080	0.96857	0.96857			6
2024.07.08	01:14:47.864	0.96858	0.96858			6
2024.07.08	01:14:48.150	0.96854	0.96854			6
2024.07.08	01:14:48.479	0.96855	0.96855			6
2024.07.08	01:14:50.638	0.96859	0.96859			6
2024.07.08	01:14:50.668	0.96858	0.96858			6
2024.07.08	01:14:52.275	0.96859	0.96859			6
2024.07.08	01:14:52.305	0.96861	0.96861			6
2024.07.08	01:14:57.242	0.96862	0.96862			6
2024.07.08	01:14:59.726	0.96861	0.96861			6
2024.07.08	01:15:00.031	0.96860	0.96860			6
2024.07.08	01:15:00.392	0.96859	0.96859			6
2024.07.08	01:15:00.662	0.96858	0.96858			6
2024.07.08	01:15:01.660	0.96860	0.96860			6
2024.07.08	01:15:02.353	0.96858	0.96858			6
2024.07.08	01:15:02.653	0.96859	0.96859			6
2024.07.08	01:15:03.437	0.96857	0.96857			6
2024.07.08	01:15:03.497	0.96856	0.96856			6
2024.07.08	01:15:07.010	0.96855	0.96855			6
2024.07.08	01:15:09.946	0.96856	0.96856			6
2024.07.08	01:15:09.976	0.96857	0.96857			6
2024.07.08	01:15:10.757	0.96859	0.96859			6
2024.07.08	01:15:11.710	0.96857	0.96857			6
2024.07.08	01:15:12.089	0.96859	0.96859			6
2024.07.08	01:15:13.020	0.96857	0.96857			6
2024.07.08	01:15:13.080	0.96860	0.96860			6
2024.07.08	01:15:14.462	0.96858	0.96858			6
2024.07.08	01:15:14.971	0.96859	0.96859			6
2024.07.08	01:15:16.215	0.96858	0.96858			6
2024.07.08	01:15:17.362	0.96857	0.96857			6
2024.07.08	01:15:24.394	0.96858	0.96858			6
2024.07.08	01:15:24.634	0.96857	0.96857			6
2024.07.08	01:15:25.265	0.96858	0.96858			6
2024.07.08	01:15:27.433	0.96857	0.96857			6
2024.07.08	01:15:27.464	0.96858	0.96858			6
2024.07.08	01:15:33.542	0.96857	0.96857			6
2024.07.08	01:15:34.649	0.96859	0.96859			6
2024.07.08	01:15:34.680	0.96857	0.96857			6
2024.07.08	01:15:34.741	0.96859	0.96859			6
2024.07.08	01:15:34.920	0.96858	0.96858			6
2024.07.08	01:15:35.404	0.96859	0.96859			6
2024.07.08	01:15:35.796	0.96858	0.96858			6
2024.07.08	01:15:36.309	0.96859	0.96859			6
2024.07.08	01:15:39.310	0.96858	0.96858			6
2024.07.08	01:15:39.715	0.96859	0.96859			6
2024.07.08	01:15:44.339	0.96858	0.96858			6
2024.07.08	01:15:44.673	0.96859	0.96859			6
2024.07.08	01:15:45.055	0.96860	0.96860			6
2024.07.08	01:15:45.868	0.96861	0.96861			6
2024.07.08	01:15:45.897	0.96863	0.96863			6
2024.07.08	01:15:47.115	0.96861	0.96861			6
2024.07.08	01:15:51.845	0.96862	0.96862			6
2024.07.08	01:15:52.572	0.96863	0.96863			6
2024.07.08	01:15:53.569	0.96861	0.96861			6
2024.07.08	01:15:54.112	0.96864	0.96864			6
2024.07.08	01:15:57.780	0.96865	0.96865			6
2024.07.08	01:15:57.811	0.96867	0.96867			6
2024.07.08	01:16:00.161	0.96863	0.96863			6
2024.07.08	01:16:00.220	0.96864	0.96864			6
2024.07.08	01:16:00.279	0.96863	0.96863			6
2024.07.08	01:16:00.370	0.96864	0.96864			6
2024.07.08	01:16:01.362	0.96865	0.96865			6
2024.07.08	01:16:02.719	0.96869	0.96869			6
2024.07.08	01:16:02.749	0.96866	0.96866			6
2024.07.08	01:16:02.809	0.96867	0.96867			6
2024.07.08	01:16:10.809	0.96868	0.96868			6
2024.07.08	01:16:11.844	0.96871	0.96871			6
2024.07.08	01:16:11.875	0.96870	0.96870			6
2024.07.08	01:16:12.367	0.96868	0.96868			6
2024.07.08	01:16:12.868	0.96869	0.96869			6
2024.07.08	01:16:13.138	0.96871	0.96871			6
2024.07.08	01:16:18.904	0.96869	0.96869			6
2024.07.08	01:16:18.934	0.96867	0.96867			6
2024.07.08	01:16:19.025	0.96866	0.96866			6
2024.07.08	01:16:19.443	0.96869	0.96869			6
2024.07.08	01:16:20.535	0.96868	0.96868			6
2024.07.08	01:16:20.686	0.96867	0.96867			6
2024.07.08	01:16:31.429	0.96868	0.96868			6
2024.07.08	01:16:33.225	0.96867	0.96867			6
2024.07.08	01:16:33.256	0.96874	0.96874			6
2024.07.08	01:16:33.285	0.96875	0.96875			6
2024.07.08	01:16:33.555	0.96876	0.96876			6
2024.07.08	01:16:33.886	0.96874	0.96874			6
2024.07.08	01:16:34.847	0.96875	0.96875			6
2024.07.08	01:16:36.310	0.96876	0.96876			6
2024.07.08	01:16:36.791	0.96875	0.96875			6
2024.07.08	01:16:37.212	0.96876	0.96876			6
2024.07.08	01:16:37.910	0.96874	0.96874			6
2024.07.08	01:16:38.279	0.96875	0.96875			6
2024.07.08	01:16:40.450	0.96876	0.96876			6
2024.07.08	01:16:41.121	0.96877	0.96877			6
2024.07.08	01:16:41.182	0.96876	0.96876			6
2024.07.08	01:16:41.453	0.96875	0.96875			6
2024.07.08	01:16:42.611	0.96877	0.96877			6
2024.07.08	01:16:43.032	0.96875	0.96875			6
2024.07.08	01:16:43.399	0.96876	0.96876			6
2024.07.08	01:16:43.459	0.96875	0.96875			6
2024.07.08	01:16:45.750	0.96872	0.96872			6
2024.07.08	01:16:46.302	0.96871	0.96871			6
2024.07.08	01:16:54.159	0.96872	0.96872			6
2024.07.08	01:16:55.851	0.96871	0.96871			6
2024.07.08	01:16:56.251	0.96872	0.96872			6
2024.07.08	01:16:56.889	0.96871	0.96871			6
2024.07.08	01:16:57.280	0.96872	0.96872			6
2024.07.08	01:17:07.132	0.96871	0.96871			6
2024.07.08	01:17:11.300	0.96874	0.96874			6
2024.07.08	01:17:11.331	0.96875	0.96875			6
2024.07.08	01:17:16.260	0.96877	0.96877			6
2024.07.08	01:17:16.380	0.96878	0.96878			6
2024.07.08	01:17:16.714	0.96877	0.96877			6
2024.07.08	01:17:25.128	0.96879	0.96879			6
2024.07.08	01:17:25.187	0.96881	0.96881			6
2024.07.08	01:17:25.218	0.96882	0.96882			6
2024.07.08	01:17:25.279	0.96881	0.96881			6
2024.07.08	01:17:26.204	0.96879	0.96879			6
2024.07.08	01:17:27.139	0.96881	0.96881			6
2024.07.08	01:17:27.240	0.96879	0.96879			6
