<DATE>	<TIME>	<BID>	<ASK>	<LAST>	<VOLUME>	<FLAGS>
2024.02.05	00:00:01.862	0.93495	0.93495			6
2024.02.05	00:01:38.778	0.93507	0.93507			6
2024.02.05	00:04:34.596	0.93502	0.93502			6
2024.02.05	00:04:34.764	0.93507	0.93507			6
2024.02.05	00:05:01.525	0.93507				2
2024.02.05	00:05:04.472	0.93510	0.93510			6
2024.02.05	00:05:05.296	0.93507	0.93507			6
2024.02.05	00:05:13.069	0.93512	0.93512			6
2024.02.05	00:05:14.756	0.93507	0.93507			6
2024.02.05	00:05:29.683	0.93508	0.93508			6
2024.02.05	00:05:39.345	0.93502	0.93502			6
2024.02.05	00:05:39.599	0.93512	0.93512			6
2024.02.05	00:05:41.205	0.93511	0.93511			6
2024.02.05	00:05:57.276	0.93497	0.93497			6
2024.02.05	00:06:01.288	0.93501	0.93501			6
2024.02.05	00:06:06.015	0.93517	0.93517			6
2024.02.05	00:06:09.164	0.93504	0.93504			6
2024.02.05	00:06:09.378	0.93499	0.93499			6
2024.02.05	00:06:39.000	0.93493	0.93493			6
2024.02.05	00:06:39.879	0.93492	0.93492			6
2024.02.05	00:06:46.982	0.93490	0.93490			6
2024.02.05	00:07:00.729	0.93488	0.93488			6
2024.02.05	00:07:02.341	0.93483	0.93483			6
2024.02.05	00:07:07.001	0.93495	0.93495			6
2024.02.05	00:07:22.751	0.93483	0.93483			6
2024.02.05	00:07:34.178	0.93482	0.93482			6
2024.02.05	00:07:38.945	0.93483	0.93483			6
2024.02.05	00:07:41.189	0.93487	0.93487			6
2024.02.05	00:07:42.421	0.93495	0.93495			6
2024.02.05	00:08:04.910	0.93487	0.93487			6
2024.02.05	00:08:27.278	0.93485	0.93485			6
2024.02.05	00:08:37.914	0.93493	0.93493			6
2024.02.05	00:08:52.497	0.93495	0.93495			6
2024.02.05	00:09:10.410	0.93493	0.93493			6
2024.02.05	00:09:13.649	0.93494	0.93494			6
2024.02.05	00:09:39.136	0.93495	0.93495			6
2024.02.05	00:10:01.843	0.93495				2
2024.02.05	00:10:10.971	0.93484	0.93484			6
2024.02.05	00:10:19.200	0.93493	0.93493			6
2024.02.05	00:10:19.675	0.93494	0.93494			6
2024.02.05	00:10:20.174	0.93485	0.93485			6
2024.02.05	00:11:15.173	0.93486	0.93486			6
2024.02.05	00:11:19.686	0.93493	0.93493			6
2024.02.05	00:11:20.228	0.93495	0.93495			6
2024.02.05	00:11:20.747	0.93486	0.93486			6
2024.02.05	00:11:34.218	0.93495	0.93495			6
2024.02.05	00:11:36.020	0.93493	0.93493			6
2024.02.05	00:11:49.296	0.93492	0.93492			6
2024.02.05	00:12:01.281	0.93493	0.93493			6
2024.02.05	00:12:20.868	0.93495	0.93495			6
2024.02.05	00:12:21.458	0.93486	0.93486			6
2024.02.05	00:12:22.008	0.93488	0.93488			6
2024.02.05	00:12:22.325	0.93487	0.93487			6
2024.02.05	00:12:22.855	0.93485	0.93485			6
2024.02.05	00:12:23.263	0.93486	0.93486			6
2024.02.05	00:12:23.741	0.93491	0.93491			6
2024.02.05	00:12:24.244	0.93488	0.93488			6
2024.02.05	00:12:27.052	0.93448	0.93448			6
2024.02.05	00:12:28.591	0.93445	0.93445			6
2024.02.05	00:12:30.010	0.93444	0.93444			6
2024.02.05	00:12:30.347	0.93448	0.93448			6
2024.02.05	00:12:33.814	0.93447	0.93447			6
2024.02.05	00:12:45.133	0.93457	0.93457			6
2024.02.05	00:12:45.385	0.93466	0.93466			6
2024.02.05	00:12:45.865	0.93468	0.93468			6
2024.02.05	00:12:46.363	0.93474	0.93474			6
2024.02.05	00:12:48.156	0.93464	0.93464			6
2024.02.05	00:12:51.358	0.93496	0.93496			6
2024.02.05	00:12:52.427	0.93492	0.93492			6
2024.02.05	00:12:55.637	0.93485	0.93485			6
2024.02.05	00:13:00.020	0.93495	0.93495			6
2024.02.05	00:13:04.049	0.93494	0.93494			6
2024.02.05	00:13:05.196	0.93492	0.93492			6
2024.02.05	00:13:06.471	0.93484	0.93484			6
2024.02.05	00:13:07.207	0.93485	0.93485			6
2024.02.05	00:13:09.431	0.93478	0.93478			6
2024.02.05	00:13:15.027	0.93490	0.93490			6
2024.02.05	00:13:17.670	0.93489	0.93489			6
2024.02.05	00:13:18.110	0.93487	0.93487			6
2024.02.05	00:13:18.272	0.93495	0.93495			6
2024.02.05	00:13:18.332	0.93493	0.93493			6
2024.02.05	00:13:18.484	0.93495	0.93495			6
2024.02.05	00:13:18.514	0.93488	0.93488			6
2024.02.05	00:13:18.583	0.93493	0.93493			6
2024.02.05	00:13:18.673	0.93495	0.93495			6
2024.02.05	00:13:18.702	0.93487	0.93487			6
2024.02.05	00:13:18.732	0.93493	0.93493			6
2024.02.05	00:13:18.853	0.93495	0.93495			6
2024.02.05	00:13:18.882	0.93493	0.93493			6
2024.02.05	00:13:18.943	0.93495	0.93495			6
2024.02.05	00:13:18.973	0.93493	0.93493			6
2024.02.05	00:13:19.169	0.93495	0.93495			6
2024.02.05	00:13:19.199	0.93493	0.93493			6
2024.02.05	00:13:19.259	0.93487	0.93487			6
2024.02.05	00:13:19.289	0.93493	0.93493			6
2024.02.05	00:13:19.319	0.93495	0.93495			6
2024.02.05	00:13:19.379	0.93493	0.93493			6
2024.02.05	00:13:19.409	0.93495	0.93495			6
2024.02.05	00:13:19.438	0.93493	0.93493			6
2024.02.05	00:13:19.621	0.93495	0.93495			6
2024.02.05	00:13:19.804	0.93493	0.93493			6
2024.02.05	00:13:19.834	0.93495	0.93495			6
2024.02.05	00:13:19.863	0.93494	0.93494			6
2024.02.05	00:13:19.983	0.93495	0.93495			6
2024.02.05	00:13:20.043	0.93494	0.93494			6
2024.02.05	00:13:20.073	0.93495	0.93495			6
2024.02.05	00:13:20.587	0.93494	0.93494			6
2024.02.05	00:13:22.414	0.93492	0.93492			6
2024.02.05	00:13:29.086	0.93489	0.93489			6
2024.02.05	00:13:37.431	0.93487	0.93487			6
2024.02.05	00:14:07.009	0.93488	0.93488			6
2024.02.05	00:14:45.585	0.93495	0.93495			6
2024.02.05	00:14:55.478	0.93488	0.93488			6
2024.02.05	00:14:57.078	0.93495	0.93495			6
2024.02.05	00:15:00.408	0.93488	0.93488			6
2024.02.05	00:15:00.885	0.93489	0.93489			6
2024.02.05	00:15:01.495	0.93490	0.93490			6
2024.02.05	00:15:01.943	0.93495	0.93495			6
2024.02.05	00:15:03.530	0.93487	0.93487			6
2024.02.05	00:15:03.716	0.93495	0.93495			6
2024.02.05	00:15:03.747	0.93489	0.93489			6
2024.02.05	00:15:03.805	0.93492	0.93492			6
2024.02.05	00:15:03.836	0.93495	0.93495			6
2024.02.05	00:15:03.927	0.93493	0.93493			6
2024.02.05	00:15:03.987	0.93495	0.93495			6
2024.02.05	00:15:04.078	0.93493	0.93493			6
2024.02.05	00:15:04.137	0.93495	0.93495			6
2024.02.05	00:15:04.167	0.93493	0.93493			6
2024.02.05	00:15:04.197	0.93490	0.93490			6
2024.02.05	00:15:04.258	0.93493	0.93493			6
2024.02.05	00:15:04.530	0.93490	0.93490			6
2024.02.05	00:15:04.560	0.93493	0.93493			6
2024.02.05	00:15:04.621	0.93495	0.93495			6
2024.02.05	00:15:04.679	0.93493	0.93493			6
2024.02.05	00:15:04.740	0.93495	0.93495			6
2024.02.05	00:15:04.772	0.93493	0.93493			6
2024.02.05	00:15:04.832	0.93495	0.93495			6
2024.02.05	00:15:04.892	0.93493	0.93493			6
2024.02.05	00:15:05.042	0.93495	0.93495			6
2024.02.05	00:15:05.072	0.93492	0.93492			6
2024.02.05	00:15:05.312	0.93491	0.93491			6
2024.02.05	00:15:05.342	0.93492	0.93492			6
2024.02.05	00:15:05.523	0.93491	0.93491			6
2024.02.05	00:15:05.552	0.93492	0.93492			6
2024.02.05	00:15:05.613	0.93495	0.93495			6
2024.02.05	00:15:05.642	0.93492	0.93492			6
2024.02.05	00:15:05.702	0.93490	0.93490			6
2024.02.05	00:15:05.763	0.93495	0.93495			6
2024.02.05	00:15:05.822	0.93492	0.93492			6
2024.02.05	00:15:06.092	0.93491	0.93491			6
2024.02.05	00:15:06.123	0.93495	0.93495			6
2024.02.05	00:15:06.152	0.93492	0.93492			6
2024.02.05	00:15:06.365	0.93491	0.93491			6
2024.02.05	00:15:06.395	0.93492	0.93492			6
2024.02.05	00:15:06.455	0.93495	0.93495			6
2024.02.05	00:15:06.576	0.93492	0.93492			6
2024.02.05	00:15:06.605	0.93493	0.93493			6
2024.02.05	00:15:06.635	0.93492	0.93492			6
2024.02.05	00:15:06.695	0.93493	0.93493			6
2024.02.05	00:15:06.816	0.93495	0.93495			6
2024.02.05	00:15:06.846	0.93493	0.93493			6
2024.02.05	00:15:09.092	0.93554	0.93554			6
2024.02.05	00:15:10.132	0.93516	0.93516			6
2024.02.05	00:15:10.192	0.93505	0.93505			6
2024.02.05	00:15:10.341	0.93519	0.93519			6
2024.02.05	00:15:10.372	0.93505	0.93505			6
2024.02.05	00:15:10.463	0.93519	0.93519			6
2024.02.05	00:15:10.643	0.93505	0.93505			6
2024.02.05	00:15:11.209	0.93501	0.93501			6
2024.02.05	00:15:11.915	0.93496	0.93496			6
2024.02.05	00:15:14.280	0.93488	0.93488			6
2024.02.05	00:15:14.310	0.93496	0.93496			6
2024.02.05	00:15:14.340	0.93488	0.93488			6
2024.02.05	00:15:14.581	0.93484	0.93484			6
2024.02.05	00:15:17.640	0.93488	0.93488			6
2024.02.05	00:15:17.760	0.93476	0.93476			6
2024.02.05	00:15:20.698	0.93463	0.93463			6
2024.02.05	00:15:26.972	0.93477	0.93477			6
2024.02.05	00:15:29.809	0.93485	0.93485			6
2024.02.05	00:15:30.773	0.93486	0.93486			6
2024.02.05	00:15:35.489	0.93481	0.93481			6
2024.02.05	00:15:36.152	0.93480	0.93480			6
2024.02.05	00:15:36.302	0.93481	0.93481			6
2024.02.05	00:15:36.422	0.93480	0.93480			6
2024.02.05	00:15:36.694	0.93481	0.93481			6
2024.02.05	00:15:36.785	0.93479	0.93479			6
2024.02.05	00:15:36.845	0.93483	0.93483			6
2024.02.05	00:15:36.905	0.93480	0.93480			6
2024.02.05	00:15:36.936	0.93479	0.93479			6
2024.02.05	00:15:36.965	0.93483	0.93483			6
2024.02.05	00:15:37.027	0.93480	0.93480			6
2024.02.05	00:15:37.086	0.93483	0.93483			6
2024.02.05	00:15:37.117	0.93479	0.93479			6
2024.02.05	00:15:37.147	0.93483	0.93483			6
2024.02.05	00:15:37.177	0.93482	0.93482			6
2024.02.05	00:15:37.238	0.93479	0.93479			6
2024.02.05	00:15:37.267	0.93483	0.93483			6
2024.02.05	00:15:37.357	0.93481	0.93481			6
2024.02.05	00:15:37.479	0.93490	0.93490			6
2024.02.05	00:15:37.508	0.93480	0.93480			6
2024.02.05	00:15:37.538	0.93481	0.93481			6
2024.02.05	00:15:37.628	0.93482	0.93482			6
2024.02.05	00:15:38.907	0.93484	0.93484			6
2024.02.05	00:15:41.722	0.93482	0.93482			6
2024.02.05	00:15:46.425	0.93464	0.93464			6
2024.02.05	00:15:52.541	0.93463	0.93463			6
2024.02.05	00:16:04.590	0.93463				2
2024.02.05	00:16:12.625	0.93461	0.93461			6
2024.02.05	00:16:13.162	0.93463	0.93463			6
2024.02.05	00:16:20.484	0.93508	0.93508			6
2024.02.05	00:16:52.262	0.93460	0.93460			6
2024.02.05	00:16:56.735	0.93463	0.93463			6
2024.02.05	00:17:00.376	0.93370	0.93370			6
2024.02.05	00:17:00.526	0.93537	0.93537			6
2024.02.05	00:17:00.887	0.93507	0.93507			6
2024.02.05	00:17:01.168	0.93506	0.93506			6
2024.02.05	00:17:01.889	0.93507	0.93507			6
2024.02.05	00:17:03.371	0.93537	0.93537			6
2024.02.05	00:17:09.377	0.93481	0.93481			6
2024.02.05	00:17:09.788	0.93473	0.93473			6
2024.02.05	00:17:11.823	0.93466	0.93466			6
2024.02.05	00:17:20.439	0.93465	0.93465			6
2024.02.05	00:17:30.308	0.93537	0.93537			6
2024.02.05	00:18:22.950	0.93492	0.93492			6
2024.02.05	00:18:24.349	0.93490	0.93490			6
2024.02.05	00:18:24.718	0.93497	0.93497			6
2024.02.05	00:22:06.476	0.93500	0.93500			6
2024.02.05	00:23:00.036	0.93496	0.93496			6
2024.02.05	00:30:18.970	0.93503	0.93503			6
2024.02.05	00:33:06.352	0.93496	0.93496			6
2024.02.05	00:34:56.474	0.93496	0.93496			6
2024.02.05	00:35:56.740	0.93494	0.93494			6
2024.02.05	00:37:56.607	0.93500	0.93500			6
2024.02.05	00:37:57.762	0.93499	0.93499			6
2024.02.05	00:38:18.806	0.93500	0.93500			6
2024.02.05	00:38:37.576	0.93501	0.93501			6
2024.02.05	00:38:39.399	0.93500	0.93500			6
2024.02.05	00:38:56.972	0.93501	0.93501			6
2024.02.05	00:39:24.838	0.93500	0.93500			6
2024.02.05	00:39:42.891	0.93499	0.93499			6
2024.02.05	00:39:58.770	0.93498	0.93498			6
2024.02.05	00:40:00.393	0.93500	0.93500			6
2024.02.05	00:40:34.408	0.93501	0.93501			6
2024.02.05	00:40:37.574	0.93500	0.93500			6
2024.02.05	00:40:48.862	0.93499	0.93499			6
2024.02.05	00:40:55.509	0.93503	0.93503			6
2024.02.05	00:40:55.709	0.93499	0.93499			6
2024.02.05	00:41:34.618	0.93498	0.93498			6
2024.02.05	00:42:00.282	0.93498				2
2024.02.05	00:44:27.908	0.93499	0.93499			6
2024.02.05	00:44:54.808	0.93498	0.93498			6
2024.02.05	00:45:35.338	0.93499	0.93499			6
2024.02.05	00:46:18.896	0.93498	0.93498			6
2024.02.05	00:46:22.586	0.93499	0.93499			6
2024.02.05	00:46:22.687	0.93493	0.93493			6
2024.02.05	00:46:22.790	0.93499	0.93499			6
2024.02.05	00:46:54.920	0.93498	0.93498			6
2024.02.05	00:47:27.119	0.93498				2
2024.02.05	00:48:13.708	0.93504	0.93504			6
2024.02.05	00:48:25.691	0.93503	0.93503			6
2024.02.05	00:49:18.190	0.93498	0.93498			6
2024.02.05	00:50:06.771	0.93494	0.93494			6
2024.02.05	00:50:06.955	0.93498	0.93498			6
2024.02.05	00:51:06.298	0.93499	0.93499			6
2024.02.05	00:51:19.065	0.93498	0.93498			6
2024.02.05	00:51:41.223	0.93499	0.93499			6
2024.02.05	00:52:14.486	0.93498	0.93498			6
2024.02.05	00:52:21.084	0.93500	0.93500			6
2024.02.05	00:52:24.304	0.93498	0.93498			6
2024.02.05	00:52:35.568	0.93499	0.93499			6
2024.02.05	00:52:48.289	0.93501	0.93501			6
2024.02.05	00:52:52.649	0.93499	0.93499			6
2024.02.05	00:53:12.063	0.93500	0.93500			6
2024.02.05	00:53:25.090	0.93499	0.93499			6
2024.02.05	00:53:34.981	0.93503	0.93503			6
2024.02.05	00:53:35.089	0.93499	0.93499			6
2024.02.05	00:54:15.552	0.93500	0.93500			6
2024.02.05	00:54:37.114	0.93501	0.93501			6
2024.02.05	00:54:43.932	0.93503	0.93503			6
2024.02.05	00:54:44.763	0.93504	0.93504			6
2024.02.05	00:54:56.467	0.93502	0.93502			6
2024.02.05	00:54:58.384	0.93501	0.93501			6
2024.02.05	00:54:58.680	0.93500	0.93500			6
2024.02.05	00:54:59.049	0.93499	0.93499			6
2024.02.05	00:55:00.144	0.93502	0.93502			6
2024.02.05	00:55:01.034	0.93504	0.93504			6
2024.02.05	00:55:12.016	0.93501	0.93501			6
2024.02.05	00:55:17.809	0.93499	0.93499			6
2024.02.05	00:55:17.839	0.93495	0.93495			6
2024.02.05	00:55:17.899	0.93494	0.93494			6
2024.02.05	00:55:23.231	0.93493	0.93493			6
2024.02.05	00:55:31.722	0.93495	0.93495			6
2024.02.05	00:55:31.751	0.93497	0.93497			6
2024.02.05	00:55:31.782	0.93494	0.93494			6
2024.02.05	00:55:31.811	0.93495	0.93495			6
2024.02.05	00:55:32.271	0.93498	0.93498			6
2024.02.05	00:55:47.037	0.93501	0.93501			6
2024.02.05	00:55:47.068	0.93497	0.93497			6
2024.02.05	00:55:47.127	0.93499	0.93499			6
2024.02.05	00:55:47.157	0.93495	0.93495			6
2024.02.05	00:55:52.130	0.93494	0.93494			6
2024.02.05	00:55:58.055	0.93495	0.93495			6
2024.02.05	00:56:50.466	0.93497	0.93497			6
2024.02.05	00:56:56.202	0.93495	0.93495			6
2024.02.05	00:58:30.006	0.93493	0.93493			6
2024.02.05	00:58:32.631	0.93495	0.93495			6
2024.02.05	00:58:34.680	0.93493	0.93493			6
2024.02.05	00:58:45.259	0.93491	0.93491			6
2024.02.05	00:58:45.288	0.93493	0.93493			6
2024.02.05	00:58:50.438	0.93491	0.93491			6
2024.02.05	00:58:51.503	0.93495	0.93495			6
2024.02.05	00:58:51.834	0.93491	0.93491			6
2024.02.05	00:58:52.861	0.93490	0.93490			6
2024.02.05	00:58:52.891	0.93491	0.93491			6
2024.02.05	00:58:57.721	0.93490	0.93490			6
2024.02.05	00:58:57.781	0.93491	0.93491			6
2024.02.05	00:59:01.068	0.93490	0.93490			6
2024.02.05	00:59:02.087	0.93493	0.93493			6
2024.02.05	00:59:16.286	0.93495	0.93495			6
2024.02.05	00:59:36.983	0.93486	0.93486			6
2024.02.05	00:59:37.332	0.93485	0.93485			6
2024.02.05	00:59:43.083	0.93491	0.93491			6
2024.02.05	00:59:43.221	0.93485	0.93485			6
2024.02.05	01:00:00.017	0.93486	0.93486			6
2024.02.05	01:00:00.138	0.93488	0.93488			6
2024.02.05	01:00:00.287	0.93487	0.93487			6
2024.02.05	01:00:00.346	0.93489	0.93489			6
2024.02.05	01:00:00.408	0.93488	0.93488			6
2024.02.05	01:00:00.557	0.93486	0.93486			6
2024.02.05	01:00:00.617	0.93488	0.93488			6
2024.02.05	01:00:00.678	0.93489	0.93489			6
2024.02.05	01:00:00.767	0.93488	0.93488			6
2024.02.05	01:00:00.888	0.93490	0.93490			6
2024.02.05	01:00:00.948	0.93489	0.93489			6
2024.02.05	01:00:00.978	0.93488	0.93488			6
2024.02.05	01:00:01.099	0.93491	0.93491			6
2024.02.05	01:00:01.129	0.93492	0.93492			6
2024.02.05	01:00:01.160	0.93491	0.93491			6
2024.02.05	01:00:01.188	0.93492	0.93492			6
2024.02.05	01:00:01.219	0.93493	0.93493			6
2024.02.05	01:00:01.248	0.93499	0.93499			6
2024.02.05	01:00:01.277	0.93501	0.93501			6
2024.02.05	01:00:01.577	0.93502	0.93502			6
2024.02.05	01:00:01.729	0.93503	0.93503			6
2024.02.05	01:00:01.788	0.93502	0.93502			6
2024.02.05	01:00:01.910	0.93503	0.93503			6
2024.02.05	01:00:01.941	0.93502	0.93502			6
2024.02.05	01:00:01.999	0.93501	0.93501			6
2024.02.05	01:00:02.059	0.93502	0.93502			6
2024.02.05	01:00:02.390	0.93503	0.93503			6
2024.02.05	01:00:02.420	0.93502	0.93502			6
2024.02.05	01:00:02.722	0.93503	0.93503			6
2024.02.05	01:00:02.782	0.93504	0.93504			6
2024.02.05	01:00:02.811	0.93503	0.93503			6
2024.02.05	01:00:03.443	0.93502	0.93502			6
2024.02.05	01:00:03.533	0.93503	0.93503			6
2024.02.05	01:00:03.623	0.93505	0.93505			6
2024.02.05	01:00:03.684	0.93504	0.93504			6
2024.02.05	01:00:03.714	0.93506	0.93506			6
2024.02.05	01:00:03.744	0.93507	0.93507			6
2024.02.05	01:00:03.835	0.93508	0.93508			6
2024.02.05	01:00:03.865	0.93509	0.93509			6
2024.02.05	01:00:03.924	0.93511	0.93511			6
2024.02.05	01:00:04.076	0.93510	0.93510			6
2024.02.05	01:00:04.226	0.93509	0.93509			6
2024.02.05	01:00:04.316	0.93510	0.93510			6
2024.02.05	01:00:04.346	0.93511	0.93511			6
2024.02.05	01:00:04.648	0.93512	0.93512			6
2024.02.05	01:00:04.768	0.93511	0.93511			6
2024.02.05	01:00:04.799	0.93512	0.93512			6
2024.02.05	01:00:04.859	0.93514	0.93514			6
2024.02.05	01:00:05.038	0.93515	0.93515			6
2024.02.05	01:00:05.068	0.93513	0.93513			6
2024.02.05	01:00:05.098	0.93512	0.93512			6
2024.02.05	01:00:05.188	0.93509	0.93509			6
2024.02.05	01:00:05.308	0.93512	0.93512			6
2024.02.05	01:00:05.519	0.93515	0.93515			6
2024.02.05	01:00:05.880	0.93513	0.93513			6
2024.02.05	01:00:05.910	0.93515	0.93515			6
2024.02.05	01:00:06.422	0.93509	0.93509			6
2024.02.05	01:00:06.931	0.93510	0.93510			6
2024.02.05	01:00:06.991	0.93509	0.93509			6
2024.02.05	01:00:07.591	0.93510	0.93510			6
2024.02.05	01:00:07.651	0.93511	0.93511			6
2024.02.05	01:00:07.832	0.93510	0.93510			6
2024.02.05	01:00:10.355	0.93509	0.93509			6
2024.02.05	01:00:10.507	0.93508	0.93508			6
2024.02.05	01:00:14.041	0.93506	0.93506			6
2024.02.05	01:00:14.161	0.93507	0.93507			6
2024.02.05	01:00:14.374	0.93509	0.93509			6
2024.02.05	01:00:14.404	0.93515	0.93515			6
2024.02.05	01:00:14.644	0.93510	0.93510			6
2024.02.05	01:00:18.470	0.93508	0.93508			6
2024.02.05	01:00:19.450	0.93507	0.93507			6
2024.02.05	01:00:19.512	0.93506	0.93506			6
2024.02.05	01:00:20.232	0.93505	0.93505			6
2024.02.05	01:00:20.323	0.93504	0.93504			6
2024.02.05	01:00:20.532	0.93503	0.93503			6
2024.02.05	01:00:20.561	0.93502	0.93502			6
2024.02.05	01:00:20.654	0.93503	0.93503			6
2024.02.05	01:00:20.684	0.93504	0.93504			6
2024.02.05	01:00:21.165	0.93501	0.93501			6
2024.02.05	01:00:21.195	0.93499	0.93499			6
2024.02.05	01:00:24.426	0.93500	0.93500			6
2024.02.05	01:00:25.250	0.93499	0.93499			6
2024.02.05	01:00:28.182	0.93502	0.93502			6
2024.02.05	01:00:28.607	0.93505	0.93505			6
2024.02.05	01:00:28.997	0.93507	0.93507			6
2024.02.05	01:00:29.087	0.93509	0.93509			6
2024.02.05	01:00:31.074	0.93508	0.93508			6
2024.02.05	01:00:31.103	0.93507	0.93507			6
2024.02.05	01:00:31.133	0.93508	0.93508			6
2024.02.05	01:00:31.284	0.93507	0.93507			6
2024.02.05	01:00:31.314	0.93506	0.93506			6
2024.02.05	01:00:31.374	0.93508	0.93508			6
2024.02.05	01:00:35.502	0.93509	0.93509			6
2024.02.05	01:00:36.012	0.93506	0.93506			6
2024.02.05	01:00:36.643	0.93507	0.93507			6
2024.02.05	01:00:37.123	0.93508	0.93508			6
2024.02.05	01:00:38.890	0.93507	0.93507			6
2024.02.05	01:00:40.091	0.93511	0.93511			6
2024.02.05	01:00:43.018	0.93509	0.93509			6
2024.02.05	01:00:47.221	0.93511	0.93511			6
2024.02.05	01:00:47.493	0.93512	0.93512			6
2024.02.05	01:01:00.263	0.93515	0.93515			6
2024.02.05	01:01:00.352	0.93516	0.93516			6
2024.02.05	01:01:00.473	0.93517	0.93517			6
2024.02.05	01:01:00.833	0.93516	0.93516			6
2024.02.05	01:01:07.713	0.93517	0.93517			6
2024.02.05	01:01:07.863	0.93515	0.93515			6
2024.02.05	01:01:08.192	0.93516	0.93516			6
2024.02.05	01:01:21.719	0.93515	0.93515			6
2024.02.05	01:01:27.600	0.93514	0.93514			6
2024.02.05	01:01:27.660	0.93515	0.93515			6
2024.02.05	01:01:27.932	0.93514	0.93514			6
2024.02.05	01:01:29.337	0.93513	0.93513			6
2024.02.05	01:01:29.398	0.93512	0.93512			6
2024.02.05	01:01:31.499	0.93513	0.93513			6
2024.02.05	01:01:35.625	0.93514	0.93514			6
2024.02.05	01:01:35.895	0.93513	0.93513			6
2024.02.05	01:01:36.377	0.93512	0.93512			6
2024.02.05	01:01:39.248	0.93513	0.93513			6
2024.02.05	01:01:43.514	0.93514	0.93514			6
2024.02.05	01:01:44.119	0.93513	0.93513			6
2024.02.05	01:01:46.248	0.93514	0.93514			6
2024.02.05	01:01:46.278	0.93513	0.93513			6
2024.02.05	01:01:46.369	0.93514	0.93514			6
2024.02.05	01:01:54.908	0.93515	0.93515			6
2024.02.05	01:02:00.098	0.93515				2
2024.02.05	01:02:01.056	0.93516	0.93516			6
2024.02.05	01:02:01.087	0.93517	0.93517			6
2024.02.05	01:02:01.265	0.93518	0.93518			6
2024.02.05	01:02:01.416	0.93517	0.93517			6
2024.02.05	01:02:02.154	0.93518	0.93518			6
2024.02.05	01:02:02.958	0.93517	0.93517			6
2024.02.05	01:02:04.758	0.93519	0.93519			6
2024.02.05	01:02:05.037	0.93522	0.93522			6
2024.02.05	01:02:05.217	0.93523	0.93523			6
2024.02.05	01:02:06.327	0.93524	0.93524			6
2024.02.05	01:02:06.447	0.93523	0.93523			6
2024.02.05	01:02:06.477	0.93524	0.93524			6
2024.02.05	01:02:06.937	0.93525	0.93525			6
2024.02.05	01:02:07.595	0.93524	0.93524			6
2024.02.05	01:02:07.624	0.93525	0.93525			6
2024.02.05	01:02:07.777	0.93526	0.93526			6
2024.02.05	01:02:07.806	0.93528	0.93528			6
2024.02.05	01:02:07.837	0.93527	0.93527			6
2024.02.05	01:02:07.985	0.93528	0.93528			6
2024.02.05	01:02:08.015	0.93527	0.93527			6
2024.02.05	01:02:08.074	0.93528	0.93528			6
2024.02.05	01:02:08.470	0.93527	0.93527			6
2024.02.05	01:02:08.561	0.93526	0.93526			6
2024.02.05	01:02:08.592	0.93527	0.93527			6
2024.02.05	01:02:08.620	0.93528	0.93528			6
2024.02.05	01:02:09.594	0.93526	0.93526			6
2024.02.05	01:02:09.714	0.93524	0.93524			6
2024.02.05	01:02:10.580	0.93525	0.93525			6
2024.02.05	01:02:10.608	0.93524	0.93524			6
2024.02.05	01:02:10.639	0.93526	0.93526			6
2024.02.05	01:02:11.518	0.93525	0.93525			6
2024.02.05	01:02:12.189	0.93526	0.93526			6
2024.02.05	01:02:12.339	0.93524	0.93524			6
2024.02.05	01:02:12.657	0.93525	0.93525			6
2024.02.05	01:02:13.949	0.93524	0.93524			6
2024.02.05	01:02:14.488	0.93525	0.93525			6
2024.02.05	01:02:16.615	0.93526	0.93526			6
2024.02.05	01:02:17.971	0.93525	0.93525			6
2024.02.05	01:02:19.077	0.93523	0.93523			6
2024.02.05	01:02:19.197	0.93521	0.93521			6
2024.02.05	01:02:29.625	0.93522	0.93522			6
2024.02.05	01:02:30.047	0.93521	0.93521			6
2024.02.05	01:02:30.137	0.93520	0.93520			6
2024.02.05	01:02:30.167	0.93521	0.93521			6
2024.02.05	01:02:30.905	0.93522	0.93522			6
2024.02.05	01:02:32.334	0.93521	0.93521			6
2024.02.05	01:02:39.327	0.93523	0.93523			6
2024.02.05	01:02:39.387	0.93526	0.93526			6
2024.02.05	01:02:40.682	0.93527	0.93527			6
2024.02.05	01:02:42.162	0.93526	0.93526			6
2024.02.05	01:02:43.021	0.93527	0.93527			6
2024.02.05	01:02:43.111	0.93524	0.93524			6
2024.02.05	01:02:43.171	0.93525	0.93525			6
2024.02.05	01:02:43.575	0.93526	0.93526			6
2024.02.05	01:02:44.431	0.93525	0.93525			6
2024.02.05	01:02:45.382	0.93523	0.93523			6
2024.02.05	01:02:46.114	0.93525	0.93525			6
2024.02.05	01:02:47.166	0.93524	0.93524			6
2024.02.05	01:02:53.736	0.93522	0.93522			6
2024.02.05	01:02:53.766	0.93523	0.93523			6
2024.02.05	01:02:53.797	0.93524	0.93524			6
2024.02.05	01:02:57.086	0.93521	0.93521			6
2024.02.05	01:02:57.116	0.93523	0.93523			6
2024.02.05	01:02:58.065	0.93522	0.93522			6
2024.02.05	01:03:03.969	0.93521	0.93521			6
2024.02.05	01:03:06.121	0.93520	0.93520			6
2024.02.05	01:03:06.490	0.93521	0.93521			6
2024.02.05	01:03:07.136	0.93519	0.93519			6
2024.02.05	01:03:07.166	0.93517	0.93517			6
2024.02.05	01:03:07.226	0.93516	0.93516			6
2024.02.05	01:03:09.510	0.93518	0.93518			6
2024.02.05	01:03:09.711	0.93514	0.93514			6
2024.02.05	01:03:09.741	0.93513	0.93513			6
2024.02.05	01:03:09.772	0.93512	0.93512			6
2024.02.05	01:03:10.320	0.93513	0.93513			6
2024.02.05	01:03:10.505	0.93512	0.93512			6
2024.02.05	01:03:12.189	0.93511	0.93511			6
2024.02.05	01:03:12.219	0.93512	0.93512			6
2024.02.05	01:03:12.249	0.93513	0.93513			6
2024.02.05	01:03:12.280	0.93514	0.93514			6
2024.02.05	01:03:14.114	0.93513	0.93513			6
2024.02.05	01:03:14.474	0.93515	0.93515			6
2024.02.05	01:03:16.459	0.93512	0.93512			6
2024.02.05	01:03:16.489	0.93511	0.93511			6
2024.02.05	01:03:16.580	0.93512	0.93512			6
2024.02.05	01:03:18.710	0.93515	0.93515			6
2024.02.05	01:03:18.740	0.93514	0.93514			6
2024.02.05	01:03:18.801	0.93515	0.93515			6
2024.02.05	01:03:25.639	0.93516	0.93516			6
2024.02.05	01:03:25.667	0.93515	0.93515			6
2024.02.05	01:03:28.168	0.93516	0.93516			6
2024.02.05	01:03:29.229	0.93515	0.93515			6
2024.02.05	01:03:30.020	0.93511	0.93511			6
2024.02.05	01:03:30.051	0.93510	0.93510			6
2024.02.05	01:03:30.081	0.93511	0.93511			6
2024.02.05	01:03:30.588	0.93514	0.93514			6
2024.02.05	01:03:30.677	0.93515	0.93515			6
2024.02.05	01:03:30.707	0.93510	0.93510			6
2024.02.05	01:03:30.737	0.93511	0.93511			6
2024.02.05	01:03:31.187	0.93508	0.93508			6
2024.02.05	01:03:33.549	0.93507	0.93507			6
2024.02.05	01:03:42.692	0.93508	0.93508			6
2024.02.05	01:03:43.052	0.93507	0.93507			6
2024.02.05	01:03:45.619	0.93505	0.93505			6
2024.02.05	01:03:45.649	0.93506	0.93506			6
2024.02.05	01:03:49.803	0.93505	0.93505			6
2024.02.05	01:03:49.835	0.93506	0.93506			6
2024.02.05	01:03:49.866	0.93505	0.93505			6
2024.02.05	01:03:55.236	0.93503	0.93503			6
2024.02.05	01:03:55.266	0.93502	0.93502			6
2024.02.05	01:03:55.722	0.93501	0.93501			6
2024.02.05	01:03:55.752	0.93502	0.93502			6
2024.02.05	01:03:55.933	0.93501	0.93501			6
2024.02.05	01:03:55.993	0.93502	0.93502			6
2024.02.05	01:03:56.114	0.93501	0.93501			6
2024.02.05	01:04:00.137	0.93500	0.93500			6
2024.02.05	01:04:00.348	0.93501	0.93501			6
2024.02.05	01:04:03.382	0.93500	0.93500			6
2024.02.05	01:04:03.411	0.93501	0.93501			6
2024.02.05	01:04:03.441	0.93505	0.93505			6
2024.02.05	01:04:03.503	0.93506	0.93506			6
2024.02.05	01:04:05.007	0.93507	0.93507			6
2024.02.05	01:04:06.399	0.93506	0.93506			6
2024.02.05	01:04:10.202	0.93507	0.93507			6
2024.02.05	01:04:10.432	0.93506	0.93506			6
2024.02.05	01:04:11.563	0.93507	0.93507			6
2024.02.05	01:04:11.594	0.93498	0.93498			6
2024.02.05	01:04:11.623	0.93497	0.93497			6
2024.02.05	01:04:11.653	0.93496	0.93496			6
2024.02.05	01:04:11.683	0.93495	0.93495			6
2024.02.05	01:04:16.204	0.93501	0.93501			6
2024.02.05	01:04:18.082	0.93497	0.93497			6
2024.02.05	01:04:19.290	0.93494	0.93494			6
2024.02.05	01:04:19.319	0.93493	0.93493			6
2024.02.05	01:04:22.286	0.93494	0.93494			6
2024.02.05	01:04:27.033	0.93495	0.93495			6
2024.02.05	01:04:29.793	0.93491	0.93491			6
2024.02.05	01:04:29.913	0.93494	0.93494			6
2024.02.05	01:04:30.003	0.93495	0.93495			6
2024.02.05	01:04:33.261	0.93496	0.93496			6
2024.02.05	01:04:33.386	0.93495	0.93495			6
2024.02.05	01:04:33.415	0.93492	0.93492			6
2024.02.05	01:04:33.445	0.93491	0.93491			6
2024.02.05	01:04:33.505	0.93494	0.93494			6
2024.02.05	01:04:33.535	0.93495	0.93495			6
2024.02.05	01:04:33.564	0.93496	0.93496			6
2024.02.05	01:04:38.402	0.93497	0.93497			6
2024.02.05	01:04:38.553	0.93498	0.93498			6
2024.02.05	01:04:38.643	0.93497	0.93497			6
2024.02.05	01:04:38.674	0.93498	0.93498			6
2024.02.05	01:04:38.703	0.93499	0.93499			6
2024.02.05	01:04:41.631	0.93500	0.93500			6
2024.02.05	01:04:41.911	0.93499	0.93499			6
2024.02.05	01:04:43.402	0.93497	0.93497			6
2024.02.05	01:04:43.494	0.93498	0.93498			6
2024.02.05	01:04:43.615	0.93493	0.93493			6
2024.02.05	01:04:43.704	0.93494	0.93494			6
2024.02.05	01:04:43.763	0.93493	0.93493			6
2024.02.05	01:04:43.794	0.93494	0.93494			6
2024.02.05	01:04:43.824	0.93493	0.93493			6
2024.02.05	01:04:44.064	0.93492	0.93492			6
2024.02.05	01:04:44.124	0.93493	0.93493			6
2024.02.05	01:04:44.306	0.93492	0.93492			6
2024.02.05	01:04:46.768	0.93493	0.93493			6
2024.02.05	01:04:46.829	0.93492	0.93492			6
2024.02.05	01:04:50.094	0.93493	0.93493			6
2024.02.05	01:04:55.141	0.93494	0.93494			6
2024.02.05	01:04:56.313	0.93493	0.93493			6
2024.02.05	01:05:00.375	0.93493				2
2024.02.05	01:05:00.736	0.93494	0.93494			6
2024.02.05	01:05:00.856	0.93493	0.93493			6
2024.02.05	01:05:01.590	0.93494	0.93494			6
2024.02.05	01:05:02.047	0.93495	0.93495			6
2024.02.05	01:05:02.258	0.93494	0.93494			6
2024.02.05	01:05:02.775	0.93495	0.93495			6
2024.02.05	01:05:03.296	0.93494	0.93494			6
2024.02.05	01:05:03.616	0.93493	0.93493			6
2024.02.05	01:05:04.028	0.93494	0.93494			6
2024.02.05	01:05:04.299	0.93493	0.93493			6
2024.02.05	01:05:05.560	0.93494	0.93494			6
2024.02.05	01:05:05.710	0.93495	0.93495			6
2024.02.05	01:05:06.731	0.93496	0.93496			6
2024.02.05	01:05:06.820	0.93495	0.93495			6
2024.02.05	01:05:07.306	0.93496	0.93496			6
2024.02.05	01:05:08.765	0.93493	0.93493			6
2024.02.05	01:05:09.496	0.93496	0.93496			6
2024.02.05	01:05:09.906	0.93495	0.93495			6
2024.02.05	01:05:11.511	0.93496	0.93496			6
2024.02.05	01:05:12.388	0.93495	0.93495			6
2024.02.05	01:05:13.818	0.93496	0.93496			6
2024.02.05	01:05:14.326	0.93495	0.93495			6
2024.02.05	01:05:14.855	0.93496	0.93496			6
2024.02.05	01:05:15.764	0.93495	0.93495			6
2024.02.05	01:05:16.901	0.93496	0.93496			6
2024.02.05	01:05:17.241	0.93495	0.93495			6
2024.02.05	01:05:17.272	0.93496	0.93496			6
2024.02.05	01:05:19.117	0.93495	0.93495			6
2024.02.05	01:05:27.296	0.93496	0.93496			6
2024.02.05	01:05:29.045	0.93495	0.93495			6
2024.02.05	01:05:33.724	0.93496	0.93496			6
2024.02.05	01:05:37.695	0.93495	0.93495			6
2024.02.05	01:05:39.167	0.93496	0.93496			6
2024.02.05	01:05:42.084	0.93497	0.93497			6
2024.02.05	01:05:42.205	0.93496	0.93496			6
2024.02.05	01:05:46.800	0.93495	0.93495			6
2024.02.05	01:05:51.987	0.93494	0.93494			6
2024.02.05	01:05:54.101	0.93495	0.93495			6
2024.02.05	01:05:58.910	0.93496	0.93496			6
2024.02.05	01:05:59.017	0.93497	0.93497			6
2024.02.05	01:06:01.640	0.93496	0.93496			6
2024.02.05	01:06:01.955	0.93497	0.93497			6
2024.02.05	01:06:07.353	0.93496	0.93496			6
2024.02.05	01:06:08.458	0.93497	0.93497			6
2024.02.05	01:06:08.488	0.93498	0.93498			6
2024.02.05	01:06:11.772	0.93497	0.93497			6
2024.02.05	01:06:11.892	0.93498	0.93498			6
2024.02.05	01:06:31.872	0.93499	0.93499			6
2024.02.05	01:06:32.112	0.93498	0.93498			6
2024.02.05	01:06:32.563	0.93499	0.93499			6
2024.02.05	01:06:33.251	0.93498	0.93498			6
2024.02.05	01:06:39.222	0.93499	0.93499			6
2024.02.05	01:06:39.937	0.93498	0.93498			6
2024.02.05	01:06:40.478	0.93499	0.93499			6
2024.02.05	01:06:40.508	0.93501	0.93501			6
2024.02.05	01:06:40.538	0.93500	0.93500			6
2024.02.05	01:06:40.597	0.93501	0.93501			6
2024.02.05	01:06:42.783	0.93500	0.93500			6
2024.02.05	01:06:44.198	0.93499	0.93499			6
2024.02.05	01:06:48.250	0.93496	0.93496			6
2024.02.05	01:07:02.889	0.93496				2
2024.02.05	01:07:02.920	0.93494	0.93494			6
2024.02.05	01:07:14.775	0.93495	0.93495			6
2024.02.05	01:07:18.301	0.93494	0.93494			6
2024.02.05	01:07:18.363	0.93496	0.93496			6
2024.02.05	01:07:18.393	0.93497	0.93497			6
2024.02.05	01:07:31.960	0.93498	0.93498			6
2024.02.05	01:07:35.932	0.93497	0.93497			6
2024.02.05	01:07:45.248	0.93498	0.93498			6
2024.02.05	01:07:50.085	0.93497	0.93497			6
2024.02.05	01:07:52.213	0.93496	0.93496			6
2024.02.05	01:07:52.243	0.93495	0.93495			6
2024.02.05	01:07:52.272	0.93494	0.93494			6
2024.02.05	01:07:52.480	0.93495	0.93495			6
2024.02.05	01:07:55.288	0.93496	0.93496			6
2024.02.05	01:07:56.949	0.93495	0.93495			6
2024.02.05	01:07:57.038	0.93496	0.93496			6
2024.02.05	01:08:05.125	0.93495	0.93495			6
2024.02.05	01:08:09.638	0.93496	0.93496			6
2024.02.05	01:08:10.866	0.93495	0.93495			6
2024.02.05	01:08:27.706	0.93496	0.93496			6
2024.02.05	01:08:34.448	0.93498	0.93498			6
2024.02.05	01:08:58.612	0.93499	0.93499			6
2024.02.05	01:09:07.929	0.93498	0.93498			6
2024.02.05	01:09:08.078	0.93499	0.93499			6
2024.02.05	01:09:10.570	0.93500	0.93500			6
2024.02.05	01:09:10.662	0.93499	0.93499			6
2024.02.05	01:09:11.355	0.93497	0.93497			6
2024.02.05	01:09:11.536	0.93496	0.93496			6
2024.02.05	01:09:11.926	0.93497	0.93497			6
2024.02.05	01:09:14.561	0.93496	0.93496			6
2024.02.05	01:09:28.763	0.93495	0.93495			6
2024.02.05	01:09:35.356	0.93498	0.93498			6
2024.02.05	01:09:35.444	0.93497	0.93497			6
2024.02.05	01:09:43.534	0.93496	0.93496			6
2024.02.05	01:09:44.074	0.93497	0.93497			6
2024.02.05	01:09:45.681	0.93496	0.93496			6
2024.02.05	01:09:46.426	0.93499	0.93499			6
2024.02.05	01:09:46.456	0.93498	0.93498			6
2024.02.05	01:09:46.486	0.93497	0.93497			6
2024.02.05	01:09:46.517	0.93496	0.93496			6
2024.02.05	01:09:48.598	0.93495	0.93495			6
2024.02.05	01:09:49.233	0.93494	0.93494			6
2024.02.05	01:09:49.292	0.93491	0.93491			6
2024.02.05	01:09:49.322	0.93489	0.93489			6
2024.02.05	01:09:49.657	0.93490	0.93490			6
2024.02.05	01:09:49.959	0.93489	0.93489			6
2024.02.05	01:09:50.079	0.93490	0.93490			6
2024.02.05	01:09:50.169	0.93488	0.93488			6
2024.02.05	01:09:51.113	0.93487	0.93487			6
2024.02.05	01:09:52.642	0.93486	0.93486			6
2024.02.05	01:09:52.823	0.93487	0.93487			6
2024.02.05	01:09:53.122	0.93486	0.93486			6
2024.02.05	01:09:55.353	0.93484	0.93484			6
2024.02.05	01:09:55.533	0.93483	0.93483			6
2024.02.05	01:09:58.272	0.93484	0.93484			6
2024.02.05	01:09:58.302	0.93485	0.93485			6
2024.02.05	01:09:58.573	0.93484	0.93484			6
2024.02.05	01:09:58.633	0.93485	0.93485			6
2024.02.05	01:10:00.048	0.93485				2
2024.02.05	01:10:00.137	0.93486	0.93486			6
2024.02.05	01:10:03.130	0.93485	0.93485			6
2024.02.05	01:10:03.191	0.93484	0.93484			6
2024.02.05	01:10:03.445	0.93485	0.93485			6
2024.02.05	01:10:07.970	0.93484	0.93484			6
2024.02.05	01:10:10.671	0.93483	0.93483			6
2024.02.05	01:10:10.731	0.93482	0.93482			6
2024.02.05	01:10:10.761	0.93481	0.93481			6
2024.02.05	01:10:11.103	0.93482	0.93482			6
2024.02.05	01:10:11.644	0.93483	0.93483			6
2024.02.05	01:10:12.077	0.93482	0.93482			6
2024.02.05	01:10:12.379	0.93484	0.93484			6
2024.02.05	01:10:15.096	0.93483	0.93483			6
2024.02.05	01:10:16.136	0.93485	0.93485			6
2024.02.05	01:10:16.165	0.93486	0.93486			6
2024.02.05	01:10:22.798	0.93487	0.93487			6
2024.02.05	01:10:23.624	0.93486	0.93486			6
2024.02.05	01:10:24.019	0.93485	0.93485			6
2024.02.05	01:10:24.589	0.93486	0.93486			6
2024.02.05	01:10:24.709	0.93485	0.93485			6
2024.02.05	01:10:31.384	0.93487	0.93487			6
2024.02.05	01:10:31.444	0.93491	0.93491			6
2024.02.05	01:10:31.504	0.93487	0.93487			6
2024.02.05	01:10:31.533	0.93488	0.93488			6
2024.02.05	01:10:31.654	0.93487	0.93487			6
2024.02.05	01:10:32.882	0.93488	0.93488			6
2024.02.05	01:10:33.456	0.93487	0.93487			6
2024.02.05	01:10:35.230	0.93488	0.93488			6
2024.02.05	01:10:35.701	0.93487	0.93487			6
2024.02.05	01:10:36.034	0.93488	0.93488			6
2024.02.05	01:10:36.065	0.93487	0.93487			6
2024.02.05	01:10:36.461	0.93488	0.93488			6
2024.02.05	01:10:36.795	0.93487	0.93487			6
2024.02.05	01:10:37.671	0.93488	0.93488			6
2024.02.05	01:10:38.092	0.93487	0.93487			6
2024.02.05	01:10:43.606	0.93485	0.93485			6
2024.02.05	01:10:54.585	0.93484	0.93484			6
2024.02.05	01:10:58.696	0.93485	0.93485			6
2024.02.05	01:10:58.755	0.93484	0.93484			6
2024.02.05	01:11:00.110	0.93485	0.93485			6
2024.02.05	01:11:00.412	0.93484	0.93484			6
2024.02.05	01:11:04.008	0.93483	0.93483			6
2024.02.05	01:11:09.625	0.93482	0.93482			6
2024.02.05	01:11:09.654	0.93479	0.93479			6
2024.02.05	01:11:09.773	0.93478	0.93478			6
2024.02.05	01:11:10.255	0.93475	0.93475			6
2024.02.05	01:11:13.209	0.93477	0.93477			6
2024.02.05	01:11:13.239	0.93475	0.93475			6
2024.02.05	01:11:13.632	0.93474	0.93474			6
2024.02.05	01:11:19.728	0.93475	0.93475			6
2024.02.05	01:11:19.758	0.93477	0.93477			6
2024.02.05	01:11:19.819	0.93478	0.93478			6
2024.02.05	01:11:20.017	0.93477	0.93477			6
2024.02.05	01:11:22.163	0.93478	0.93478			6
2024.02.05	01:11:22.193	0.93477	0.93477			6
2024.02.05	01:11:23.252	0.93475	0.93475			6
2024.02.05	01:11:29.918	0.93474	0.93474			6
2024.02.05	01:11:33.147	0.93475	0.93475			6
2024.02.05	01:11:33.178	0.93477	0.93477			6
2024.02.05	01:11:33.239	0.93475	0.93475			6
2024.02.05	01:11:40.228	0.93477	0.93477			6
2024.02.05	01:11:40.689	0.93476	0.93476			6
2024.02.05	01:11:44.859	0.93479	0.93479			6
2024.02.05	01:11:44.948	0.93480	0.93480			6
2024.02.05	01:11:50.877	0.93478	0.93478			6
2024.02.05	01:11:54.864	0.93477	0.93477			6
2024.02.05	01:11:55.270	0.93476	0.93476			6
2024.02.05	01:11:57.162	0.93475	0.93475			6
2024.02.05	01:11:59.306	0.93476	0.93476			6
2024.02.05	01:11:59.713	0.93475	0.93475			6
2024.02.05	01:12:00.176	0.93475				2
2024.02.05	01:12:00.206	0.93474	0.93474			6
2024.02.05	01:12:00.596	0.93475	0.93475			6
2024.02.05	01:12:01.202	0.93474	0.93474			6
2024.02.05	01:12:01.546	0.93475	0.93475			6
2024.02.05	01:12:06.979	0.93476	0.93476			6
2024.02.05	01:12:07.262	0.93475	0.93475			6
2024.02.05	01:12:11.318	0.93474	0.93474			6
2024.02.05	01:12:21.294	0.93475	0.93475			6
2024.02.05	01:12:21.516	0.93476	0.93476			6
2024.02.05	01:12:21.806	0.93475	0.93475			6
2024.02.05	01:12:22.435	0.93476	0.93476			6
2024.02.05	01:12:34.842	0.93474	0.93474			6
2024.02.05	01:12:38.154	0.93475	0.93475			6
2024.02.05	01:12:38.185	0.93476	0.93476			6
2024.02.05	01:12:43.547	0.93477	0.93477			6
2024.02.05	01:12:43.577	0.93478	0.93478			6
2024.02.05	01:12:43.607	0.93477	0.93477			6
2024.02.05	01:12:48.672	0.93474	0.93474			6
2024.02.05	01:12:48.702	0.93476	0.93476			6
2024.02.05	01:12:48.792	0.93477	0.93477			6
2024.02.05	01:12:50.593	0.93478	0.93478			6
2024.02.05	01:12:51.063	0.93477	0.93477			6
2024.02.05	01:12:52.483	0.93478	0.93478			6
2024.02.05	01:12:53.690	0.93477	0.93477			6
2024.02.05	01:12:54.205	0.93476	0.93476			6
2024.02.05	01:12:56.179	0.93477	0.93477			6
2024.02.05	01:12:56.239	0.93476	0.93476			6
2024.02.05	01:13:00.535	0.93476				2
2024.02.05	01:13:03.301	0.93475	0.93475			6
2024.02.05	01:13:06.616	0.93474	0.93474			6
2024.02.05	01:13:11.036	0.93475	0.93475			6
2024.02.05	01:13:17.266	0.93476	0.93476			6
2024.02.05	01:13:19.857	0.93477	0.93477			6
2024.02.05	01:13:19.888	0.93476	0.93476			6
2024.02.05	01:13:25.041	0.93477	0.93477			6
2024.02.05	01:13:28.293	0.93478	0.93478			6
2024.02.05	01:13:32.166	0.93477	0.93477			6
2024.02.05	01:13:32.227	0.93478	0.93478			6
2024.02.05	01:13:33.933	0.93479	0.93479			6
2024.02.05	01:13:38.352	0.93483	0.93483			6
2024.02.05	01:13:38.412	0.93482	0.93482			6
2024.02.05	01:13:38.682	0.93480	0.93480			6
2024.02.05	01:13:42.169	0.93482	0.93482			6
2024.02.05	01:13:42.261	0.93481	0.93481			6
2024.02.05	01:13:42.291	0.93480	0.93480			6
2024.02.05	01:13:42.351	0.93482	0.93482			6
2024.02.05	01:13:42.381	0.93479	0.93479			6
2024.02.05	01:13:42.561	0.93478	0.93478			6
2024.02.05	01:13:52.979	0.93476	0.93476			6
2024.02.05	01:13:53.037	0.93477	0.93477			6
2024.02.05	01:13:58.144	0.93478	0.93478			6
2024.02.05	01:14:00.102	0.93479	0.93479			6
2024.02.05	01:14:00.133	0.93478	0.93478			6
2024.02.05	01:14:11.728	0.93477	0.93477			6
2024.02.05	01:14:11.758	0.93478	0.93478			6
2024.02.05	01:14:11.819	0.93477	0.93477			6
2024.02.05	01:14:11.848	0.93478	0.93478			6
2024.02.05	01:14:11.878	0.93477	0.93477			6
2024.02.05	01:14:11.939	0.93478	0.93478			6
2024.02.05	01:14:11.969	0.93479	0.93479			6
2024.02.05	01:14:12.028	0.93478	0.93478			6
2024.02.05	01:14:12.089	0.93477	0.93477			6
2024.02.05	01:14:12.269	0.93476	0.93476			6
2024.02.05	01:14:12.299	0.93477	0.93477			6
2024.02.05	01:14:12.330	0.93478	0.93478			6
2024.02.05	01:14:22.993	0.93479	0.93479			6
2024.02.05	01:14:24.332	0.93480	0.93480			6
2024.02.05	01:14:26.416	0.93479	0.93479			6
2024.02.05	01:14:29.659	0.93478	0.93478			6
2024.02.05	01:14:31.291	0.93477	0.93477			6
2024.02.05	01:14:31.743	0.93478	0.93478			6
2024.02.05	01:14:35.097	0.93477	0.93477			6
2024.02.05	01:14:35.190	0.93476	0.93476			6
2024.02.05	01:14:35.916	0.93477	0.93477			6
2024.02.05	01:14:40.277	0.93476	0.93476			6
2024.02.05	01:14:40.336	0.93477	0.93477			6
2024.02.05	01:14:41.892	0.93476	0.93476			6
2024.02.05	01:14:42.042	0.93477	0.93477			6
2024.02.05	01:14:54.079	0.93476	0.93476			6
2024.02.05	01:14:56.249	0.93475	0.93475			6
2024.02.05	01:14:56.428	0.93477	0.93477			6
2024.02.05	01:14:56.459	0.93475	0.93475			6
2024.02.05	01:14:56.520	0.93474	0.93474			6
2024.02.05	01:15:01.179	0.93473	0.93473			6
2024.02.05	01:15:01.237	0.93472	0.93472			6
2024.02.05	01:15:03.131	0.93473	0.93473			6
2024.02.05	01:15:03.712	0.93471	0.93471			6
2024.02.05	01:15:03.772	0.93472	0.93472			6
2024.02.05	01:15:03.892	0.93473	0.93473			6
2024.02.05	01:15:04.490	0.93474	0.93474			6
2024.02.05	01:15:04.972	0.93473	0.93473			6
2024.02.05	01:15:05.364	0.93472	0.93472			6
2024.02.05	01:15:07.237	0.93473	0.93473			6
2024.02.05	01:15:08.524	0.93474	0.93474			6
2024.02.05	01:15:10.289	0.93473	0.93473			6
2024.02.05	01:15:14.492	0.93472	0.93472			6
2024.02.05	01:15:14.522	0.93469	0.93469			6
2024.02.05	01:15:15.094	0.93470	0.93470			6
2024.02.05	01:15:23.898	0.93467	0.93467			6
2024.02.05	01:15:23.926	0.93469	0.93469			6
2024.02.05	01:15:24.390	0.93470	0.93470			6
2024.02.05	01:15:24.422	0.93471	0.93471			6
2024.02.05	01:15:28.940	0.93472	0.93472			6
2024.02.05	01:15:31.189	0.93471	0.93471			6
2024.02.05	01:15:34.887	0.93472	0.93472			6
2024.02.05	01:15:35.127	0.93471	0.93471			6
2024.02.05	01:15:36.986	0.93473	0.93473			6
2024.02.05	01:15:37.045	0.93474	0.93474			6
2024.02.05	01:15:41.411	0.93472	0.93472			6
2024.02.05	01:15:41.441	0.93469	0.93469			6
2024.02.05	01:15:41.731	0.93471	0.93471			6
2024.02.05	01:16:00.119	0.93471				2
2024.02.05	01:16:02.200	0.93472	0.93472			6
2024.02.05	01:16:02.410	0.93473	0.93473			6
2024.02.05	01:16:02.650	0.93474	0.93474			6
2024.02.05	01:16:02.860	0.93475	0.93475			6
2024.02.05	01:16:03.222	0.93474	0.93474			6
2024.02.05	01:16:04.143	0.93471	0.93471			6
2024.02.05	01:16:04.173	0.93472	0.93472			6
2024.02.05	01:16:04.232	0.93473	0.93473			6
2024.02.05	01:16:04.352	0.93474	0.93474			6
2024.02.05	01:16:09.023	0.93473	0.93473			6
2024.02.05	01:16:09.054	0.93471	0.93471			6
2024.02.05	01:16:09.143	0.93470	0.93470			6
2024.02.05	01:16:09.173	0.93469	0.93469			6
2024.02.05	01:16:18.364	0.93470	0.93470			6
2024.02.05	01:16:19.145	0.93471	0.93471			6
2024.02.05	01:16:20.154	0.93472	0.93472			6
2024.02.05	01:16:21.714	0.93471	0.93471			6
2024.02.05	01:16:23.070	0.93472	0.93472			6
2024.02.05	01:16:38.551	0.93473	0.93473			6
2024.02.05	01:16:38.881	0.93472	0.93472			6
2024.02.05	01:16:39.247	0.93473	0.93473			6
2024.02.05	01:16:54.378	0.93474	0.93474			6
2024.02.05	01:16:56.219	0.93473	0.93473			6
2024.02.05	01:17:06.399	0.93473				2
2024.02.05	01:17:06.428	0.93474	0.93474			6
2024.02.05	01:17:06.488	0.93473	0.93473			6
2024.02.05	01:17:07.028	0.93474	0.93474			6
2024.02.05	01:17:07.119	0.93473	0.93473			6
2024.02.05	01:17:07.150	0.93472	0.93472			6
2024.02.05	01:17:09.059	0.93473	0.93473			6
2024.02.05	01:17:11.256	0.93470	0.93470			6
2024.02.05	01:17:11.287	0.93468	0.93468			6
2024.02.05	01:17:11.376	0.93467	0.93467			6
2024.02.05	01:17:11.466	0.93466	0.93466			6
2024.02.05	01:17:13.503	0.93467	0.93467			6
2024.02.05	01:17:15.720	0.93466	0.93466			6
2024.02.05	01:17:21.547	0.93469	0.93469			6
2024.02.05	01:17:21.577	0.93470	0.93470			6
2024.02.05	01:17:21.607	0.93471	0.93471			6
2024.02.05	01:17:30.396	0.93470	0.93470			6
2024.02.05	01:17:44.377	0.93471	0.93471			6
2024.02.05	01:17:52.224	0.93470	0.93470			6
2024.02.05	01:18:04.104	0.93470				2
2024.02.05	01:18:04.134	0.93472	0.93472			6
2024.02.05	01:18:04.403	0.93473	0.93473			6
2024.02.05	01:18:09.235	0.93471	0.93471			6
2024.02.05	01:18:09.264	0.93468	0.93468			6
2024.02.05	01:18:10.276	0.93467	0.93467			6
2024.02.05	01:18:10.810	0.93466	0.93466			6
2024.02.05	01:18:19.804	0.93467	0.93467			6
2024.02.05	01:18:24.344	0.93466	0.93466			6
2024.02.05	01:18:27.114	0.93468	0.93468			6
2024.02.05	01:18:33.021	0.93467	0.93467			6
2024.02.05	01:18:50.710	0.93470	0.93470			6
2024.02.05	01:18:50.830	0.93469	0.93469			6
2024.02.05	01:18:51.070	0.93470	0.93470			6
2024.02.05	01:18:51.775	0.93469	0.93469			6
2024.02.05	01:18:52.075	0.93470	0.93470			6
2024.02.05	01:18:53.201	0.93471	0.93471			6
2024.02.05	01:18:53.351	0.93473	0.93473			6
2024.02.05	01:18:54.432	0.93474	0.93474			6
2024.02.05	01:18:54.524	0.93473	0.93473			6
2024.02.05	01:18:56.162	0.93474	0.93474			6
2024.02.05	01:18:57.565	0.93473	0.93473			6
2024.02.05	01:18:59.963	0.93472	0.93472			6
2024.02.05	01:19:20.716	0.93470	0.93470			6
2024.02.05	01:19:20.747	0.93469	0.93469			6
2024.02.05	01:19:20.806	0.93468	0.93468			6
2024.02.05	01:19:24.866	0.93469	0.93469			6
2024.02.05	01:19:25.835	0.93468	0.93468			6
2024.02.05	01:19:27.971	0.93467	0.93467			6
2024.02.05	01:19:28.183	0.93468	0.93468			6
2024.02.05	01:19:28.211	0.93469	0.93469			6
2024.02.05	01:19:28.241	0.93468	0.93468			6
2024.02.05	01:19:28.450	0.93470	0.93470			6
2024.02.05	01:19:28.631	0.93471	0.93471			6
2024.02.05	01:19:33.351	0.93472	0.93472			6
2024.02.05	01:19:33.383	0.93473	0.93473			6
2024.02.05	01:19:33.892	0.93474	0.93474			6
2024.02.05	01:19:34.073	0.93473	0.93473			6
2024.02.05	01:20:00.221	0.93473				2
2024.02.05	01:20:00.672	0.93472	0.93472			6
2024.02.05	01:20:01.182	0.93471	0.93471			6
2024.02.05	01:20:06.927	0.93472	0.93472			6
2024.02.05	01:20:07.820	0.93471	0.93471			6
2024.02.05	01:20:10.699	0.93472	0.93472			6
2024.02.05	01:20:12.542	0.93471	0.93471			6
2024.02.05	01:20:14.659	0.93472	0.93472			6
2024.02.05	01:20:16.580	0.93471	0.93471			6
2024.02.05	01:20:17.468	0.93472	0.93472			6
2024.02.05	01:20:17.594	0.93471	0.93471			6
2024.02.05	01:20:17.745	0.93472	0.93472			6
2024.02.05	01:20:19.590	0.93471	0.93471			6
2024.02.05	01:20:22.866	0.93472	0.93472			6
2024.02.05	01:20:23.364	0.93471	0.93471			6
2024.02.05	01:20:29.405	0.93472	0.93472			6
2024.02.05	01:20:29.495	0.93471	0.93471			6
2024.02.05	01:20:37.894	0.93472	0.93472			6
2024.02.05	01:20:37.984	0.93471	0.93471			6
2024.02.05	01:20:38.904	0.93472	0.93472			6
2024.02.05	01:20:39.085	0.93471	0.93471			6
2024.02.05	01:21:01.460	0.93470	0.93470			6
2024.02.05	01:21:06.676	0.93471	0.93471			6
2024.02.05	01:21:06.735	0.93470	0.93470			6
2024.02.05	01:21:06.863	0.93472	0.93472			6
2024.02.05	01:21:06.954	0.93470	0.93470			6
2024.02.05	01:21:07.014	0.93471	0.93471			6
2024.02.05	01:21:11.601	0.93470	0.93470			6
2024.02.05	01:21:14.630	0.93471	0.93471			6
2024.02.05	01:21:14.660	0.93472	0.93472			6
2024.02.05	01:21:21.345	0.93473	0.93473			6
2024.02.05	01:21:53.859	0.93472	0.93472			6
2024.02.05	01:22:00.131	0.93472				2
2024.02.05	01:22:04.494	0.93473	0.93473			6
2024.02.05	01:22:29.083	0.93472	0.93472			6
2024.02.05	01:23:00.447	0.93472				2
2024.02.05	01:23:00.554	0.93471	0.93471			6
2024.02.05	01:23:05.404	0.93470	0.93470			6
2024.02.05	01:23:05.465	0.93468	0.93468			6
2024.02.05	01:23:18.134	0.93469	0.93469			6
2024.02.05	01:23:18.586	0.93470	0.93470			6
2024.02.05	01:23:35.348	0.93469	0.93469			6
2024.02.05	01:23:35.377	0.93472	0.93472			6
2024.02.05	01:23:35.407	0.93471	0.93471			6
2024.02.05	01:23:35.437	0.93472	0.93472			6
2024.02.05	01:23:38.626	0.93468	0.93468			6
2024.02.05	01:23:50.879	0.93469	0.93469			6
2024.02.05	01:23:57.381	0.93468	0.93468			6
2024.02.05	01:23:57.411	0.93467	0.93467			6
2024.02.05	01:23:57.696	0.93468	0.93468			6
2024.02.05	01:24:04.741	0.93468				2
2024.02.05	01:24:08.855	0.93469	0.93469			6
2024.02.05	01:24:36.448	0.93468	0.93468			6
2024.02.05	01:24:36.909	0.93469	0.93469			6
2024.02.05	01:24:42.057	0.93468	0.93468			6
2024.02.05	01:24:48.732	0.93469	0.93469			6
2024.02.05	01:25:00.591	0.93469				2
2024.02.05	01:25:17.700	0.93470	0.93470			6
2024.02.05	01:25:18.332	0.93469	0.93469			6
2024.02.05	01:25:43.492	0.93470	0.93470			6
2024.02.05	01:25:51.841	0.93469	0.93469			6
2024.02.05	01:25:55.382	0.93470	0.93470			6
2024.02.05	01:25:59.889	0.93469	0.93469			6
2024.02.05	01:26:03.918	0.93469				2
2024.02.05	01:26:09.093	0.93468	0.93468			6
2024.02.05	01:26:14.498	0.93469	0.93469			6
2024.02.05	01:26:14.559	0.93470	0.93470			6
2024.02.05	01:26:26.346	0.93471	0.93471			6
2024.02.05	01:26:29.188	0.93472	0.93472			6
2024.02.05	01:26:29.217	0.93473	0.93473			6
2024.02.05	01:26:29.247	0.93472	0.93472			6
2024.02.05	01:26:29.456	0.93470	0.93470			6
2024.02.05	01:26:49.364	0.93469	0.93469			6
2024.02.05	01:26:58.324	0.93471	0.93471			6
2024.02.05	01:26:58.354	0.93470	0.93470			6
2024.02.05	01:26:58.414	0.93468	0.93468			6
2024.02.05	01:27:00.104	0.93468				2
2024.02.05	01:27:00.905	0.93467	0.93467			6
2024.02.05	01:27:07.414	0.93468	0.93468			6
2024.02.05	01:27:07.476	0.93467	0.93467			6
2024.02.05	01:27:09.235	0.93468	0.93468			6
2024.02.05	01:27:11.951	0.93469	0.93469			6
2024.02.05	01:27:13.883	0.93470	0.93470			6
2024.02.05	01:27:15.657	0.93469	0.93469			6
2024.02.05	01:27:17.516	0.93471	0.93471			6
2024.02.05	01:27:17.546	0.93470	0.93470			6
2024.02.05	01:27:21.750	0.93471	0.93471			6
2024.02.05	01:27:27.024	0.93470	0.93470			6
2024.02.05	01:27:27.055	0.93471	0.93471			6
2024.02.05	01:27:27.778	0.93469	0.93469			6
2024.02.05	01:27:28.218	0.93470	0.93470			6
2024.02.05	01:27:32.023	0.93469	0.93469			6
2024.02.05	01:27:32.354	0.93470	0.93470			6
2024.02.05	01:27:32.684	0.93469	0.93469			6
2024.02.05	01:27:39.925	0.93471	0.93471			6
2024.02.05	01:27:53.231	0.93472	0.93472			6
2024.02.05	01:27:59.623	0.93470	0.93470			6
2024.02.05	01:28:01.907	0.93469	0.93469			6
2024.02.05	01:28:01.936	0.93468	0.93468			6
2024.02.05	01:28:02.327	0.93469	0.93469			6
2024.02.05	01:28:03.629	0.93470	0.93470			6
2024.02.05	01:28:07.709	0.93468	0.93468			6
2024.02.05	01:28:14.710	0.93469	0.93469			6
2024.02.05	01:28:15.995	0.93470	0.93470			6
2024.02.05	01:28:22.471	0.93469	0.93469			6
2024.02.05	01:28:22.502	0.93470	0.93470			6
2024.02.05	01:28:24.653	0.93469	0.93469			6
2024.02.05	01:28:27.131	0.93468	0.93468			6
2024.02.05	01:29:00.607	0.93467	0.93467			6
2024.02.05	01:29:04.012	0.93468	0.93468			6
2024.02.05	01:29:29.134	0.93467	0.93467			6
2024.02.05	01:29:29.165	0.93465	0.93465			6
2024.02.05	01:29:29.195	0.93462	0.93462			6
2024.02.05	01:29:29.224	0.93461	0.93461			6
2024.02.05	01:29:29.253	0.93462	0.93462			6
2024.02.05	01:29:29.403	0.93461	0.93461			6
2024.02.05	01:29:30.773	0.93460	0.93460			6
2024.02.05	01:29:32.294	0.93459	0.93459			6
2024.02.05	01:29:32.323	0.93460	0.93460			6
2024.02.05	01:29:36.857	0.93458	0.93458			6
2024.02.05	01:29:42.878	0.93459	0.93459			6
2024.02.05	01:29:43.877	0.93461	0.93461			6
2024.02.05	01:29:44.124	0.93460	0.93460			6
2024.02.05	01:29:46.645	0.93461	0.93461			6
2024.02.05	01:29:50.092	0.93460	0.93460			6
2024.02.05	01:29:51.335	0.93461	0.93461			6
2024.02.05	01:29:59.345	0.93460	0.93460			6
2024.02.05	01:30:00.256	0.93461	0.93461			6
2024.02.05	01:30:00.648	0.93460	0.93460			6
2024.02.05	01:30:00.678	0.93461	0.93461			6
2024.02.05	01:30:03.864	0.93460	0.93460			6
2024.02.05	01:30:05.659	0.93461	0.93461			6
2024.02.05	01:30:05.952	0.93463	0.93463			6
2024.02.05	01:30:06.012	0.93461	0.93461			6
2024.02.05	01:30:06.556	0.93462	0.93462			6
2024.02.05	01:30:07.156	0.93461	0.93461			6
2024.02.05	01:30:07.848	0.93462	0.93462			6
2024.02.05	01:30:10.679	0.93463	0.93463			6
2024.02.05	01:30:10.709	0.93464	0.93464			6
2024.02.05	01:30:12.273	0.93465	0.93465			6
2024.02.05	01:30:12.303	0.93467	0.93467			6
2024.02.05	01:30:14.353	0.93468	0.93468			6
2024.02.05	01:30:14.805	0.93467	0.93467			6
2024.02.05	01:30:14.835	0.93466	0.93466			6
2024.02.05	01:30:25.313	0.93467	0.93467			6
2024.02.05	01:30:30.660	0.93468	0.93468			6
2024.02.05	01:30:35.771	0.93467	0.93467			6
2024.02.05	01:30:38.020	0.93468	0.93468			6
2024.02.05	01:30:38.722	0.93467	0.93467			6
2024.02.05	01:30:42.564	0.93466	0.93466			6
2024.02.05	01:30:46.313	0.93467	0.93467			6
2024.02.05	01:30:46.343	0.93468	0.93468			6
2024.02.05	01:30:46.374	0.93469	0.93469			6
2024.02.05	01:30:46.523	0.93468	0.93468			6
2024.02.05	01:30:47.181	0.93469	0.93469			6
2024.02.05	01:30:48.595	0.93468	0.93468			6
2024.02.05	01:30:48.804	0.93469	0.93469			6
2024.02.05	01:30:49.170	0.93468	0.93468			6
2024.02.05	01:30:49.381	0.93469	0.93469			6
2024.02.05	01:30:51.754	0.93471	0.93471			6
2024.02.05	01:30:51.784	0.93472	0.93472			6
2024.02.05	01:30:57.927	0.93471	0.93471			6
2024.02.05	01:31:00.125	0.93472	0.93472			6
2024.02.05	01:31:00.155	0.93473	0.93473			6
2024.02.05	01:31:09.354	0.93474	0.93474			6
2024.02.05	01:31:10.084	0.93472	0.93472			6
2024.02.05	01:31:14.321	0.93471	0.93471			6
2024.02.05	01:31:15.379	0.93472	0.93472			6
2024.02.05	01:31:15.407	0.93473	0.93473			6
2024.02.05	01:31:37.881	0.93472	0.93472			6
2024.02.05	01:31:37.971	0.93471	0.93471			6
2024.02.05	01:31:39.710	0.93472	0.93472			6
2024.02.05	01:31:40.095	0.93471	0.93471			6
2024.02.05	01:31:45.391	0.93472	0.93472			6
2024.02.05	01:31:46.170	0.93473	0.93473			6
2024.02.05	01:31:46.259	0.93472	0.93472			6
2024.02.05	01:31:46.289	0.93473	0.93473			6
2024.02.05	01:31:46.475	0.93472	0.93472			6
2024.02.05	01:31:54.806	0.93474	0.93474			6
2024.02.05	01:32:00.212	0.93475	0.93475			6
2024.02.05	01:32:00.801	0.93473	0.93473			6
2024.02.05	01:32:09.851	0.93472	0.93472			6
2024.02.05	01:32:10.662	0.93473	0.93473			6
2024.02.05	01:32:19.209	0.93472	0.93472			6
2024.02.05	01:32:19.240	0.93473	0.93473			6
2024.02.05	01:32:19.269	0.93475	0.93475			6
2024.02.05	01:32:19.450	0.93473	0.93473			6
2024.02.05	01:32:21.283	0.93475	0.93475			6
2024.02.05	01:32:23.151	0.93474	0.93474			6
2024.02.05	01:32:28.917	0.93475	0.93475			6
2024.02.05	01:32:30.353	0.93474	0.93474			6
2024.02.05	01:32:45.718	0.93473	0.93473			6
2024.02.05	01:33:03.757	0.93473				2
2024.02.05	01:33:09.860	0.93474	0.93474			6
2024.02.05	01:33:09.950	0.93473	0.93473			6
2024.02.05	01:33:10.823	0.93471	0.93471			6
2024.02.05	01:33:14.891	0.93472	0.93472			6
2024.02.05	01:33:14.920	0.93471	0.93471			6
2024.02.05	01:33:18.795	0.93472	0.93472			6
2024.02.05	01:33:18.884	0.93473	0.93473			6
2024.02.05	01:33:19.245	0.93472	0.93472			6
2024.02.05	01:33:19.514	0.93473	0.93473			6
2024.02.05	01:33:21.002	0.93472	0.93472			6
2024.02.05	01:33:21.063	0.93474	0.93474			6
2024.02.05	01:33:28.694	0.93475	0.93475			6
2024.02.05	01:33:31.788	0.93476	0.93476			6
2024.02.05	01:33:36.337	0.93477	0.93477			6
2024.02.05	01:33:41.157	0.93475	0.93475			6
2024.02.05	01:33:41.369	0.93473	0.93473			6
2024.02.05	01:33:42.053	0.93472	0.93472			6
2024.02.05	01:33:42.082	0.93474	0.93474			6
2024.02.05	01:33:45.164	0.93475	0.93475			6
2024.02.05	01:34:00.047	0.93476	0.93476			6
2024.02.05	01:34:00.108	0.93475	0.93475			6
2024.02.05	01:34:00.169	0.93477	0.93477			6
2024.02.05	01:34:00.200	0.93478	0.93478			6
2024.02.05	01:34:27.410	0.93477	0.93477			6
2024.02.05	01:34:43.621	0.93478	0.93478			6
2024.02.05	01:34:44.648	0.93477	0.93477			6
2024.02.05	01:34:45.231	0.93478	0.93478			6
2024.02.05	01:34:45.293	0.93477	0.93477			6
2024.02.05	01:35:00.125	0.93478	0.93478			6
2024.02.05	01:35:00.551	0.93477	0.93477			6
2024.02.05	01:35:00.675	0.93478	0.93478			6
2024.02.05	01:35:00.944	0.93477	0.93477			6
2024.02.05	01:35:01.460	0.93478	0.93478			6
2024.02.05	01:35:13.145	0.93479	0.93479			6
2024.02.05	01:35:13.506	0.93478	0.93478			6
2024.02.05	01:35:16.122	0.93479	0.93479			6
2024.02.05	01:35:17.551	0.93480	0.93480			6
2024.02.05	01:35:18.061	0.93479	0.93479			6
2024.02.05	01:35:18.588	0.93480	0.93480			6
2024.02.05	01:35:19.694	0.93479	0.93479			6
2024.02.05	01:35:20.560	0.93480	0.93480			6
2024.02.05	01:35:21.017	0.93479	0.93479			6
2024.02.05	01:35:21.526	0.93480	0.93480			6
2024.02.05	01:35:22.293	0.93481	0.93481			6
2024.02.05	01:35:25.645	0.93480	0.93480			6
2024.02.05	01:35:25.765	0.93479	0.93479			6
2024.02.05	01:35:25.824	0.93480	0.93480			6
2024.02.05	01:35:27.975	0.93481	0.93481			6
2024.02.05	01:35:28.624	0.93480	0.93480			6
2024.02.05	01:35:30.842	0.93481	0.93481			6
2024.02.05	01:35:32.047	0.93479	0.93479			6
2024.02.05	01:35:36.170	0.93478	0.93478			6
2024.02.05	01:35:38.323	0.93479	0.93479			6
2024.02.05	01:35:38.383	0.93480	0.93480			6
2024.02.05	01:35:41.705	0.93481	0.93481			6
2024.02.05	01:35:41.734	0.93480	0.93480			6
2024.02.05	01:35:52.332	0.93481	0.93481			6
2024.02.05	01:36:00.196	0.93480	0.93480			6
2024.02.05	01:36:01.191	0.93479	0.93479			6
2024.02.05	01:36:30.190	0.93478	0.93478			6
2024.02.05	01:36:30.219	0.93477	0.93477			6
2024.02.05	01:36:31.754	0.93476	0.93476			6
2024.02.05	01:36:36.948	0.93477	0.93477			6
2024.02.05	01:36:37.220	0.93478	0.93478			6
2024.02.05	01:36:39.032	0.93477	0.93477			6
2024.02.05	01:36:39.692	0.93476	0.93476			6
2024.02.05	01:36:39.781	0.93475	0.93475			6
2024.02.05	01:36:52.030	0.93476	0.93476			6
2024.02.05	01:37:00.112	0.93475	0.93475			6
2024.02.05	01:37:02.334	0.93476	0.93476			6
2024.02.05	01:37:08.752	0.93475	0.93475			6
2024.02.05	01:37:32.587	0.93474	0.93474			6
2024.02.05	01:37:54.464	0.93475	0.93475			6
2024.02.05	01:37:54.493	0.93476	0.93476			6
2024.02.05	01:37:54.523	0.93477	0.93477			6
2024.02.05	01:37:55.392	0.93478	0.93478			6
2024.02.05	01:37:57.917	0.93479	0.93479			6
2024.02.05	01:37:57.947	0.93481	0.93481			6
2024.02.05	01:38:00.052	0.93481				2
2024.02.05	01:38:10.469	0.93482	0.93482			6
2024.02.05	01:38:18.059	0.93481	0.93481			6
2024.02.05	01:38:18.090	0.93479	0.93479			6
2024.02.05	01:38:18.118	0.93478	0.93478			6
2024.02.05	01:38:18.149	0.93477	0.93477			6
2024.02.05	01:38:19.223	0.93478	0.93478			6
2024.02.05	01:38:19.576	0.93477	0.93477			6
2024.02.05	01:38:20.352	0.93478	0.93478			6
2024.02.05	01:38:21.587	0.93477	0.93477			6
2024.02.05	01:38:23.966	0.93478	0.93478			6
2024.02.05	01:38:25.445	0.93477	0.93477			6
2024.02.05	01:38:26.942	0.93478	0.93478			6
2024.02.05	01:38:26.972	0.93479	0.93479			6
2024.02.05	01:38:27.031	0.93478	0.93478			6
2024.02.05	01:38:27.061	0.93479	0.93479			6
2024.02.05	01:38:27.182	0.93480	0.93480			6
2024.02.05	01:38:35.833	0.93481	0.93481			6
2024.02.05	01:38:37.290	0.93482	0.93482			6
2024.02.05	01:38:37.381	0.93481	0.93481			6
2024.02.05	01:38:40.500	0.93482	0.93482			6
2024.02.05	01:38:41.275	0.93481	0.93481			6
2024.02.05	01:38:43.334	0.93480	0.93480			6
2024.02.05	01:38:43.363	0.93484	0.93484			6
2024.02.05	01:38:45.733	0.93483	0.93483			6
2024.02.05	01:38:53.028	0.93484	0.93484			6
2024.02.05	01:38:53.057	0.93483	0.93483			6
2024.02.05	01:38:53.146	0.93482	0.93482			6
2024.02.05	01:38:53.175	0.93481	0.93481			6
2024.02.05	01:38:58.430	0.93480	0.93480			6
2024.02.05	01:39:00.093	0.93481	0.93481			6
2024.02.05	01:39:19.163	0.93483	0.93483			6
2024.02.05	01:39:32.947	0.93482	0.93482			6
2024.02.05	01:39:47.630	0.93481	0.93481			6
2024.02.05	01:39:47.937	0.93480	0.93480			6
2024.02.05	01:39:50.456	0.93481	0.93481			6
2024.02.05	01:39:50.486	0.93480	0.93480			6
2024.02.05	01:40:01.211	0.93480				2
2024.02.05	01:40:01.270	0.93481	0.93481			6
2024.02.05	01:40:01.451	0.93483	0.93483			6
2024.02.05	01:40:04.784	0.93484	0.93484			6
2024.02.05	01:40:10.961	0.93483	0.93483			6
2024.02.05	01:40:11.155	0.93484	0.93484			6
2024.02.05	01:40:11.851	0.93485	0.93485			6
2024.02.05	01:40:16.255	0.93486	0.93486			6
2024.02.05	01:40:17.356	0.93485	0.93485			6
2024.02.05	01:40:23.525	0.93483	0.93483			6
2024.02.05	01:40:23.586	0.93482	0.93482			6
2024.02.05	01:40:24.248	0.93483	0.93483			6
2024.02.05	01:40:27.918	0.93484	0.93484			6
2024.02.05	01:40:28.735	0.93483	0.93483			6
2024.02.05	01:40:31.189	0.93484	0.93484			6
2024.02.05	01:40:31.249	0.93483	0.93483			6
2024.02.05	01:40:35.842	0.93482	0.93482			6
2024.02.05	01:40:41.504	0.93483	0.93483			6
2024.02.05	01:40:42.103	0.93484	0.93484			6
2024.02.05	01:40:42.643	0.93483	0.93483			6
2024.02.05	01:40:42.735	0.93484	0.93484			6
2024.02.05	01:40:44.503	0.93485	0.93485			6
2024.02.05	01:40:55.563	0.93486	0.93486			6
2024.02.05	01:40:56.827	0.93485	0.93485			6
2024.02.05	01:40:58.198	0.93486	0.93486			6
2024.02.05	01:41:01.938	0.93485	0.93485			6
2024.02.05	01:41:02.468	0.93486	0.93486			6
2024.02.05	01:41:02.559	0.93487	0.93487			6
2024.02.05	01:41:02.617	0.93486	0.93486			6
2024.02.05	01:41:02.648	0.93487	0.93487			6
2024.02.05	01:41:04.819	0.93488	0.93488			6
2024.02.05	01:41:05.000	0.93487	0.93487			6
2024.02.05	01:41:06.125	0.93488	0.93488			6
2024.02.05	01:41:06.154	0.93486	0.93486			6
2024.02.05	01:41:06.184	0.93487	0.93487			6
2024.02.05	01:41:07.439	0.93486	0.93486			6
2024.02.05	01:41:07.803	0.93487	0.93487			6
2024.02.05	01:41:10.125	0.93486	0.93486			6
2024.02.05	01:41:10.155	0.93487	0.93487			6
2024.02.05	01:41:13.535	0.93486	0.93486			6
2024.02.05	01:41:13.656	0.93487	0.93487			6
2024.02.05	01:41:14.704	0.93486	0.93486			6
2024.02.05	01:41:20.191	0.93487	0.93487			6
2024.02.05	01:41:20.221	0.93486	0.93486			6
2024.02.05	01:41:29.859	0.93487	0.93487			6
2024.02.05	01:41:30.296	0.93486	0.93486			6
2024.02.05	01:41:31.452	0.93487	0.93487			6
2024.02.05	01:41:32.522	0.93486	0.93486			6
2024.02.05	01:41:33.203	0.93487	0.93487			6
2024.02.05	01:41:36.159	0.93486	0.93486			6
2024.02.05	01:41:37.297	0.93487	0.93487			6
2024.02.05	01:41:38.269	0.93486	0.93486			6
2024.02.05	01:41:39.455	0.93487	0.93487			6
2024.02.05	01:41:45.799	0.93488	0.93488			6
2024.02.05	01:41:46.924	0.93487	0.93487			6
2024.02.05	01:41:46.954	0.93488	0.93488			6
2024.02.05	01:41:47.506	0.93487	0.93487			6
2024.02.05	01:41:48.262	0.93486	0.93486			6
2024.02.05	01:41:48.549	0.93487	0.93487			6
2024.02.05	01:41:51.996	0.93488	0.93488			6
2024.02.05	01:42:00.714	0.93487	0.93487			6
2024.02.05	01:42:02.019	0.93486	0.93486			6
2024.02.05	01:42:10.795	0.93490	0.93490			6
2024.02.05	01:42:16.007	0.93491	0.93491			6
2024.02.05	01:42:16.037	0.93490	0.93490			6
2024.02.05	01:42:16.067	0.93492	0.93492			6
2024.02.05	01:42:16.941	0.93489	0.93489			6
2024.02.05	01:42:16.970	0.93488	0.93488			6
2024.02.05	01:42:17.180	0.93491	0.93491			6
2024.02.05	01:42:17.210	0.93490	0.93490			6
2024.02.05	01:42:22.993	0.93487	0.93487			6
2024.02.05	01:42:23.022	0.93484	0.93484			6
2024.02.05	01:42:23.051	0.93485	0.93485			6
2024.02.05	01:42:28.152	0.93483	0.93483			6
2024.02.05	01:42:28.273	0.93481	0.93481			6
2024.02.05	01:42:28.988	0.93480	0.93480			6
2024.02.05	01:42:33.123	0.93481	0.93481			6
2024.02.05	01:42:33.182	0.93480	0.93480			6
2024.02.05	01:42:33.241	0.93481	0.93481			6
2024.02.05	01:42:37.717	0.93480	0.93480			6
2024.02.05	01:42:37.781	0.93479	0.93479			6
2024.02.05	01:42:39.077	0.93478	0.93478			6
2024.02.05	01:42:40.948	0.93479	0.93479			6
2024.02.05	01:42:44.277	0.93480	0.93480			6
2024.02.05	01:42:45.761	0.93479	0.93479			6
2024.02.05	01:42:45.910	0.93481	0.93481			6
2024.02.05	01:42:47.653	0.93483	0.93483			6
2024.02.05	01:42:47.683	0.93482	0.93482			6
2024.02.05	01:42:54.362	0.93481	0.93481			6
2024.02.05	01:42:55.930	0.93480	0.93480			6
2024.02.05	01:42:57.332	0.93481	0.93481			6
2024.02.05	01:43:00.101	0.93481				2
2024.02.05	01:43:07.699	0.93480	0.93480			6
2024.02.05	01:43:18.055	0.93479	0.93479			6
2024.02.05	01:43:19.423	0.93478	0.93478			6
2024.02.05	01:43:20.100	0.93479	0.93479			6
2024.02.05	01:43:29.220	0.93480	0.93480			6
2024.02.05	01:43:29.790	0.93479	0.93479			6
2024.02.05	01:43:30.060	0.93480	0.93480			6
2024.02.05	01:43:54.140	0.93481	0.93481			6
2024.02.05	01:43:54.712	0.93480	0.93480			6
2024.02.05	01:44:01.950	0.93481	0.93481			6
2024.02.05	01:44:02.012	0.93480	0.93480			6
2024.02.05	01:44:03.154	0.93481	0.93481			6
2024.02.05	01:44:12.522	0.93480	0.93480			6
2024.02.05	01:44:15.209	0.93479	0.93479			6
2024.02.05	01:44:16.674	0.93480	0.93480			6
2024.02.05	01:44:16.703	0.93478	0.93478			6
2024.02.05	01:44:27.363	0.93479	0.93479			6
2024.02.05	01:44:27.454	0.93478	0.93478			6
2024.02.05	01:44:28.995	0.93479	0.93479			6
2024.02.05	01:44:35.884	0.93478	0.93478			6
2024.02.05	01:44:36.363	0.93479	0.93479			6
2024.02.05	01:44:37.163	0.93480	0.93480			6
2024.02.05	01:44:38.375	0.93481	0.93481			6
2024.02.05	01:44:40.215	0.93480	0.93480			6
2024.02.05	01:44:49.691	0.93479	0.93479			6
2024.02.05	01:44:49.751	0.93480	0.93480			6
2024.02.05	01:44:50.271	0.93478	0.93478			6
2024.02.05	01:45:00.057	0.93479	0.93479			6
2024.02.05	01:45:00.298	0.93478	0.93478			6
2024.02.05	01:45:20.003	0.93479	0.93479			6
2024.02.05	01:45:21.003	0.93480	0.93480			6
2024.02.05	01:45:22.700	0.93479	0.93479			6
2024.02.05	01:45:28.096	0.93480	0.93480			6
2024.02.05	01:45:36.586	0.93478	0.93478			6
2024.02.05	01:45:38.692	0.93480	0.93480			6
2024.02.05	01:45:40.578	0.93479	0.93479			6
2024.02.05	01:45:41.719	0.93478	0.93478			6
2024.02.05	01:45:41.749	0.93479	0.93479			6
2024.02.05	01:45:42.135	0.93478	0.93478			6
2024.02.05	01:45:42.256	0.93479	0.93479			6
2024.02.05	01:45:42.286	0.93478	0.93478			6
2024.02.05	01:45:42.468	0.93479	0.93479			6
2024.02.05	01:45:42.498	0.93478	0.93478			6
2024.02.05	01:45:43.178	0.93479	0.93479			6
2024.02.05	01:45:44.040	0.93478	0.93478			6
2024.02.05	01:45:44.310	0.93479	0.93479			6
2024.02.05	01:45:53.728	0.93480	0.93480			6
2024.02.05	01:45:54.664	0.93479	0.93479			6
2024.02.05	01:45:58.468	0.93480	0.93480			6
2024.02.05	01:46:01.087	0.93479	0.93479			6
2024.02.05	01:46:10.130	0.93477	0.93477			6
2024.02.05	01:46:10.160	0.93478	0.93478			6
2024.02.05	01:46:10.221	0.93479	0.93479			6
2024.02.05	01:46:10.941	0.93478	0.93478			6
2024.02.05	01:46:11.061	0.93479	0.93479			6
2024.02.05	01:46:11.300	0.93478	0.93478			6
2024.02.05	01:46:12.535	0.93477	0.93477			6
2024.02.05	01:46:13.168	0.93476	0.93476			6
2024.02.05	01:46:13.229	0.93477	0.93477			6
2024.02.05	01:46:13.790	0.93478	0.93478			6
2024.02.05	01:46:15.018	0.93477	0.93477			6
2024.02.05	01:46:15.048	0.93478	0.93478			6
2024.02.05	01:46:15.079	0.93479	0.93479			6
2024.02.05	01:46:15.109	0.93480	0.93480			6
2024.02.05	01:46:20.251	0.93478	0.93478			6
2024.02.05	01:46:20.372	0.93480	0.93480			6
2024.02.05	01:46:20.492	0.93479	0.93479			6
2024.02.05	01:46:20.650	0.93478	0.93478			6
2024.02.05	01:46:21.011	0.93479	0.93479			6
2024.02.05	01:46:21.041	0.93478	0.93478			6
2024.02.05	01:46:21.342	0.93476	0.93476			6
2024.02.05	01:46:25.049	0.93477	0.93477			6
2024.02.05	01:46:25.490	0.93478	0.93478			6
2024.02.05	01:46:32.530	0.93477	0.93477			6
2024.02.05	01:46:32.559	0.93478	0.93478			6
2024.02.05	01:46:34.433	0.93477	0.93477			6
2024.02.05	01:46:34.463	0.93478	0.93478			6
2024.02.05	01:46:34.614	0.93477	0.93477			6
2024.02.05	01:46:34.646	0.93478	0.93478			6
2024.02.05	01:46:36.752	0.93480	0.93480			6
2024.02.05	01:46:36.970	0.93481	0.93481			6
2024.02.05	01:46:37.030	0.93480	0.93480			6
2024.02.05	01:46:37.211	0.93481	0.93481			6
2024.02.05	01:46:37.966	0.93480	0.93480			6
2024.02.05	01:46:38.480	0.93481	0.93481			6
2024.02.05	01:46:38.659	0.93480	0.93480			6
2024.02.05	01:46:38.990	0.93479	0.93479			6
2024.02.05	01:46:41.276	0.93480	0.93480			6
2024.02.05	01:46:44.854	0.93479	0.93479			6
2024.02.05	01:46:45.154	0.93480	0.93480			6
2024.02.05	01:46:45.511	0.93479	0.93479			6
2024.02.05	01:46:45.916	0.93480	0.93480			6
2024.02.05	01:46:47.143	0.93479	0.93479			6
2024.02.05	01:46:48.480	0.93480	0.93480			6
2024.02.05	01:46:51.041	0.93479	0.93479			6
2024.02.05	01:46:53.113	0.93480	0.93480			6
2024.02.05	01:46:53.537	0.93479	0.93479			6
2024.02.05	01:46:54.552	0.93480	0.93480			6
2024.02.05	01:46:57.659	0.93479	0.93479			6
2024.02.05	01:46:57.718	0.93478	0.93478			6
2024.02.05	01:46:57.899	0.93479	0.93479			6
2024.02.05	01:46:58.051	0.93478	0.93478			6
2024.02.05	01:46:58.631	0.93479	0.93479			6
2024.02.05	01:47:00.918	0.93478	0.93478			6
2024.02.05	01:47:00.948	0.93480	0.93480			6
2024.02.05	01:47:04.732	0.93479	0.93479			6
2024.02.05	01:47:04.852	0.93478	0.93478			6
2024.02.05	01:47:05.002	0.93479	0.93479			6
2024.02.05	01:47:05.032	0.93478	0.93478			6
2024.02.05	01:47:05.152	0.93479	0.93479			6
2024.02.05	01:47:05.801	0.93478	0.93478			6
2024.02.05	01:47:06.672	0.93474	0.93474			6
2024.02.05	01:47:06.912	0.93475	0.93475			6
2024.02.05	01:47:07.212	0.93474	0.93474			6
2024.02.05	01:47:09.448	0.93475	0.93475			6
2024.02.05	01:47:10.693	0.93474	0.93474			6
2024.02.05	01:47:11.025	0.93475	0.93475			6
2024.02.05	01:47:18.981	0.93473	0.93473			6
2024.02.05	01:47:19.011	0.93474	0.93474			6
2024.02.05	01:47:19.041	0.93475	0.93475			6
2024.02.05	01:47:23.167	0.93474	0.93474			6
2024.02.05	01:47:23.737	0.93475	0.93475			6
2024.02.05	01:47:24.827	0.93473	0.93473			6
2024.02.05	01:47:24.916	0.93474	0.93474			6
2024.02.05	01:47:26.033	0.93473	0.93473			6
2024.02.05	01:47:26.062	0.93471	0.93471			6
2024.02.05	01:47:26.685	0.93470	0.93470			6
2024.02.05	01:47:27.229	0.93468	0.93468			6
2024.02.05	01:47:27.259	0.93466	0.93466			6
2024.02.05	01:47:27.290	0.93463	0.93463			6
2024.02.05	01:47:27.350	0.93464	0.93464			6
2024.02.05	01:47:27.380	0.93465	0.93465			6
2024.02.05	01:47:27.482	0.93467	0.93467			6
2024.02.05	01:47:28.328	0.93468	0.93468			6
2024.02.05	01:47:29.327	0.93467	0.93467			6
2024.02.05	01:47:30.254	0.93466	0.93466			6
2024.02.05	01:47:31.808	0.93465	0.93465			6
2024.02.05	01:47:31.838	0.93463	0.93463			6
2024.02.05	01:47:31.867	0.93464	0.93464			6
2024.02.05	01:47:40.485	0.93465	0.93465			6
2024.02.05	01:47:45.741	0.93464	0.93464			6
2024.02.05	01:47:45.771	0.93463	0.93463			6
2024.02.05	01:47:45.920	0.93464	0.93464			6
2024.02.05	01:47:46.040	0.93467	0.93467			6
2024.02.05	01:47:46.132	0.93466	0.93466			6
2024.02.05	01:47:46.464	0.93465	0.93465			6
2024.02.05	01:47:47.402	0.93466	0.93466			6
2024.02.05	01:47:48.951	0.93467	0.93467			6
2024.02.05	01:47:49.734	0.93466	0.93466			6
2024.02.05	01:47:49.764	0.93464	0.93464			6
2024.02.05	01:47:49.824	0.93465	0.93465			6
2024.02.05	01:47:50.035	0.93464	0.93464			6
2024.02.05	01:47:50.162	0.93465	0.93465			6
2024.02.05	01:47:50.191	0.93466	0.93466			6
2024.02.05	01:47:55.593	0.93467	0.93467			6
2024.02.05	01:47:57.071	0.93466	0.93466			6
2024.02.05	01:47:57.131	0.93467	0.93467			6
2024.02.05	01:47:58.504	0.93465	0.93465			6
2024.02.05	01:47:58.712	0.93464	0.93464			6
2024.02.05	01:47:58.742	0.93466	0.93466			6
2024.02.05	01:48:00.677	0.93464	0.93464			6
2024.02.05	01:48:00.858	0.93465	0.93465			6
2024.02.05	01:48:00.888	0.93466	0.93466			6
2024.02.05	01:48:01.336	0.93467	0.93467			6
2024.02.05	01:48:03.891	0.93468	0.93468			6
2024.02.05	01:48:04.317	0.93469	0.93469			6
2024.02.05	01:48:04.378	0.93470	0.93470			6
2024.02.05	01:48:04.892	0.93472	0.93472			6
2024.02.05	01:48:05.194	0.93471	0.93471			6
2024.02.05	01:48:05.254	0.93470	0.93470			6
2024.02.05	01:48:05.900	0.93471	0.93471			6
2024.02.05	01:48:05.960	0.93470	0.93470			6
2024.02.05	01:48:09.778	0.93471	0.93471			6
2024.02.05	01:48:11.633	0.93470	0.93470			6
2024.02.05	01:48:19.275	0.93471	0.93471			6
2024.02.05	01:48:19.306	0.93472	0.93472			6
2024.02.05	01:48:20.834	0.93473	0.93473			6
2024.02.05	01:48:21.588	0.93472	0.93472			6
2024.02.05	01:48:22.192	0.93473	0.93473			6
2024.02.05	01:48:26.387	0.93474	0.93474			6
2024.02.05	01:48:26.447	0.93473	0.93473			6
2024.02.05	01:48:28.700	0.93472	0.93472			6
2024.02.05	01:48:29.795	0.93473	0.93473			6
2024.02.05	01:48:35.392	0.93474	0.93474			6
2024.02.05	01:48:35.631	0.93473	0.93473			6
2024.02.05	01:48:36.343	0.93474	0.93474			6
2024.02.05	01:48:38.194	0.93473	0.93473			6
2024.02.05	01:48:38.657	0.93472	0.93472			6
2024.02.05	01:48:38.687	0.93471	0.93471			6
2024.02.05	01:48:39.909	0.93472	0.93472			6
2024.02.05	01:48:40.910	0.93471	0.93471			6
2024.02.05	01:48:43.143	0.93469	0.93469			6
2024.02.05	01:48:43.408	0.93468	0.93468			6
2024.02.05	01:48:44.836	0.93469	0.93469			6
2024.02.05	01:48:45.524	0.93468	0.93468			6
2024.02.05	01:48:46.009	0.93469	0.93469			6
2024.02.05	01:48:47.264	0.93468	0.93468			6
2024.02.05	01:48:49.652	0.93470	0.93470			6
2024.02.05	01:48:50.637	0.93475	0.93475			6
2024.02.05	01:48:50.847	0.93474	0.93474			6
2024.02.05	01:48:50.966	0.93473	0.93473			6
2024.02.05	01:48:56.198	0.93474	0.93474			6
2024.02.05	01:49:00.198	0.93474				2
2024.02.05	01:49:05.445	0.93473	0.93473			6
2024.02.05	01:49:25.912	0.93475	0.93475			6
2024.02.05	01:49:25.942	0.93476	0.93476			6
2024.02.05	01:49:25.972	0.93477	0.93477			6
2024.02.05	01:49:26.002	0.93478	0.93478			6
2024.02.05	01:49:26.061	0.93479	0.93479			6
2024.02.05	01:49:26.122	0.93478	0.93478			6
2024.02.05	01:49:26.182	0.93479	0.93479			6
2024.02.05	01:49:27.313	0.93478	0.93478			6
2024.02.05	01:49:27.801	0.93479	0.93479			6
2024.02.05	01:49:28.077	0.93478	0.93478			6
2024.02.05	01:49:28.137	0.93479	0.93479			6
2024.02.05	01:49:36.648	0.93480	0.93480			6
2024.02.05	01:49:40.115	0.93479	0.93479			6
2024.02.05	01:49:40.144	0.93480	0.93480			6
2024.02.05	01:49:52.006	0.93479	0.93479			6
2024.02.05	01:49:52.577	0.93480	0.93480			6
2024.02.05	01:49:54.929	0.93479	0.93479			6
2024.02.05	01:50:00.106	0.93479				2
2024.02.05	01:50:06.749	0.93476	0.93476			6
2024.02.05	01:50:06.808	0.93477	0.93477			6
2024.02.05	01:50:14.174	0.93476	0.93476			6
2024.02.05	01:50:14.294	0.93475	0.93475			6
2024.02.05	01:50:14.607	0.93474	0.93474			6
2024.02.05	01:50:19.298	0.93475	0.93475			6
2024.02.05	01:50:21.698	0.93476	0.93476			6
2024.02.05	01:50:24.073	0.93475	0.93475			6
2024.02.05	01:50:24.102	0.93474	0.93474			6
2024.02.05	01:50:27.410	0.93475	0.93475			6
2024.02.05	01:50:27.440	0.93476	0.93476			6
2024.02.05	01:50:27.681	0.93474	0.93474			6
2024.02.05	01:50:27.711	0.93475	0.93475			6
2024.02.05	01:50:27.742	0.93476	0.93476			6
2024.02.05	01:50:27.834	0.93477	0.93477			6
2024.02.05	01:50:29.547	0.93476	0.93476			6
2024.02.05	01:50:33.377	0.93475	0.93475			6
2024.02.05	01:50:38.558	0.93473	0.93473			6
2024.02.05	01:50:38.618	0.93474	0.93474			6
2024.02.05	01:50:40.825	0.93473	0.93473			6
2024.02.05	01:50:43.956	0.93472	0.93472			6
2024.02.05	01:50:43.985	0.93471	0.93471			6
2024.02.05	01:50:44.196	0.93475	0.93475			6
2024.02.05	01:50:51.537	0.93474	0.93474			6
2024.02.05	01:50:53.978	0.93475	0.93475			6
2024.02.05	01:50:54.828	0.93474	0.93474			6
2024.02.05	01:50:55.050	0.93475	0.93475			6
2024.02.05	01:50:55.140	0.93474	0.93474			6
2024.02.05	01:50:55.230	0.93473	0.93473			6
2024.02.05	01:50:55.260	0.93474	0.93474			6
2024.02.05	01:50:56.437	0.93475	0.93475			6
2024.02.05	01:50:57.606	0.93474	0.93474			6
2024.02.05	01:50:58.531	0.93473	0.93473			6
2024.02.05	01:50:58.626	0.93472	0.93472			6
2024.02.05	01:50:58.836	0.93474	0.93474			6
2024.02.05	01:50:58.865	0.93472	0.93472			6
2024.02.05	01:51:02.390	0.93472				2
2024.02.05	01:51:06.428	0.93470	0.93470			6
2024.02.05	01:51:06.548	0.93471	0.93471			6
2024.02.05	01:51:14.714	0.93470	0.93470			6
2024.02.05	01:51:17.989	0.93469	0.93469			6
2024.02.05	01:51:18.049	0.93470	0.93470			6
2024.02.05	01:51:18.571	0.93468	0.93468			6
2024.02.05	01:51:18.601	0.93470	0.93470			6
2024.02.05	01:51:18.630	0.93469	0.93469			6
2024.02.05	01:51:18.690	0.93470	0.93470			6
2024.02.05	01:51:20.651	0.93469	0.93469			6
2024.02.05	01:51:21.689	0.93470	0.93470			6
2024.02.05	01:51:26.665	0.93468	0.93468			6
2024.02.05	01:51:32.644	0.93467	0.93467			6
2024.02.05	01:51:33.354	0.93468	0.93468			6
2024.02.05	01:51:34.064	0.93467	0.93467			6
2024.02.05	01:51:35.381	0.93468	0.93468			6
2024.02.05	01:51:35.412	0.93469	0.93469			6
2024.02.05	01:51:35.442	0.93468	0.93468			6
2024.02.05	01:51:35.502	0.93470	0.93470			6
2024.02.05	01:51:35.531	0.93471	0.93471			6
2024.02.05	01:51:35.592	0.93470	0.93470			6
2024.02.05	01:51:35.652	0.93468	0.93468			6
2024.02.05	01:51:36.072	0.93469	0.93469			6
2024.02.05	01:51:39.139	0.93468	0.93468			6
2024.02.05	01:51:39.199	0.93469	0.93469			6
2024.02.05	01:51:39.229	0.93468	0.93468			6
2024.02.05	01:51:50.108	0.93467	0.93467			6
2024.02.05	01:51:50.565	0.93466	0.93466			6
2024.02.05	01:51:50.595	0.93468	0.93468			6
2024.02.05	01:51:51.389	0.93471	0.93471			6
2024.02.05	01:51:51.480	0.93470	0.93470			6
2024.02.05	01:51:53.242	0.93469	0.93469			6
2024.02.05	01:51:53.662	0.93468	0.93468			6
2024.02.05	01:51:55.671	0.93472	0.93472			6
2024.02.05	01:51:55.701	0.93471	0.93471			6
2024.02.05	01:51:55.730	0.93472	0.93472			6
2024.02.05	01:51:55.761	0.93473	0.93473			6
2024.02.05	01:51:55.790	0.93471	0.93471			6
2024.02.05	01:51:57.679	0.93470	0.93470			6
2024.02.05	01:51:57.739	0.93471	0.93471			6
2024.02.05	01:51:58.614	0.93470	0.93470			6
2024.02.05	01:52:00.102	0.93472	0.93472			6
2024.02.05	01:52:00.223	0.93473	0.93473			6
2024.02.05	01:52:01.042	0.93472	0.93472			6
2024.02.05	01:52:01.597	0.93471	0.93471			6
2024.02.05	01:52:03.006	0.93472	0.93472			6
2024.02.05	01:52:03.133	0.93471	0.93471			6
2024.02.05	01:52:05.421	0.93473	0.93473			6
2024.02.05	01:52:05.633	0.93472	0.93472			6
2024.02.05	01:52:06.425	0.93473	0.93473			6
2024.02.05	01:52:06.589	0.93471	0.93471			6
2024.02.05	01:52:06.889	0.93474	0.93474			6
2024.02.05	01:52:06.918	0.93473	0.93473			6
2024.02.05	01:52:06.949	0.93474	0.93474			6
2024.02.05	01:52:07.009	0.93473	0.93473			6
2024.02.05	01:52:07.040	0.93472	0.93472			6
2024.02.05	01:52:07.189	0.93470	0.93470			6
2024.02.05	01:52:07.249	0.93471	0.93471			6
2024.02.05	01:52:11.994	0.93472	0.93472			6
2024.02.05	01:52:12.115	0.93473	0.93473			6
2024.02.05	01:52:12.145	0.93475	0.93475			6
2024.02.05	01:52:12.566	0.93474	0.93474			6
2024.02.05	01:52:12.596	0.93473	0.93473			6
2024.02.05	01:52:12.627	0.93474	0.93474			6
2024.02.05	01:52:16.853	0.93471	0.93471			6
2024.02.05	01:52:23.629	0.93470	0.93470			6
2024.02.05	01:52:23.659	0.93468	0.93468			6
2024.02.05	01:52:37.342	0.93469	0.93469			6
2024.02.05	01:52:37.401	0.93468	0.93468			6
2024.02.05	01:52:37.552	0.93469	0.93469			6
2024.02.05	01:52:37.643	0.93468	0.93468			6
2024.02.05	01:52:54.355	0.93469	0.93469			6
2024.02.05	01:52:54.565	0.93468	0.93468			6
2024.02.05	01:52:54.925	0.93469	0.93469			6
2024.02.05	01:52:55.165	0.93470	0.93470			6
2024.02.05	01:52:55.225	0.93469	0.93469			6
2024.02.05	01:52:57.194	0.93470	0.93470			6
2024.02.05	01:52:59.112	0.93468	0.93468			6
2024.02.05	01:53:04.743	0.93468				2
2024.02.05	01:53:07.791	0.93467	0.93467			6
2024.02.05	01:53:08.611	0.93466	0.93466			6
2024.02.05	01:53:08.642	0.93468	0.93468			6
2024.02.05	01:53:08.880	0.93467	0.93467			6
2024.02.05	01:53:08.911	0.93468	0.93468			6
2024.02.05	01:53:08.940	0.93469	0.93469			6
2024.02.05	01:53:09.030	0.93468	0.93468			6
2024.02.05	01:53:09.421	0.93469	0.93469			6
2024.02.05	01:53:11.237	0.93470	0.93470			6
2024.02.05	01:53:11.357	0.93469	0.93469			6
2024.02.05	01:53:15.945	0.93470	0.93470			6
2024.02.05	01:53:17.142	0.93469	0.93469			6
2024.02.05	01:53:26.959	0.93470	0.93470			6
2024.02.05	01:53:28.831	0.93469	0.93469			6
2024.02.05	01:53:28.863	0.93468	0.93468			6
2024.02.05	01:53:35.965	0.93467	0.93467			6
2024.02.05	01:53:36.149	0.93466	0.93466			6
2024.02.05	01:53:40.581	0.93465	0.93465			6
2024.02.05	01:53:40.642	0.93464	0.93464			6
2024.02.05	01:53:41.041	0.93463	0.93463			6
2024.02.05	01:53:44.086	0.93464	0.93464			6
2024.02.05	01:53:46.259	0.93467	0.93467			6
2024.02.05	01:53:49.246	0.93465	0.93465			6
2024.02.05	01:53:49.275	0.93466	0.93466			6
2024.02.05	01:53:51.393	0.93464	0.93464			6
2024.02.05	01:53:51.424	0.93466	0.93466			6
2024.02.05	01:53:52.429	0.93465	0.93465			6
2024.02.05	01:53:52.771	0.93466	0.93466			6
2024.02.05	01:53:56.481	0.93465	0.93465			6
2024.02.05	01:53:56.512	0.93466	0.93466			6
2024.02.05	01:53:57.943	0.93465	0.93465			6
2024.02.05	01:53:58.453	0.93466	0.93466			6
2024.02.05	01:53:58.483	0.93465	0.93465			6
2024.02.05	01:53:58.512	0.93466	0.93466			6
2024.02.05	01:54:00.963	0.93466				2
2024.02.05	01:54:00.993	0.93467	0.93467			6
2024.02.05	01:54:01.413	0.93466	0.93466			6
2024.02.05	01:54:01.741	0.93463	0.93463			6
2024.02.05	01:54:02.221	0.93462	0.93462			6
2024.02.05	01:54:02.432	0.93461	0.93461			6
2024.02.05	01:54:03.157	0.93463	0.93463			6
2024.02.05	01:54:03.508	0.93462	0.93462			6
2024.02.05	01:54:03.539	0.93463	0.93463			6
2024.02.05	01:54:04.117	0.93462	0.93462			6
2024.02.05	01:54:04.980	0.93464	0.93464			6
2024.02.05	01:54:06.020	0.93466	0.93466			6
2024.02.05	01:54:06.562	0.93465	0.93465			6
2024.02.05	01:54:06.987	0.93466	0.93466			6
2024.02.05	01:54:07.016	0.93465	0.93465			6
2024.02.05	01:54:17.264	0.93467	0.93467			6
2024.02.05	01:54:22.600	0.93466	0.93466			6
2024.02.05	01:54:22.630	0.93465	0.93465			6
2024.02.05	01:54:25.916	0.93462	0.93462			6
2024.02.05	01:54:25.975	0.93461	0.93461			6
2024.02.05	01:54:26.065	0.93463	0.93463			6
2024.02.05	01:54:26.096	0.93461	0.93461			6
2024.02.05	01:54:26.156	0.93462	0.93462			6
2024.02.05	01:54:26.670	0.93464	0.93464			6
2024.02.05	01:54:26.729	0.93465	0.93465			6
2024.02.05	01:54:27.149	0.93466	0.93466			6
2024.02.05	01:54:28.590	0.93465	0.93465			6
2024.02.05	01:54:28.620	0.93461	0.93461			6
2024.02.05	01:54:31.637	0.93460	0.93460			6
2024.02.05	01:54:31.667	0.93461	0.93461			6
2024.02.05	01:54:31.697	0.93460	0.93460			6
2024.02.05	01:54:32.221	0.93461	0.93461			6
2024.02.05	01:54:41.189	0.93460	0.93460			6
2024.02.05	01:54:42.924	0.93461	0.93461			6
2024.02.05	01:54:45.847	0.93463	0.93463			6
2024.02.05	01:54:45.906	0.93464	0.93464			6
2024.02.05	01:54:46.055	0.93465	0.93465			6
2024.02.05	01:54:46.086	0.93466	0.93466			6
2024.02.05	01:54:46.116	0.93465	0.93465			6
2024.02.05	01:54:46.205	0.93466	0.93466			6
2024.02.05	01:54:46.325	0.93465	0.93465			6
2024.02.05	01:54:59.328	0.93463	0.93463			6
2024.02.05	01:54:59.358	0.93464	0.93464			6
2024.02.05	01:54:59.627	0.93467	0.93467			6
2024.02.05	01:55:00.113	0.93466	0.93466			6
2024.02.05	01:55:09.060	0.93465	0.93465			6
2024.02.05	01:55:09.089	0.93464	0.93464			6
2024.02.05	01:55:09.377	0.93465	0.93465			6
2024.02.05	01:55:09.625	0.93464	0.93464			6
2024.02.05	01:55:20.085	0.93463	0.93463			6
2024.02.05	01:55:23.006	0.93464	0.93464			6
2024.02.05	01:55:32.726	0.93462	0.93462			6
2024.02.05	01:55:32.757	0.93463	0.93463			6
2024.02.05	01:55:33.104	0.93462	0.93462			6
2024.02.05	01:55:35.020	0.93461	0.93461			6
2024.02.05	01:55:35.080	0.93463	0.93463			6
2024.02.05	01:55:36.010	0.93461	0.93461			6
2024.02.05	01:55:36.041	0.93463	0.93463			6
2024.02.05	01:55:36.190	0.93461	0.93461			6
2024.02.05	01:55:39.572	0.93463	0.93463			6
2024.02.05	01:55:39.662	0.93461	0.93461			6
2024.02.05	01:55:44.200	0.93463	0.93463			6
2024.02.05	01:55:44.660	0.93461	0.93461			6
2024.02.05	01:55:45.015	0.93463	0.93463			6
2024.02.05	01:55:45.930	0.93461	0.93461			6
2024.02.05	01:55:49.418	0.93463	0.93463			6
2024.02.05	01:55:49.447	0.93464	0.93464			6
2024.02.05	01:55:54.291	0.93465	0.93465			6
2024.02.05	01:55:54.321	0.93467	0.93467			6
2024.02.05	01:55:54.351	0.93466	0.93466			6
2024.02.05	01:55:54.651	0.93467	0.93467			6
2024.02.05	01:55:54.802	0.93466	0.93466			6
2024.02.05	01:55:59.258	0.93465	0.93465			6
2024.02.05	01:56:00.091	0.93465				2
2024.02.05	01:56:03.369	0.93464	0.93464			6
2024.02.05	01:56:03.399	0.93465	0.93465			6
2024.02.05	01:56:03.429	0.93466	0.93466			6
2024.02.05	01:56:03.494	0.93465	0.93465			6
2024.02.05	01:56:07.057	0.93466	0.93466			6
2024.02.05	01:56:07.087	0.93467	0.93467			6
2024.02.05	01:56:07.147	0.93468	0.93468			6
2024.02.05	01:56:07.177	0.93469	0.93469			6
2024.02.05	01:56:07.206	0.93470	0.93470			6
2024.02.05	01:56:07.237	0.93471	0.93471			6
2024.02.05	01:56:07.326	0.93470	0.93470			6
2024.02.05	01:56:07.358	0.93471	0.93471			6
2024.02.05	01:56:10.997	0.93470	0.93470			6
2024.02.05	01:56:11.683	0.93473	0.93473			6
2024.02.05	01:56:11.713	0.93474	0.93474			6
2024.02.05	01:56:11.744	0.93475	0.93475			6
2024.02.05	01:56:11.773	0.93474	0.93474			6
2024.02.05	01:56:11.802	0.93473	0.93473			6
2024.02.05	01:56:12.042	0.93472	0.93472			6
2024.02.05	01:56:12.132	0.93473	0.93473			6
2024.02.05	01:56:12.584	0.93474	0.93474			6
2024.02.05	01:56:14.071	0.93472	0.93472			6
2024.02.05	01:56:19.392	0.93473	0.93473			6
2024.02.05	01:56:21.580	0.93471	0.93471			6
2024.02.05	01:56:21.790	0.93473	0.93473			6
2024.02.05	01:56:21.940	0.93472	0.93472			6
2024.02.05	01:56:21.970	0.93471	0.93471			6
2024.02.05	01:56:22.031	0.93470	0.93470			6
2024.02.05	01:56:22.061	0.93471	0.93471			6
2024.02.05	01:56:22.120	0.93470	0.93470			6
2024.02.05	01:56:22.843	0.93471	0.93471			6
2024.02.05	01:56:29.163	0.93470	0.93470			6
2024.02.05	01:56:34.572	0.93468	0.93468			6
2024.02.05	01:56:34.601	0.93470	0.93470			6
2024.02.05	01:56:37.660	0.93469	0.93469			6
2024.02.05	01:56:41.019	0.93470	0.93470			6
2024.02.05	01:56:42.503	0.93468	0.93468			6
2024.02.05	01:56:42.533	0.93469	0.93469			6
2024.02.05	01:56:43.130	0.93470	0.93470			6
2024.02.05	01:56:48.342	0.93468	0.93468			6
2024.02.05	01:56:48.371	0.93469	0.93469			6
2024.02.05	01:56:48.402	0.93468	0.93468			6
2024.02.05	01:56:48.643	0.93470	0.93470			6
2024.02.05	01:56:48.763	0.93469	0.93469			6
2024.02.05	01:56:48.793	0.93468	0.93468			6
2024.02.05	01:56:48.822	0.93469	0.93469			6
2024.02.05	01:56:49.658	0.93468	0.93468			6
2024.02.05	01:56:49.718	0.93469	0.93469			6
2024.02.05	01:56:50.252	0.93468	0.93468			6
2024.02.05	01:56:50.522	0.93467	0.93467			6
2024.02.05	01:56:50.732	0.93468	0.93468			6
2024.02.05	01:56:50.763	0.93470	0.93470			6
2024.02.05	01:56:51.588	0.93469	0.93469			6
2024.02.05	01:56:51.647	0.93470	0.93470			6
2024.02.05	01:56:51.856	0.93471	0.93471			6
2024.02.05	01:56:51.923	0.93470	0.93470			6
2024.02.05	01:56:52.043	0.93468	0.93468			6
2024.02.05	01:56:52.243	0.93469	0.93469			6
2024.02.05	01:56:54.023	0.93470	0.93470			6
2024.02.05	01:57:05.463	0.93470				2
2024.02.05	01:57:06.497	0.93471	0.93471			6
2024.02.05	01:57:06.769	0.93470	0.93470			6
2024.02.05	01:57:07.130	0.93471	0.93471			6
2024.02.05	01:57:08.903	0.93470	0.93470			6
2024.02.05	01:57:09.602	0.93469	0.93469			6
2024.02.05	01:57:09.663	0.93470	0.93470			6
2024.02.05	01:57:10.373	0.93468	0.93468			6
2024.02.05	01:57:11.476	0.93469	0.93469			6
2024.02.05	01:57:13.950	0.93468	0.93468			6
2024.02.05	01:57:15.439	0.93466	0.93466			6
2024.02.05	01:57:20.442	0.93465	0.93465			6
2024.02.05	01:57:20.472	0.93466	0.93466			6
2024.02.05	01:57:20.502	0.93465	0.93465			6
2024.02.05	01:57:20.742	0.93464	0.93464			6
2024.02.05	01:57:24.362	0.93465	0.93465			6
2024.02.05	01:57:38.027	0.93464	0.93464			6
2024.02.05	01:57:38.366	0.93465	0.93465			6
2024.02.05	01:57:58.119	0.93466	0.93466			6
2024.02.05	01:58:00.061	0.93465	0.93465			6
2024.02.05	01:58:01.794	0.93466	0.93466			6
2024.02.05	01:58:03.912	0.93463	0.93463			6
2024.02.05	01:58:04.572	0.93464	0.93464			6
2024.02.05	01:58:04.632	0.93466	0.93466			6
2024.02.05	01:58:04.722	0.93467	0.93467			6
2024.02.05	01:58:07.245	0.93466	0.93466			6
2024.02.05	01:58:37.473	0.93465	0.93465			6
2024.02.05	01:58:37.794	0.93466	0.93466			6
2024.02.05	01:58:38.391	0.93464	0.93464			6
2024.02.05	01:58:38.648	0.93465	0.93465			6
2024.02.05	01:58:40.217	0.93466	0.93466			6
2024.02.05	01:58:40.911	0.93464	0.93464			6
2024.02.05	01:58:45.441	0.93463	0.93463			6
2024.02.05	01:58:45.771	0.93464	0.93464			6
2024.02.05	01:58:45.801	0.93463	0.93463			6
2024.02.05	01:58:45.831	0.93464	0.93464			6
2024.02.05	01:58:46.251	0.93465	0.93465			6
2024.02.05	01:58:48.250	0.93464	0.93464			6
2024.02.05	01:58:52.413	0.93466	0.93466			6
2024.02.05	01:58:53.107	0.93467	0.93467			6
2024.02.05	01:58:53.136	0.93468	0.93468			6
2024.02.05	01:58:55.606	0.93467	0.93467			6
2024.02.05	01:58:56.241	0.93468	0.93468			6
2024.02.05	01:58:58.477	0.93467	0.93467			6
2024.02.05	01:59:01.941	0.93467				2
2024.02.05	01:59:08.625	0.93466	0.93466			6
2024.02.05	01:59:08.654	0.93467	0.93467			6
2024.02.05	01:59:12.675	0.93466	0.93466			6
2024.02.05	01:59:16.926	0.93467	0.93467			6
2024.02.05	01:59:20.712	0.93468	0.93468			6
2024.02.05	01:59:22.071	0.93469	0.93469			6
2024.02.05	01:59:22.100	0.93468	0.93468			6
2024.02.05	01:59:22.280	0.93467	0.93467			6
2024.02.05	01:59:25.442	0.93468	0.93468			6
2024.02.05	01:59:27.092	0.93467	0.93467			6
2024.02.05	01:59:27.914	0.93468	0.93468			6
2024.02.05	01:59:33.838	0.93469	0.93469			6
2024.02.05	01:59:34.812	0.93468	0.93468			6
2024.02.05	01:59:40.650	0.93469	0.93469			6
2024.02.05	01:59:40.740	0.93468	0.93468			6
2024.02.05	01:59:41.040	0.93469	0.93469			6
2024.02.05	01:59:48.783	0.93468	0.93468			6
2024.02.05	01:59:48.812	0.93467	0.93467			6
2024.02.05	01:59:51.351	0.93466	0.93466			6
2024.02.05	01:59:51.672	0.93467	0.93467			6
2024.02.05	01:59:52.092	0.93468	0.93468			6
2024.02.05	01:59:52.153	0.93467	0.93467			6
2024.02.05	01:59:55.757	0.93466	0.93466			6
2024.02.05	01:59:55.788	0.93467	0.93467			6
2024.02.05	02:00:00.054	0.93470	0.93470			6
2024.02.05	02:00:00.446	0.93468	0.93468			6
2024.02.05	02:00:02.468	0.93470	0.93470			6
2024.02.05	02:00:02.559	0.93468	0.93468			6
2024.02.05	02:00:02.588	0.93469	0.93469			6
2024.02.05	02:00:03.099	0.93468	0.93468			6
2024.02.05	02:00:04.276	0.93469	0.93469			6
2024.02.05	02:00:04.306	0.93468	0.93468			6
2024.02.05	02:00:05.726	0.93469	0.93469			6
2024.02.05	02:00:07.391	0.93468	0.93468			6
2024.02.05	02:00:07.542	0.93467	0.93467			6
2024.02.05	02:00:07.661	0.93469	0.93469			6
2024.02.05	02:00:07.722	0.93467	0.93467			6
2024.02.05	02:00:08.023	0.93468	0.93468			6
2024.02.05	02:00:08.053	0.93467	0.93467			6
2024.02.05	02:00:08.112	0.93468	0.93468			6
2024.02.05	02:00:09.077	0.93469	0.93469			6
2024.02.05	02:00:09.528	0.93470	0.93470			6
2024.02.05	02:00:12.252	0.93469	0.93469			6
2024.02.05	02:00:12.734	0.93470	0.93470			6
2024.02.05	02:00:12.763	0.93468	0.93468			6
2024.02.05	02:00:12.794	0.93467	0.93467			6
2024.02.05	02:00:12.824	0.93466	0.93466			6
2024.02.05	02:00:13.214	0.93465	0.93465			6
2024.02.05	02:00:13.245	0.93464	0.93464			6
2024.02.05	02:00:13.305	0.93463	0.93463			6
2024.02.05	02:00:13.334	0.93466	0.93466			6
2024.02.05	02:00:13.393	0.93467	0.93467			6
2024.02.05	02:00:13.484	0.93468	0.93468			6
2024.02.05	02:00:13.574	0.93467	0.93467			6
2024.02.05	02:00:13.906	0.93466	0.93466			6
2024.02.05	02:00:14.265	0.93468	0.93468			6
2024.02.05	02:00:15.290	0.93469	0.93469			6
2024.02.05	02:00:16.129	0.93468	0.93468			6
2024.02.05	02:00:16.401	0.93467	0.93467			6
2024.02.05	02:00:16.459	0.93466	0.93466			6
2024.02.05	02:00:17.333	0.93465	0.93465			6
2024.02.05	02:00:17.515	0.93464	0.93464			6
2024.02.05	02:00:17.575	0.93465	0.93465			6
2024.02.05	02:00:17.785	0.93466	0.93466			6
2024.02.05	02:00:17.935	0.93467	0.93467			6
2024.02.05	02:00:18.087	0.93466	0.93466			6
2024.02.05	02:00:18.627	0.93465	0.93465			6
2024.02.05	02:00:18.836	0.93463	0.93463			6
2024.02.05	02:00:19.046	0.93464	0.93464			6
2024.02.05	02:00:19.378	0.93462	0.93462			6
2024.02.05	02:00:19.589	0.93463	0.93463			6
2024.02.05	02:00:19.738	0.93465	0.93465			6
2024.02.05	02:00:19.769	0.93464	0.93464			6
2024.02.05	02:00:20.129	0.93465	0.93465			6
2024.02.05	02:00:20.158	0.93464	0.93464			6
2024.02.05	02:00:20.371	0.93465	0.93465			6
2024.02.05	02:00:20.759	0.93466	0.93466			6
2024.02.05	02:00:20.849	0.93467	0.93467			6
2024.02.05	02:00:21.329	0.93466	0.93466			6
2024.02.05	02:00:21.870	0.93465	0.93465			6
2024.02.05	02:00:21.931	0.93466	0.93466			6
2024.02.05	02:00:22.686	0.93465	0.93465			6
2024.02.05	02:00:22.716	0.93463	0.93463			6
2024.02.05	02:00:22.746	0.93462	0.93462			6
2024.02.05	02:00:23.468	0.93463	0.93463			6
2024.02.05	02:00:23.528	0.93462	0.93462			6
2024.02.05	02:00:23.588	0.93463	0.93463			6
2024.02.05	02:00:24.643	0.93465	0.93465			6
2024.02.05	02:00:24.733	0.93468	0.93468			6
2024.02.05	02:00:24.944	0.93467	0.93467			6
2024.02.05	02:00:24.976	0.93468	0.93468			6
2024.02.05	02:00:25.005	0.93469	0.93469			6
2024.02.05	02:00:25.153	0.93470	0.93470			6
2024.02.05	02:00:25.333	0.93471	0.93471			6
2024.02.05	02:00:25.636	0.93470	0.93470			6
2024.02.05	02:00:25.667	0.93469	0.93469			6
2024.02.05	02:00:25.726	0.93470	0.93470			6
2024.02.05	02:00:26.118	0.93469	0.93469			6
2024.02.05	02:00:26.148	0.93470	0.93470			6
2024.02.05	02:00:26.213	0.93471	0.93471			6
2024.02.05	02:00:26.237	0.93470	0.93470			6
2024.02.05	02:00:26.388	0.93471	0.93471			6
2024.02.05	02:00:26.808	0.93470	0.93470			6
2024.02.05	02:00:27.439	0.93469	0.93469			6
2024.02.05	02:00:27.529	0.93470	0.93470			6
2024.02.05	02:00:29.095	0.93471	0.93471			6
2024.02.05	02:00:29.304	0.93470	0.93470			6
2024.02.05	02:00:29.876	0.93471	0.93471			6
2024.02.05	02:00:30.057	0.93474	0.93474			6
2024.02.05	02:00:30.089	0.93477	0.93477			6
2024.02.05	02:00:30.117	0.93475	0.93475			6
2024.02.05	02:00:30.147	0.93477	0.93477			6
2024.02.05	02:00:30.178	0.93475	0.93475			6
2024.02.05	02:00:30.268	0.93474	0.93474			6
2024.02.05	02:00:30.507	0.93475	0.93475			6
2024.02.05	02:00:30.597	0.93474	0.93474			6
2024.02.05	02:00:31.201	0.93473	0.93473			6
2024.02.05	02:00:32.344	0.93472	0.93472			6
2024.02.05	02:00:32.435	0.93473	0.93473			6
2024.02.05	02:00:33.277	0.93472	0.93472			6
2024.02.05	02:00:33.639	0.93471	0.93471			6
2024.02.05	02:00:33.790	0.93470	0.93470			6
2024.02.05	02:00:33.882	0.93469	0.93469			6
2024.02.05	02:00:34.003	0.93470	0.93470			6
2024.02.05	02:00:34.634	0.93469	0.93469			6
2024.02.05	02:00:34.695	0.93470	0.93470			6
2024.02.05	02:00:34.724	0.93471	0.93471			6
2024.02.05	02:00:34.784	0.93468	0.93468			6
2024.02.05	02:00:35.266	0.93469	0.93469			6
2024.02.05	02:00:35.327	0.93471	0.93471			6
2024.02.05	02:00:35.359	0.93472	0.93472			6
2024.02.05	02:00:35.567	0.93473	0.93473			6
2024.02.05	02:00:35.597	0.93474	0.93474			6
2024.02.05	02:00:35.717	0.93473	0.93473			6
2024.02.05	02:00:35.777	0.93472	0.93472			6
2024.02.05	02:00:36.080	0.93474	0.93474			6
2024.02.05	02:00:36.172	0.93472	0.93472			6
2024.02.05	02:00:36.201	0.93473	0.93473			6
2024.02.05	02:00:36.292	0.93474	0.93474			6
2024.02.05	02:00:37.552	0.93473	0.93473			6
2024.02.05	02:00:37.767	0.93474	0.93474			6
2024.02.05	02:00:37.796	0.93476	0.93476			6
2024.02.05	02:00:37.826	0.93477	0.93477			6
2024.02.05	02:00:37.886	0.93478	0.93478			6
2024.02.05	02:00:37.946	0.93477	0.93477			6
2024.02.05	02:00:38.336	0.93476	0.93476			6
2024.02.05	02:00:38.366	0.93475	0.93475			6
2024.02.05	02:00:38.458	0.93474	0.93474			6
2024.02.05	02:00:38.548	0.93473	0.93473			6
2024.02.05	02:00:38.697	0.93474	0.93474			6
2024.02.05	02:00:38.760	0.93475	0.93475			6
2024.02.05	02:00:38.819	0.93476	0.93476			6
2024.02.05	02:00:38.909	0.93477	0.93477			6
2024.02.05	02:00:39.121	0.93476	0.93476			6
2024.02.05	02:00:39.151	0.93475	0.93475			6
2024.02.05	02:00:40.323	0.93476	0.93476			6
2024.02.05	02:00:40.503	0.93475	0.93475			6
2024.02.05	02:00:41.254	0.93476	0.93476			6
2024.02.05	02:00:41.704	0.93477	0.93477			6
2024.02.05	02:00:41.765	0.93475	0.93475			6
2024.02.05	02:00:42.155	0.93474	0.93474			6
2024.02.05	02:00:42.457	0.93475	0.93475			6
2024.02.05	02:00:42.518	0.93474	0.93474			6
2024.02.05	02:00:42.637	0.93475	0.93475			6
2024.02.05	02:00:42.728	0.93474	0.93474			6
2024.02.05	02:00:43.780	0.93473	0.93473			6
2024.02.05	02:00:44.747	0.93474	0.93474			6
2024.02.05	02:00:44.778	0.93475	0.93475			6
2024.02.05	02:00:46.941	0.93474	0.93474			6
2024.02.05	02:00:48.260	0.93475	0.93475			6
2024.02.05	02:00:49.759	0.93474	0.93474			6
2024.02.05	02:00:49.790	0.93475	0.93475			6
2024.02.05	02:00:50.662	0.93474	0.93474			6
2024.02.05	02:00:51.444	0.93473	0.93473			6
2024.02.05	02:00:51.535	0.93474	0.93474			6
2024.02.05	02:00:52.678	0.93473	0.93473			6
2024.02.05	02:00:52.886	0.93472	0.93472			6
2024.02.05	02:00:52.947	0.93473	0.93473			6
2024.02.05	02:00:53.006	0.93474	0.93474			6
2024.02.05	02:00:53.577	0.93473	0.93473			6
2024.02.05	02:00:53.788	0.93474	0.93474			6
2024.02.05	02:00:54.389	0.93473	0.93473			6
2024.02.05	02:00:54.902	0.93472	0.93472			6
2024.02.05	02:00:55.023	0.93473	0.93473			6
2024.02.05	02:00:55.784	0.93475	0.93475			6
2024.02.05	02:00:56.328	0.93473	0.93473			6
2024.02.05	02:00:56.389	0.93474	0.93474			6
2024.02.05	02:00:56.616	0.93473	0.93473			6
2024.02.05	02:00:56.646	0.93474	0.93474			6
2024.02.05	02:00:56.676	0.93473	0.93473			6
2024.02.05	02:00:56.737	0.93474	0.93474			6
2024.02.05	02:00:56.768	0.93475	0.93475			6
2024.02.05	02:00:57.098	0.93476	0.93476			6
2024.02.05	02:00:57.760	0.93477	0.93477			6
2024.02.05	02:00:58.004	0.93478	0.93478			6
2024.02.05	02:00:58.033	0.93477	0.93477			6
2024.02.05	02:00:58.092	0.93478	0.93478			6
2024.02.05	02:00:58.152	0.93477	0.93477			6
2024.02.05	02:00:58.181	0.93476	0.93476			6
2024.02.05	02:00:58.212	0.93477	0.93477			6
2024.02.05	02:00:58.241	0.93476	0.93476			6
2024.02.05	02:00:58.272	0.93477	0.93477			6
2024.02.05	02:00:58.422	0.93475	0.93475			6
2024.02.05	02:00:58.722	0.93476	0.93476			6
2024.02.05	02:00:58.752	0.93475	0.93475			6
2024.02.05	02:00:59.776	0.93474	0.93474			6
2024.02.05	02:00:59.865	0.93473	0.93473			6
2024.02.05	02:01:00.116	0.93474	0.93474			6
2024.02.05	02:01:00.166	0.93475	0.93475			6
2024.02.05	02:01:00.651	0.93474	0.93474			6
2024.02.05	02:01:01.701	0.93473	0.93473			6
2024.02.05	02:01:02.064	0.93474	0.93474			6
2024.02.05	02:01:02.813	0.93473	0.93473			6
2024.02.05	02:01:03.112	0.93474	0.93474			6
2024.02.05	02:01:03.143	0.93473	0.93473			6
2024.02.05	02:01:03.295	0.93474	0.93474			6
2024.02.05	02:01:03.444	0.93473	0.93473			6
2024.02.05	02:01:04.716	0.93472	0.93472			6
2024.02.05	02:01:04.776	0.93471	0.93471			6
2024.02.05	02:01:04.806	0.93470	0.93470			6
2024.02.05	02:01:05.467	0.93471	0.93471			6
2024.02.05	02:01:05.529	0.93470	0.93470			6
2024.02.05	02:01:05.588	0.93471	0.93471			6
2024.02.05	02:01:06.128	0.93472	0.93472			6
2024.02.05	02:01:06.250	0.93471	0.93471			6
2024.02.05	02:01:06.400	0.93470	0.93470			6
2024.02.05	02:01:07.269	0.93468	0.93468			6
2024.02.05	02:01:07.332	0.93469	0.93469			6
2024.02.05	02:01:07.571	0.93470	0.93470			6
2024.02.05	02:01:07.601	0.93471	0.93471			6
2024.02.05	02:01:07.663	0.93473	0.93473			6
2024.02.05	02:01:07.693	0.93472	0.93472			6
2024.02.05	02:01:07.903	0.93471	0.93471			6
2024.02.05	02:01:07.933	0.93470	0.93470			6
2024.02.05	02:01:07.962	0.93469	0.93469			6
2024.02.05	02:01:07.992	0.93470	0.93470			6
2024.02.05	02:01:08.294	0.93471	0.93471			6
2024.02.05	02:01:09.709	0.93469	0.93469			6
2024.02.05	02:01:10.132	0.93470	0.93470			6
2024.02.05	02:01:10.312	0.93469	0.93469			6
2024.02.05	02:01:10.341	0.93470	0.93470			6
2024.02.05	02:01:10.373	0.93469	0.93469			6
2024.02.05	02:01:10.402	0.93470	0.93470			6
2024.02.05	02:01:10.493	0.93471	0.93471			6
2024.02.05	02:01:10.524	0.93470	0.93470			6
2024.02.05	02:01:10.554	0.93469	0.93469			6
2024.02.05	02:01:11.457	0.93471	0.93471			6
2024.02.05	02:01:11.577	0.93472	0.93472			6
2024.02.05	02:01:11.608	0.93471	0.93471			6
2024.02.05	02:01:11.876	0.93472	0.93472			6
2024.02.05	02:01:12.058	0.93471	0.93471			6
2024.02.05	02:01:12.299	0.93472	0.93472			6
2024.02.05	02:01:12.809	0.93473	0.93473			6
2024.02.05	02:01:12.899	0.93474	0.93474			6
2024.02.05	02:01:12.990	0.93473	0.93473			6
2024.02.05	02:01:13.020	0.93472	0.93472			6
2024.02.05	02:01:13.049	0.93469	0.93469			6
2024.02.05	02:01:13.713	0.93468	0.93468			6
2024.02.05	02:01:14.076	0.93467	0.93467			6
2024.02.05	02:01:14.465	0.93468	0.93468			6
2024.02.05	02:01:14.496	0.93467	0.93467			6
2024.02.05	02:01:14.524	0.93468	0.93468			6
2024.02.05	02:01:14.706	0.93467	0.93467			6
2024.02.05	02:01:14.736	0.93466	0.93466			6
2024.02.05	02:01:14.766	0.93465	0.93465			6
2024.02.05	02:01:14.796	0.93464	0.93464			6
2024.02.05	02:01:14.977	0.93462	0.93462			6
2024.02.05	02:01:15.126	0.93461	0.93461			6
2024.02.05	02:01:15.158	0.93458	0.93458			6
2024.02.05	02:01:15.428	0.93457	0.93457			6
2024.02.05	02:01:15.459	0.93458	0.93458			6
2024.02.05	02:01:15.548	0.93459	0.93459			6
2024.02.05	02:01:15.579	0.93458	0.93458			6
2024.02.05	02:01:15.609	0.93459	0.93459			6
2024.02.05	02:01:15.669	0.93458	0.93458			6
