<DATE>	<TIME>	<BID>	<ASK>	<LAST>	<VOLUME>	<FLAGS>
2024.04.24	00:00:01.278	0.97595	0.97595			6
2024.04.24	00:00:01.317	0.97596	0.97596			6
2024.04.24	00:00:02.721	0.97595	0.97595			6
2024.04.24	00:01:00.323	0.97593	0.97593			6
2024.04.24	00:04:04.478	0.97588	0.97588			6
2024.04.24	00:05:09.935	0.97584	0.97584			6
2024.04.24	00:05:10.684	0.97588	0.97588			6
2024.04.24	00:06:07.194	0.97586	0.97586			6
2024.04.24	00:06:23.504	0.97581	0.97581			6
2024.04.24	00:06:25.985	0.97578	0.97578			6
2024.04.24	00:06:26.014	0.97575	0.97575			6
2024.04.24	00:10:07.186	0.97578	0.97578			6
2024.04.24	00:10:23.497	0.97584	0.97584			6
2024.04.24	00:10:25.981	0.97585	0.97585			6
2024.04.24	00:10:38.281	0.97586	0.97586			6
2024.04.24	00:14:07.178	0.97585	0.97585			6
2024.04.24	00:14:23.512	0.97579	0.97579			6
2024.04.24	00:14:26.009	0.97577	0.97577			6
2024.04.24	00:15:00.980	0.97575	0.97575			6
2024.04.24	00:22:37.562	0.97571	0.97571			6
2024.04.24	00:22:41.326	0.97568	0.97568			6
2024.04.24	00:22:43.315	0.97569	0.97569			6
2024.04.24	00:22:45.898	0.97568	0.97568			6
2024.04.24	00:22:48.678	0.97569	0.97569			6
2024.04.24	00:24:46.148	0.97568	0.97568			6
2024.04.24	00:27:39.514	0.97567	0.97567			6
2024.04.24	00:27:40.287	0.97568	0.97568			6
2024.04.24	00:30:08.197	0.97569	0.97569			6
2024.04.24	00:30:24.099	0.97571	0.97571			6
2024.04.24	00:30:34.131	0.97572	0.97572			6
2024.04.24	00:30:52.881	0.97571	0.97571			6
2024.04.24	00:31:05.032	0.97570	0.97570			6
2024.04.24	00:31:07.404	0.97571	0.97571			6
2024.04.24	00:31:12.809	0.97572	0.97572			6
2024.04.24	00:31:16.419	0.97571	0.97571			6
2024.04.24	00:31:16.448	0.97572	0.97572			6
2024.04.24	00:31:16.508	0.97571	0.97571			6
2024.04.24	00:31:16.538	0.97572	0.97572			6
2024.04.24	00:31:18.049	0.97574	0.97574			6
2024.04.24	00:31:23.148	0.97573	0.97573			6
2024.04.24	00:31:23.178	0.97574	0.97574			6
2024.04.24	00:31:30.275	0.97575	0.97575			6
2024.04.24	00:31:33.442	0.97574	0.97574			6
2024.04.24	00:31:40.354	0.97573	0.97573			6
2024.04.24	00:31:51.099	0.97574	0.97574			6
2024.04.24	00:31:51.130	0.97573	0.97573			6
2024.04.24	00:32:11.038	0.97574	0.97574			6
2024.04.24	00:32:17.399	0.97575	0.97575			6
2024.04.24	00:32:37.687	0.97576	0.97576			6
2024.04.24	00:32:37.971	0.97577	0.97577			6
2024.04.24	00:32:40.932	0.97576	0.97576			6
2024.04.24	00:33:00.098	0.97577	0.97577			6
2024.04.24	00:33:04.737	0.97579	0.97579			6
2024.04.24	00:33:21.142	0.97580	0.97580			6
2024.04.24	00:33:48.207	0.97581	0.97581			6
2024.04.24	00:33:50.849	0.97580	0.97580			6
2024.04.24	00:34:00.045	0.97581	0.97581			6
2024.04.24	00:34:17.034	0.97583	0.97583			6
2024.04.24	00:34:17.065	0.97581	0.97581			6
2024.04.24	00:34:17.094	0.97579	0.97579			6
2024.04.24	00:34:21.001	0.97578	0.97578			6
2024.04.24	00:34:21.332	0.97579	0.97579			6
2024.04.24	00:34:42.167	0.97580	0.97580			6
2024.04.24	00:34:42.442	0.97585	0.97585			6
2024.04.24	00:34:56.497	0.97581	0.97581			6
2024.04.24	00:35:00.048	0.97584	0.97584			6
2024.04.24	00:35:00.138	0.97582	0.97582			6
2024.04.24	00:35:22.088	0.97583	0.97583			6
2024.04.24	00:35:36.131	0.97582	0.97582			6
2024.04.24	00:35:57.478	0.97585	0.97585			6
2024.04.24	00:36:12.503	0.97586	0.97586			6
2024.04.24	00:36:21.779	0.97584	0.97584			6
2024.04.24	00:36:22.062	0.97582	0.97582			6
2024.04.24	00:36:22.092	0.97577	0.97577			6
2024.04.24	00:36:24.578	0.97576	0.97576			6
2024.04.24	00:36:58.436	0.97580	0.97580			6
2024.04.24	00:37:08.504	0.97574	0.97574			6
2024.04.24	00:37:08.534	0.97572	0.97572			6
2024.04.24	00:37:10.019	0.97573	0.97573			6
2024.04.24	00:37:11.214	0.97579	0.97579			6
2024.04.24	00:37:19.397	0.97578	0.97578			6
2024.04.24	00:37:20.214	0.97580	0.97580			6
2024.04.24	00:37:24.675	0.97581	0.97581			6
2024.04.24	00:37:30.767	0.97579	0.97579			6
2024.04.24	00:37:36.428	0.97585	0.97585			6
2024.04.24	00:37:40.462	0.97579	0.97579			6
2024.04.24	00:37:44.219	0.97581	0.97581			6
2024.04.24	00:37:44.250	0.97579	0.97579			6
2024.04.24	00:37:51.222	0.97581	0.97581			6
2024.04.24	00:37:51.252	0.97579	0.97579			6
2024.04.24	00:38:09.219	0.97580	0.97580			6
2024.04.24	00:38:11.333	0.97579	0.97579			6
2024.04.24	00:38:23.473	0.97583	0.97583			6
2024.04.24	00:38:29.664	0.97580	0.97580			6
2024.04.24	00:38:33.539	0.97579	0.97579			6
2024.04.24	00:38:35.457	0.97578	0.97578			6
2024.04.24	00:38:48.083	0.97582	0.97582			6
2024.04.24	00:39:49.400	0.97583	0.97583			6
2024.04.24	00:39:49.520	0.97582	0.97582			6
2024.04.24	00:39:49.645	0.97579	0.97579			6
2024.04.24	00:39:49.677	0.97583	0.97583			6
2024.04.24	00:39:49.707	0.97584	0.97584			6
2024.04.24	00:39:49.737	0.97580	0.97580			6
2024.04.24	00:39:49.768	0.97578	0.97578			6
2024.04.24	00:39:49.827	0.97580	0.97580			6
2024.04.24	00:39:49.858	0.97584	0.97584			6
2024.04.24	00:39:49.917	0.97585	0.97585			6
2024.04.24	00:39:49.947	0.97582	0.97582			6
2024.04.24	00:39:49.977	0.97583	0.97583			6
2024.04.24	00:39:50.006	0.97585	0.97585			6
2024.04.24	00:39:50.099	0.97583	0.97583			6
2024.04.24	00:39:50.160	0.97585	0.97585			6
2024.04.24	00:39:50.190	0.97583	0.97583			6
2024.04.24	00:39:50.220	0.97585	0.97585			6
2024.04.24	00:39:50.250	0.97583	0.97583			6
2024.04.24	00:39:50.280	0.97584	0.97584			6
2024.04.24	00:39:50.347	0.97587	0.97587			6
2024.04.24	00:39:50.377	0.97585	0.97585			6
2024.04.24	00:39:50.407	0.97586	0.97586			6
2024.04.24	00:39:50.464	0.97590	0.97590			6
2024.04.24	00:39:50.495	0.97589	0.97589			6
2024.04.24	00:39:50.554	0.97586	0.97586			6
2024.04.24	00:39:50.585	0.97589	0.97589			6
2024.04.24	00:39:50.613	0.97587	0.97587			6
2024.04.24	00:39:50.643	0.97590	0.97590			6
2024.04.24	00:39:50.674	0.97591	0.97591			6
2024.04.24	00:39:50.703	0.97589	0.97589			6
2024.04.24	00:39:57.139	0.97591	0.97591			6
2024.04.24	00:40:00.713	0.97592	0.97592			6
2024.04.24	00:40:07.768	0.97589	0.97589			6
2024.04.24	00:40:10.046	0.97592	0.97592			6
2024.04.24	00:40:15.049	0.97591	0.97591			6
2024.04.24	00:40:18.709	0.97589	0.97589			6
2024.04.24	00:40:24.988	0.97591	0.97591			6
2024.04.24	00:40:34.080	0.97589	0.97589			6
2024.04.24	00:40:34.283	0.97591	0.97591			6
2024.04.24	00:40:34.557	0.97590	0.97590			6
2024.04.24	00:40:34.647	0.97589	0.97589			6
2024.04.24	00:40:41.205	0.97588	0.97588			6
2024.04.24	00:41:02.226	0.97586	0.97586			6
2024.04.24	00:41:02.256	0.97587	0.97587			6
2024.04.24	00:41:04.921	0.97586	0.97586			6
2024.04.24	00:41:05.427	0.97584	0.97584			6
2024.04.24	00:41:07.459	0.97583	0.97583			6
2024.04.24	00:41:07.488	0.97585	0.97585			6
2024.04.24	00:41:07.518	0.97582	0.97582			6
2024.04.24	00:41:07.549	0.97579	0.97579			6
2024.04.24	00:41:07.578	0.97577	0.97577			6
2024.04.24	00:41:07.609	0.97583	0.97583			6
2024.04.24	00:41:07.639	0.97581	0.97581			6
2024.04.24	00:41:07.668	0.97583	0.97583			6
2024.04.24	00:41:07.699	0.97581	0.97581			6
2024.04.24	00:41:07.759	0.97582	0.97582			6
2024.04.24	00:41:07.789	0.97581	0.97581			6
2024.04.24	00:41:07.818	0.97579	0.97579			6
2024.04.24	00:41:07.879	0.97578	0.97578			6
2024.04.24	00:41:07.910	0.97577	0.97577			6
2024.04.24	00:41:07.940	0.97582	0.97582			6
2024.04.24	00:41:07.999	0.97584	0.97584			6
2024.04.24	00:41:10.462	0.97582	0.97582			6
2024.04.24	00:41:12.587	0.97580	0.97580			6
2024.04.24	00:41:12.617	0.97579	0.97579			6
2024.04.24	00:41:12.646	0.97580	0.97580			6
2024.04.24	00:41:12.676	0.97577	0.97577			6
2024.04.24	00:41:12.707	0.97576	0.97576			6
2024.04.24	00:41:12.767	0.97579	0.97579			6
2024.04.24	00:41:12.797	0.97577	0.97577			6
2024.04.24	00:41:12.936	0.97579	0.97579			6
2024.04.24	00:41:12.966	0.97580	0.97580			6
2024.04.24	00:41:12.996	0.97583	0.97583			6
2024.04.24	00:41:13.132	0.97582	0.97582			6
2024.04.24	00:41:13.466	0.97583	0.97583			6
2024.04.24	00:41:13.889	0.97581	0.97581			6
2024.04.24	00:41:15.673	0.97577	0.97577			6
2024.04.24	00:41:15.703	0.97578	0.97578			6
2024.04.24	00:41:19.330	0.97577	0.97577			6
2024.04.24	00:41:19.397	0.97576	0.97576			6
2024.04.24	00:41:19.427	0.97575	0.97575			6
2024.04.24	00:41:19.472	0.97576	0.97576			6
2024.04.24	00:41:19.502	0.97574	0.97574			6
2024.04.24	00:41:19.561	0.97578	0.97578			6
2024.04.24	00:41:19.590	0.97577	0.97577			6
2024.04.24	00:41:19.621	0.97575	0.97575			6
2024.04.24	00:41:19.650	0.97577	0.97577			6
2024.04.24	00:41:19.680	0.97575	0.97575			6
2024.04.24	00:41:19.783	0.97574	0.97574			6
2024.04.24	00:41:25.990	0.97575	0.97575			6
2024.04.24	00:41:26.711	0.97577	0.97577			6
2024.04.24	00:41:26.740	0.97576	0.97576			6
2024.04.24	00:41:26.802	0.97575	0.97575			6
2024.04.24	00:41:27.263	0.97576	0.97576			6
2024.04.24	00:41:27.323	0.97578	0.97578			6
2024.04.24	00:41:27.353	0.97577	0.97577			6
2024.04.24	00:41:27.418	0.97574	0.97574			6
2024.04.24	00:41:27.448	0.97575	0.97575			6
2024.04.24	00:41:27.508	0.97577	0.97577			6
2024.04.24	00:41:27.612	0.97574	0.97574			6
2024.04.24	00:41:27.671	0.97577	0.97577			6
2024.04.24	00:41:29.155	0.97578	0.97578			6
2024.04.24	00:41:29.214	0.97576	0.97576			6
2024.04.24	00:41:29.244	0.97577	0.97577			6
2024.04.24	00:41:29.274	0.97575	0.97575			6
2024.04.24	00:41:30.499	0.97576	0.97576			6
2024.04.24	00:41:30.530	0.97578	0.97578			6
2024.04.24	00:41:32.508	0.97576	0.97576			6
2024.04.24	00:41:32.569	0.97578	0.97578			6
2024.04.24	00:41:32.599	0.97580	0.97580			6
2024.04.24	00:41:32.629	0.97579	0.97579			6
2024.04.24	00:41:32.689	0.97580	0.97580			6
2024.04.24	00:41:32.719	0.97577	0.97577			6
2024.04.24	00:41:32.749	0.97576	0.97576			6
2024.04.24	00:41:34.640	0.97580	0.97580			6
2024.04.24	00:41:35.131	0.97581	0.97581			6
2024.04.24	00:41:36.414	0.97580	0.97580			6
2024.04.24	00:41:36.451	0.97581	0.97581			6
2024.04.24	00:41:37.348	0.97577	0.97577			6
2024.04.24	00:41:37.378	0.97578	0.97578			6
2024.04.24	00:41:38.080	0.97575	0.97575			6
2024.04.24	00:41:38.109	0.97573	0.97573			6
2024.04.24	00:41:38.140	0.97571	0.97571			6
2024.04.24	00:41:38.170	0.97570	0.97570			6
2024.04.24	00:41:38.230	0.97573	0.97573			6
2024.04.24	00:41:38.299	0.97574	0.97574			6
2024.04.24	00:41:38.411	0.97575	0.97575			6
2024.04.24	00:41:39.368	0.97573	0.97573			6
2024.04.24	00:41:39.428	0.97574	0.97574			6
2024.04.24	00:41:39.559	0.97575	0.97575			6
2024.04.24	00:41:42.765	0.97576	0.97576			6
2024.04.24	00:41:43.573	0.97574	0.97574			6
2024.04.24	00:41:43.860	0.97575	0.97575			6
2024.04.24	00:41:53.767	0.97574	0.97574			6
2024.04.24	00:41:53.857	0.97573	0.97573			6
2024.04.24	00:42:03.127	0.97572	0.97572			6
2024.04.24	00:42:03.184	0.97574	0.97574			6
2024.04.24	00:42:03.214	0.97573	0.97573			6
2024.04.24	00:42:03.295	0.97572	0.97572			6
2024.04.24	00:42:03.357	0.97571	0.97571			6
2024.04.24	00:42:03.387	0.97572	0.97572			6
2024.04.24	00:42:04.148	0.97571	0.97571			6
2024.04.24	00:42:04.184	0.97572	0.97572			6
2024.04.24	00:42:04.215	0.97570	0.97570			6
2024.04.24	00:42:04.306	0.97568	0.97568			6
2024.04.24	00:42:04.365	0.97566	0.97566			6
2024.04.24	00:42:04.396	0.97565	0.97565			6
2024.04.24	00:42:04.426	0.97564	0.97564			6
2024.04.24	00:42:04.456	0.97563	0.97563			6
2024.04.24	00:42:04.643	0.97561	0.97561			6
2024.04.24	00:42:04.674	0.97560	0.97560			6
2024.04.24	00:42:04.703	0.97558	0.97558			6
2024.04.24	00:42:04.830	0.97560	0.97560			6
2024.04.24	00:42:04.860	0.97562	0.97562			6
2024.04.24	00:42:04.922	0.97559	0.97559			6
2024.04.24	00:42:04.952	0.97557	0.97557			6
2024.04.24	00:42:04.983	0.97556	0.97556			6
2024.04.24	00:42:05.173	0.97555	0.97555			6
2024.04.24	00:42:05.232	0.97557	0.97557			6
2024.04.24	00:42:05.263	0.97558	0.97558			6
2024.04.24	00:42:05.352	0.97557	0.97557			6
2024.04.24	00:42:05.384	0.97558	0.97558			6
2024.04.24	00:42:05.414	0.97559	0.97559			6
2024.04.24	00:42:05.746	0.97557	0.97557			6
2024.04.24	00:42:05.778	0.97556	0.97556			6
2024.04.24	00:42:07.611	0.97560	0.97560			6
2024.04.24	00:42:07.643	0.97561	0.97561			6
2024.04.24	00:42:07.671	0.97563	0.97563			6
2024.04.24	00:42:07.702	0.97564	0.97564			6
2024.04.24	00:42:07.769	0.97565	0.97565			6
2024.04.24	00:42:07.830	0.97564	0.97564			6
2024.04.24	00:42:07.860	0.97565	0.97565			6
2024.04.24	00:42:07.890	0.97564	0.97564			6
2024.04.24	00:42:09.937	0.97562	0.97562			6
2024.04.24	00:42:09.967	0.97561	0.97561			6
2024.04.24	00:42:10.045	0.97560	0.97560			6
2024.04.24	00:42:10.075	0.97559	0.97559			6
2024.04.24	00:42:10.105	0.97558	0.97558			6
2024.04.24	00:42:11.667	0.97559	0.97559			6
2024.04.24	00:42:11.697	0.97560	0.97560			6
2024.04.24	00:42:11.984	0.97558	0.97558			6
2024.04.24	00:42:12.046	0.97560	0.97560			6
2024.04.24	00:42:12.075	0.97559	0.97559			6
2024.04.24	00:42:12.167	0.97557	0.97557			6
2024.04.24	00:42:12.197	0.97559	0.97559			6
2024.04.24	00:42:12.611	0.97560	0.97560			6
2024.04.24	00:42:12.641	0.97561	0.97561			6
2024.04.24	00:42:12.670	0.97562	0.97562			6
2024.04.24	00:42:12.748	0.97563	0.97563			6
2024.04.24	00:42:13.224	0.97561	0.97561			6
2024.04.24	00:42:13.253	0.97562	0.97562			6
2024.04.24	00:42:13.285	0.97561	0.97561			6
2024.04.24	00:42:13.507	0.97558	0.97558			6
2024.04.24	00:42:13.537	0.97559	0.97559			6
2024.04.24	00:42:15.182	0.97561	0.97561			6
2024.04.24	00:42:15.212	0.97564	0.97564			6
2024.04.24	00:42:15.242	0.97566	0.97566			6
2024.04.24	00:42:15.272	0.97565	0.97565			6
2024.04.24	00:42:15.303	0.97571	0.97571			6
2024.04.24	00:42:15.362	0.97572	0.97572			6
2024.04.24	00:42:15.392	0.97573	0.97573			6
2024.04.24	00:42:15.422	0.97574	0.97574			6
2024.04.24	00:42:15.453	0.97573	0.97573			6
2024.04.24	00:42:15.483	0.97575	0.97575			6
2024.04.24	00:42:15.574	0.97574	0.97574			6
2024.04.24	00:42:15.636	0.97575	0.97575			6
2024.04.24	00:42:15.930	0.97574	0.97574			6
2024.04.24	00:42:15.990	0.97573	0.97573			6
2024.04.24	00:42:16.021	0.97572	0.97572			6
2024.04.24	00:42:16.060	0.97571	0.97571			6
2024.04.24	00:42:16.232	0.97570	0.97570			6
2024.04.24	00:42:18.789	0.97572	0.97572			6
2024.04.24	00:42:18.820	0.97571	0.97571			6
2024.04.24	00:42:18.849	0.97573	0.97573			6
2024.04.24	00:42:18.880	0.97574	0.97574			6
2024.04.24	00:42:18.940	0.97573	0.97573			6
2024.04.24	00:42:19.000	0.97575	0.97575			6
2024.04.24	00:42:25.262	0.97576	0.97576			6
2024.04.24	00:42:35.460	0.97577	0.97577			6
2024.04.24	00:42:42.674	0.97574	0.97574			6
2024.04.24	00:42:42.732	0.97573	0.97573			6
2024.04.24	00:42:42.763	0.97572	0.97572			6
2024.04.24	00:42:42.793	0.97571	0.97571			6
2024.04.24	00:42:42.854	0.97572	0.97572			6
2024.04.24	00:42:42.884	0.97575	0.97575			6
2024.04.24	00:42:42.914	0.97576	0.97576			6
2024.04.24	00:42:42.973	0.97577	0.97577			6
2024.04.24	00:42:45.724	0.97578	0.97578			6
2024.04.24	00:42:45.755	0.97579	0.97579			6
2024.04.24	00:42:45.789	0.97580	0.97580			6
2024.04.24	00:42:45.849	0.97581	0.97581			6
2024.04.24	00:42:45.896	0.97582	0.97582			6
2024.04.24	00:42:48.419	0.97583	0.97583			6
2024.04.24	00:42:49.486	0.97582	0.97582			6
2024.04.24	00:42:52.655	0.97583	0.97583			6
2024.04.24	00:43:02.929	0.97584	0.97584			6
2024.04.24	00:43:11.930	0.97585	0.97585			6
2024.04.24	00:43:13.402	0.97584	0.97584			6
2024.04.24	00:43:15.643	0.97585	0.97585			6
2024.04.24	00:43:19.144	0.97584	0.97584			6
2024.04.24	00:43:29.920	0.97582	0.97582			6
2024.04.24	00:43:29.982	0.97583	0.97583			6
2024.04.24	00:43:30.228	0.97577	0.97577			6
2024.04.24	00:43:30.258	0.97576	0.97576			6
2024.04.24	00:43:30.288	0.97574	0.97574			6
2024.04.24	00:43:30.617	0.97572	0.97572			6
2024.04.24	00:43:30.647	0.97571	0.97571			6
2024.04.24	00:43:34.285	0.97572	0.97572			6
2024.04.24	00:43:35.563	0.97571	0.97571			6
2024.04.24	00:43:38.968	0.97569	0.97569			6
2024.04.24	00:43:39.000	0.97568	0.97568			6
2024.04.24	00:43:39.696	0.97567	0.97567			6
2024.04.24	00:43:39.726	0.97568	0.97568			6
2024.04.24	00:43:40.014	0.97567	0.97567			6
2024.04.24	00:43:41.396	0.97568	0.97568			6
2024.04.24	00:43:41.754	0.97567	0.97567			6
2024.04.24	00:43:41.783	0.97566	0.97566			6
2024.04.24	00:43:42.972	0.97567	0.97567			6
2024.04.24	00:43:44.392	0.97570	0.97570			6
2024.04.24	00:43:44.422	0.97572	0.97572			6
2024.04.24	00:43:44.499	0.97573	0.97573			6
2024.04.24	00:43:44.642	0.97574	0.97574			6
2024.04.24	00:43:44.964	0.97575	0.97575			6
2024.04.24	00:43:56.848	0.97579	0.97579			6
2024.04.24	00:43:56.879	0.97580	0.97580			6
2024.04.24	00:43:56.909	0.97579	0.97579			6
2024.04.24	00:43:56.939	0.97581	0.97581			6
2024.04.24	00:43:56.968	0.97579	0.97579			6
2024.04.24	00:43:56.998	0.97581	0.97581			6
2024.04.24	00:44:01.181	0.97582	0.97582			6
2024.04.24	00:44:01.331	0.97584	0.97584			6
2024.04.24	00:44:30.978	0.97589	0.97589			6
2024.04.24	00:44:44.616	0.97584	0.97584			6
2024.04.24	00:44:57.383	0.97585	0.97585			6
2024.04.24	00:45:03.033	0.97575	0.97575			6
2024.04.24	00:45:03.213	0.97576	0.97576			6
2024.04.24	00:45:03.243	0.97575	0.97575			6
2024.04.24	00:45:03.305	0.97576	0.97576			6
2024.04.24	00:45:15.801	0.97575	0.97575			6
2024.04.24	00:45:15.831	0.97574	0.97574			6
2024.04.24	00:45:16.158	0.97573	0.97573			6
2024.04.24	00:45:34.673	0.97572	0.97572			6
2024.04.24	00:45:34.948	0.97573	0.97573			6
2024.04.24	00:45:35.246	0.97572	0.97572			6
2024.04.24	00:45:35.448	0.97571	0.97571			6
2024.04.24	00:45:35.538	0.97572	0.97572			6
2024.04.24	00:45:35.569	0.97571	0.97571			6
2024.04.24	00:45:35.742	0.97573	0.97573			6
2024.04.24	00:45:35.773	0.97572	0.97572			6
2024.04.24	00:45:36.037	0.97571	0.97571			6
2024.04.24	00:45:36.131	0.97570	0.97570			6
2024.04.24	00:45:37.295	0.97569	0.97569			6
2024.04.24	00:45:37.325	0.97570	0.97570			6
2024.04.24	00:45:37.385	0.97569	0.97569			6
2024.04.24	00:45:37.415	0.97571	0.97571			6
2024.04.24	00:45:37.790	0.97572	0.97572			6
2024.04.24	00:45:37.820	0.97571	0.97571			6
2024.04.24	00:45:37.880	0.97570	0.97570			6
2024.04.24	00:45:38.308	0.97571	0.97571			6
2024.04.24	00:45:38.338	0.97570	0.97570			6
2024.04.24	00:45:38.368	0.97571	0.97571			6
2024.04.24	00:45:38.678	0.97570	0.97570			6
2024.04.24	00:45:39.038	0.97571	0.97571			6
2024.04.24	00:45:39.272	0.97570	0.97570			6
2024.04.24	00:45:39.302	0.97571	0.97571			6
2024.04.24	00:45:39.341	0.97570	0.97570			6
2024.04.24	00:45:39.371	0.97574	0.97574			6
2024.04.24	00:45:39.400	0.97575	0.97575			6
2024.04.24	00:45:39.462	0.97577	0.97577			6
2024.04.24	00:45:40.682	0.97578	0.97578			6
2024.04.24	00:45:41.431	0.97577	0.97577			6
2024.04.24	00:45:42.372	0.97576	0.97576			6
2024.04.24	00:45:44.297	0.97574	0.97574			6
2024.04.24	00:45:44.746	0.97576	0.97576			6
2024.04.24	00:45:47.111	0.97577	0.97577			6
2024.04.24	00:45:47.171	0.97578	0.97578			6
2024.04.24	00:45:48.038	0.97579	0.97579			6
2024.04.24	00:45:48.395	0.97577	0.97577			6
2024.04.24	00:45:48.426	0.97578	0.97578			6
2024.04.24	00:45:48.486	0.97581	0.97581			6
2024.04.24	00:46:03.232	0.97582	0.97582			6
2024.04.24	00:46:12.382	0.97581	0.97581			6
2024.04.24	00:46:12.413	0.97582	0.97582			6
2024.04.24	00:46:12.462	0.97579	0.97579			6
2024.04.24	00:46:27.539	0.97580	0.97580			6
2024.04.24	00:46:29.447	0.97581	0.97581			6
2024.04.24	00:46:29.792	0.97582	0.97582			6
2024.04.24	00:46:30.447	0.97580	0.97580			6
2024.04.24	00:46:30.477	0.97581	0.97581			6
2024.04.24	00:46:34.698	0.97580	0.97580			6
2024.04.24	00:46:46.717	0.97579	0.97579			6
2024.04.24	00:46:50.118	0.97574	0.97574			6
2024.04.24	00:46:57.130	0.97579	0.97579			6
2024.04.24	00:46:57.160	0.97581	0.97581			6
2024.04.24	00:46:57.190	0.97580	0.97580			6
2024.04.24	00:46:57.219	0.97581	0.97581			6
2024.04.24	00:46:57.760	0.97580	0.97580			6
2024.04.24	00:47:10.932	0.97579	0.97579			6
2024.04.24	00:47:11.158	0.97580	0.97580			6
2024.04.24	00:47:11.232	0.97579	0.97579			6
2024.04.24	00:47:11.261	0.97581	0.97581			6
2024.04.24	00:47:11.291	0.97582	0.97582			6
2024.04.24	00:47:11.326	0.97580	0.97580			6
2024.04.24	00:47:11.356	0.97582	0.97582			6
2024.04.24	00:47:11.571	0.97581	0.97581			6
2024.04.24	00:47:13.650	0.97580	0.97580			6
2024.04.24	00:47:13.709	0.97581	0.97581			6
2024.04.24	00:47:24.502	0.97580	0.97580			6
2024.04.24	00:47:24.532	0.97578	0.97578			6
2024.04.24	00:47:24.719	0.97577	0.97577			6
2024.04.24	00:47:24.772	0.97576	0.97576			6
2024.04.24	00:47:24.999	0.97575	0.97575			6
2024.04.24	00:47:25.029	0.97576	0.97576			6
2024.04.24	00:47:25.119	0.97577	0.97577			6
2024.04.24	00:47:25.149	0.97578	0.97578			6
2024.04.24	00:47:25.197	0.97577	0.97577			6
2024.04.24	00:47:25.596	0.97579	0.97579			6
2024.04.24	00:47:26.231	0.97578	0.97578			6
2024.04.24	00:47:26.765	0.97579	0.97579			6
2024.04.24	00:47:27.083	0.97578	0.97578			6
2024.04.24	00:47:27.378	0.97579	0.97579			6
2024.04.24	00:47:27.675	0.97578	0.97578			6
2024.04.24	00:47:27.997	0.97579	0.97579			6
2024.04.24	00:47:28.278	0.97578	0.97578			6
2024.04.24	00:47:28.582	0.97579	0.97579			6
2024.04.24	00:47:30.922	0.97580	0.97580			6
2024.04.24	00:47:38.632	0.97579	0.97579			6
2024.04.24	00:47:42.347	0.97580	0.97580			6
2024.04.24	00:47:56.312	0.97579	0.97579			6
2024.04.24	00:48:07.926	0.97581	0.97581			6
2024.04.24	00:48:08.276	0.97580	0.97580			6
2024.04.24	00:48:08.623	0.97579	0.97579			6
2024.04.24	00:48:08.653	0.97578	0.97578			6
2024.04.24	00:48:08.880	0.97579	0.97579			6
2024.04.24	00:48:11.173	0.97578	0.97578			6
2024.04.24	00:48:11.204	0.97579	0.97579			6
2024.04.24	00:48:11.234	0.97578	0.97578			6
2024.04.24	00:48:11.294	0.97579	0.97579			6
2024.04.24	00:48:11.325	0.97580	0.97580			6
2024.04.24	00:48:12.028	0.97579	0.97579			6
2024.04.24	00:48:15.417	0.97578	0.97578			6
2024.04.24	00:48:15.741	0.97579	0.97579			6
2024.04.24	00:48:16.129	0.97578	0.97578			6
2024.04.24	00:48:16.350	0.97579	0.97579			6
2024.04.24	00:48:21.717	0.97580	0.97580			6
2024.04.24	00:48:26.838	0.97578	0.97578			6
2024.04.24	00:48:26.868	0.97580	0.97580			6
2024.04.24	00:48:30.487	0.97578	0.97578			6
2024.04.24	00:48:30.517	0.97581	0.97581			6
2024.04.24	00:48:30.698	0.97578	0.97578			6
2024.04.24	00:48:30.729	0.97579	0.97579			6
2024.04.24	00:48:30.788	0.97580	0.97580			6
2024.04.24	00:48:33.553	0.97579	0.97579			6
2024.04.24	00:48:33.613	0.97580	0.97580			6
2024.04.24	00:48:33.880	0.97578	0.97578			6
2024.04.24	00:48:33.911	0.97580	0.97580			6
2024.04.24	00:48:41.879	0.97577	0.97577			6
2024.04.24	00:48:43.354	0.97580	0.97580			6
2024.04.24	00:48:45.098	0.97581	0.97581			6
2024.04.24	00:48:46.003	0.97578	0.97578			6
2024.04.24	00:48:46.032	0.97581	0.97581			6
2024.04.24	00:48:46.184	0.97580	0.97580			6
2024.04.24	00:48:46.315	0.97581	0.97581			6
2024.04.24	00:48:46.596	0.97578	0.97578			6
2024.04.24	00:48:46.656	0.97577	0.97577			6
2024.04.24	00:48:46.745	0.97576	0.97576			6
2024.04.24	00:48:46.897	0.97575	0.97575			6
2024.04.24	00:48:47.358	0.97576	0.97576			6
2024.04.24	00:48:48.664	0.97578	0.97578			6
2024.04.24	00:48:48.693	0.97576	0.97576			6
2024.04.24	00:48:48.755	0.97578	0.97578			6
2024.04.24	00:48:49.754	0.97579	0.97579			6
2024.04.24	00:48:49.797	0.97580	0.97580			6
2024.04.24	00:48:49.858	0.97581	0.97581			6
2024.04.24	00:48:50.580	0.97580	0.97580			6
2024.04.24	00:48:50.629	0.97581	0.97581			6
2024.04.24	00:48:52.435	0.97582	0.97582			6
2024.04.24	00:48:52.639	0.97581	0.97581			6
2024.04.24	00:48:53.249	0.97582	0.97582			6
2024.04.24	00:48:53.278	0.97580	0.97580			6
2024.04.24	00:48:53.308	0.97582	0.97582			6
2024.04.24	00:48:57.909	0.97581	0.97581			6
2024.04.24	00:49:00.096	0.97580	0.97580			6
2024.04.24	00:49:00.391	0.97581	0.97581			6
2024.04.24	00:49:00.481	0.97582	0.97582			6
2024.04.24	00:49:00.812	0.97583	0.97583			6
2024.04.24	00:49:03.727	0.97581	0.97581			6
2024.04.24	00:49:03.937	0.97583	0.97583			6
2024.04.24	00:49:04.108	0.97579	0.97579			6
2024.04.24	00:49:04.139	0.97581	0.97581			6
2024.04.24	00:49:04.168	0.97582	0.97582			6
2024.04.24	00:49:08.809	0.97579	0.97579			6
2024.04.24	00:49:08.839	0.97580	0.97580			6
2024.04.24	00:49:08.868	0.97581	0.97581			6
2024.04.24	00:49:08.899	0.97579	0.97579			6
2024.04.24	00:49:08.929	0.97581	0.97581			6
2024.04.24	00:49:09.112	0.97582	0.97582			6
2024.04.24	00:49:22.078	0.97579	0.97579			6
2024.04.24	00:49:22.107	0.97581	0.97581			6
2024.04.24	00:49:22.381	0.97580	0.97580			6
2024.04.24	00:49:22.411	0.97581	0.97581			6
2024.04.24	00:49:22.441	0.97582	0.97582			6
2024.04.24	00:49:30.492	0.97580	0.97580			6
2024.04.24	00:49:30.623	0.97581	0.97581			6
2024.04.24	00:49:32.940	0.97582	0.97582			6
2024.04.24	00:49:33.021	0.97581	0.97581			6
2024.04.24	00:49:33.052	0.97582	0.97582			6
2024.04.24	00:49:33.112	0.97581	0.97581			6
2024.04.24	00:49:33.142	0.97582	0.97582			6
2024.04.24	00:49:37.405	0.97580	0.97580			6
2024.04.24	00:49:37.563	0.97581	0.97581			6
2024.04.24	00:49:37.663	0.97580	0.97580			6
2024.04.24	00:49:37.723	0.97581	0.97581			6
2024.04.24	00:49:37.753	0.97582	0.97582			6
2024.04.24	00:49:38.219	0.97583	0.97583			6
2024.04.24	00:49:38.563	0.97580	0.97580			6
2024.04.24	00:49:38.593	0.97581	0.97581			6
2024.04.24	00:49:40.620	0.97579	0.97579			6
2024.04.24	00:49:40.650	0.97582	0.97582			6
2024.04.24	00:49:40.953	0.97581	0.97581			6
2024.04.24	00:49:41.727	0.97578	0.97578			6
2024.04.24	00:49:41.758	0.97579	0.97579			6
2024.04.24	00:49:44.994	0.97576	0.97576			6
2024.04.24	00:49:45.024	0.97578	0.97578			6
2024.04.24	00:49:45.055	0.97579	0.97579			6
2024.04.24	00:49:48.232	0.97580	0.97580			6
2024.04.24	00:49:52.817	0.97576	0.97576			6
2024.04.24	00:49:52.846	0.97577	0.97577			6
2024.04.24	00:49:52.947	0.97576	0.97576			6
2024.04.24	00:49:53.009	0.97577	0.97577			6
2024.04.24	00:49:53.068	0.97576	0.97576			6
2024.04.24	00:49:53.098	0.97577	0.97577			6
2024.04.24	00:49:53.133	0.97576	0.97576			6
2024.04.24	00:49:53.163	0.97577	0.97577			6
2024.04.24	00:49:53.193	0.97578	0.97578			6
2024.04.24	00:49:53.223	0.97576	0.97576			6
2024.04.24	00:49:53.253	0.97578	0.97578			6
2024.04.24	00:49:53.312	0.97576	0.97576			6
2024.04.24	00:49:53.342	0.97578	0.97578			6
2024.04.24	00:49:53.413	0.97577	0.97577			6
2024.04.24	00:49:53.473	0.97579	0.97579			6
2024.04.24	00:49:53.503	0.97578	0.97578			6
2024.04.24	00:49:53.533	0.97579	0.97579			6
2024.04.24	00:49:53.563	0.97581	0.97581			6
2024.04.24	00:49:53.623	0.97582	0.97582			6
2024.04.24	00:49:53.698	0.97583	0.97583			6
2024.04.24	00:49:53.831	0.97581	0.97581			6
2024.04.24	00:49:53.871	0.97580	0.97580			6
2024.04.24	00:49:53.901	0.97582	0.97582			6
2024.04.24	00:49:54.031	0.97581	0.97581			6
2024.04.24	00:49:54.120	0.97579	0.97579			6
2024.04.24	00:49:54.198	0.97582	0.97582			6
2024.04.24	00:49:55.772	0.97580	0.97580			6
2024.04.24	00:49:55.802	0.97581	0.97581			6
2024.04.24	00:49:56.091	0.97578	0.97578			6
2024.04.24	00:49:57.034	0.97576	0.97576			6
2024.04.24	00:49:57.065	0.97575	0.97575			6
2024.04.24	00:49:57.095	0.97576	0.97576			6
2024.04.24	00:49:57.934	0.97575	0.97575			6
2024.04.24	00:49:57.966	0.97576	0.97576			6
2024.04.24	00:50:00.788	0.97574	0.97574			6
2024.04.24	00:50:00.818	0.97576	0.97576			6
2024.04.24	00:50:01.047	0.97575	0.97575			6
2024.04.24	00:50:01.106	0.97576	0.97576			6
2024.04.24	00:50:01.439	0.97574	0.97574			6
2024.04.24	00:50:01.470	0.97576	0.97576			6
2024.04.24	00:50:02.018	0.97575	0.97575			6
2024.04.24	00:50:02.066	0.97576	0.97576			6
2024.04.24	00:50:02.097	0.97578	0.97578			6
2024.04.24	00:50:03.453	0.97576	0.97576			6
2024.04.24	00:50:03.484	0.97579	0.97579			6
2024.04.24	00:50:05.897	0.97578	0.97578			6
2024.04.24	00:50:09.641	0.97579	0.97579			6
2024.04.24	00:50:09.785	0.97575	0.97575			6
2024.04.24	00:50:09.974	0.97573	0.97573			6
2024.04.24	00:50:10.004	0.97578	0.97578			6
2024.04.24	00:50:10.194	0.97577	0.97577			6
2024.04.24	00:50:10.250	0.97576	0.97576			6
2024.04.24	00:50:10.280	0.97575	0.97575			6
2024.04.24	00:50:10.311	0.97576	0.97576			6
2024.04.24	00:50:10.651	0.97578	0.97578			6
2024.04.24	00:50:11.151	0.97575	0.97575			6
2024.04.24	00:50:13.904	0.97576	0.97576			6
2024.04.24	00:50:13.934	0.97577	0.97577			6
2024.04.24	00:50:15.129	0.97576	0.97576			6
2024.04.24	00:50:15.348	0.97575	0.97575			6
2024.04.24	00:50:17.021	0.97576	0.97576			6
2024.04.24	00:50:17.111	0.97575	0.97575			6
2024.04.24	00:50:29.725	0.97572	0.97572			6
2024.04.24	00:50:29.786	0.97577	0.97577			6
2024.04.24	00:50:31.052	0.97578	0.97578			6
2024.04.24	00:50:31.573	0.97577	0.97577			6
2024.04.24	00:50:31.603	0.97578	0.97578			6
2024.04.24	00:50:31.721	0.97577	0.97577			6
2024.04.24	00:50:31.750	0.97578	0.97578			6
2024.04.24	00:50:49.185	0.97577	0.97577			6
2024.04.24	00:50:49.214	0.97578	0.97578			6
2024.04.24	00:50:49.485	0.97581	0.97581			6
2024.04.24	00:50:49.514	0.97579	0.97579			6
2024.04.24	00:50:52.591	0.97578	0.97578			6
2024.04.24	00:50:59.472	0.97577	0.97577			6
2024.04.24	00:50:59.502	0.97578	0.97578			6
2024.04.24	00:50:59.592	0.97579	0.97579			6
2024.04.24	00:51:00.638	0.97578	0.97578			6
2024.04.24	00:51:01.285	0.97577	0.97577			6
2024.04.24	00:51:01.676	0.97576	0.97576			6
2024.04.24	00:51:01.989	0.97575	0.97575			6
2024.04.24	00:51:02.018	0.97576	0.97576			6
2024.04.24	00:51:06.006	0.97575	0.97575			6
2024.04.24	00:51:06.036	0.97577	0.97577			6
2024.04.24	00:51:09.697	0.97578	0.97578			6
2024.04.24	00:51:10.133	0.97577	0.97577			6
2024.04.24	00:51:10.163	0.97576	0.97576			6
2024.04.24	00:51:10.599	0.97577	0.97577			6
2024.04.24	00:51:11.198	0.97575	0.97575			6
2024.04.24	00:51:11.228	0.97580	0.97580			6
2024.04.24	00:51:11.348	0.97577	0.97577			6
2024.04.24	00:51:16.155	0.97576	0.97576			6
2024.04.24	00:51:16.343	0.97577	0.97577			6
2024.04.24	00:51:17.015	0.97579	0.97579			6
2024.04.24	00:51:17.077	0.97578	0.97578			6
2024.04.24	00:51:17.166	0.97582	0.97582			6
2024.04.24	00:51:17.227	0.97580	0.97580			6
2024.04.24	00:51:17.287	0.97579	0.97579			6
2024.04.24	00:51:17.580	0.97580	0.97580			6
2024.04.24	00:51:17.641	0.97582	0.97582			6
2024.04.24	00:51:17.671	0.97580	0.97580			6
2024.04.24	00:51:17.701	0.97581	0.97581			6
2024.04.24	00:51:17.731	0.97580	0.97580			6
2024.04.24	00:51:18.005	0.97579	0.97579			6
2024.04.24	00:51:18.216	0.97576	0.97576			6
2024.04.24	00:51:18.339	0.97575	0.97575			6
2024.04.24	00:51:18.594	0.97576	0.97576			6
2024.04.24	00:51:19.155	0.97575	0.97575			6
2024.04.24	00:51:20.125	0.97574	0.97574			6
2024.04.24	00:51:20.184	0.97576	0.97576			6
2024.04.24	00:51:20.245	0.97575	0.97575			6
2024.04.24	00:51:22.020	0.97576	0.97576			6
2024.04.24	00:51:22.430	0.97575	0.97575			6
2024.04.24	00:51:22.759	0.97574	0.97574			6
2024.04.24	00:51:22.789	0.97575	0.97575			6
2024.04.24	00:51:31.739	0.97574	0.97574			6
2024.04.24	00:51:31.769	0.97576	0.97576			6
2024.04.24	00:51:32.131	0.97580	0.97580			6
2024.04.24	00:51:32.355	0.97576	0.97576			6
2024.04.24	00:51:32.571	0.97575	0.97575			6
2024.04.24	00:51:32.880	0.97574	0.97574			6
2024.04.24	00:51:32.910	0.97576	0.97576			6
2024.04.24	00:51:32.940	0.97579	0.97579			6
2024.04.24	00:51:33.731	0.97578	0.97578			6
2024.04.24	00:51:33.762	0.97576	0.97576			6
2024.04.24	00:51:33.792	0.97577	0.97577			6
2024.04.24	00:51:33.822	0.97576	0.97576			6
2024.04.24	00:51:34.148	0.97574	0.97574			6
2024.04.24	00:51:34.178	0.97575	0.97575			6
2024.04.24	00:51:44.238	0.97573	0.97573			6
2024.04.24	00:51:44.268	0.97575	0.97575			6
2024.04.24	00:51:44.560	0.97580	0.97580			6
2024.04.24	00:51:53.286	0.97581	0.97581			6
2024.04.24	00:51:53.347	0.97580	0.97580			6
2024.04.24	00:51:53.377	0.97581	0.97581			6
2024.04.24	00:51:53.407	0.97577	0.97577			6
2024.04.24	00:51:54.802	0.97576	0.97576			6
2024.04.24	00:51:54.863	0.97577	0.97577			6
2024.04.24	00:51:55.003	0.97575	0.97575			6
2024.04.24	00:51:55.347	0.97576	0.97576			6
2024.04.24	00:51:55.524	0.97577	0.97577			6
2024.04.24	00:51:55.822	0.97575	0.97575			6
2024.04.24	00:51:55.852	0.97576	0.97576			6
2024.04.24	00:51:56.294	0.97577	0.97577			6
2024.04.24	00:52:00.557	0.97576	0.97576			6
2024.04.24	00:52:00.587	0.97582	0.97582			6
2024.04.24	00:52:03.341	0.97581	0.97581			6
2024.04.24	00:52:03.647	0.97576	0.97576			6
2024.04.24	00:52:03.676	0.97581	0.97581			6
2024.04.24	00:52:03.843	0.97577	0.97577			6
2024.04.24	00:52:03.872	0.97576	0.97576			6
2024.04.24	00:52:04.182	0.97575	0.97575			6
2024.04.24	00:52:04.212	0.97576	0.97576			6
2024.04.24	00:52:04.361	0.97575	0.97575			6
2024.04.24	00:52:04.392	0.97579	0.97579			6
2024.04.24	00:52:04.422	0.97577	0.97577			6
2024.04.24	00:52:04.739	0.97576	0.97576			6
2024.04.24	00:52:04.799	0.97578	0.97578			6
2024.04.24	00:52:04.829	0.97579	0.97579			6
2024.04.24	00:52:05.181	0.97577	0.97577			6
2024.04.24	00:52:05.232	0.97578	0.97578			6
2024.04.24	00:52:05.262	0.97576	0.97576			6
2024.04.24	00:52:05.292	0.97578	0.97578			6
2024.04.24	00:52:05.322	0.97577	0.97577			6
2024.04.24	00:52:05.353	0.97575	0.97575			6
2024.04.24	00:52:05.649	0.97576	0.97576			6
2024.04.24	00:52:05.746	0.97578	0.97578			6
2024.04.24	00:52:05.777	0.97577	0.97577			6
2024.04.24	00:52:05.896	0.97578	0.97578			6
2024.04.24	00:52:05.955	0.97574	0.97574			6
2024.04.24	00:52:05.985	0.97578	0.97578			6
2024.04.24	00:52:06.286	0.97577	0.97577			6
2024.04.24	00:52:06.346	0.97579	0.97579			6
2024.04.24	00:52:06.467	0.97577	0.97577			6
2024.04.24	00:52:08.156	0.97578	0.97578			6
2024.04.24	00:52:08.186	0.97577	0.97577			6
2024.04.24	00:52:08.377	0.97576	0.97576			6
2024.04.24	00:52:09.381	0.97577	0.97577			6
2024.04.24	00:52:18.788	0.97576	0.97576			6
2024.04.24	00:52:19.731	0.97577	0.97577			6
2024.04.24	00:52:22.147	0.97576	0.97576			6
2024.04.24	00:52:26.741	0.97577	0.97577			6
2024.04.24	00:52:26.803	0.97578	0.97578			6
2024.04.24	00:52:30.099	0.97579	0.97579			6
2024.04.24	00:52:31.993	0.97578	0.97578			6
2024.04.24	00:52:34.772	0.97577	0.97577			6
2024.04.24	00:52:35.102	0.97578	0.97578			6
2024.04.24	00:52:35.131	0.97583	0.97583			6
2024.04.24	00:52:35.161	0.97584	0.97584			6
2024.04.24	00:52:35.560	0.97580	0.97580			6
2024.04.24	00:52:37.053	0.97579	0.97579			6
2024.04.24	00:52:39.730	0.97575	0.97575			6
2024.04.24	00:52:39.759	0.97577	0.97577			6
2024.04.24	00:52:39.963	0.97576	0.97576			6
2024.04.24	00:52:40.126	0.97575	0.97575			6
2024.04.24	00:52:40.156	0.97577	0.97577			6
2024.04.24	00:52:40.186	0.97576	0.97576			6
2024.04.24	00:52:40.579	0.97575	0.97575			6
2024.04.24	00:52:40.879	0.97576	0.97576			6
2024.04.24	00:52:40.948	0.97575	0.97575			6
2024.04.24	00:52:41.228	0.97576	0.97576			6
2024.04.24	00:52:41.440	0.97574	0.97574			6
2024.04.24	00:52:43.396	0.97576	0.97576			6
2024.04.24	00:52:43.425	0.97575	0.97575			6
2024.04.24	00:52:43.516	0.97576	0.97576			6
2024.04.24	00:52:43.832	0.97575	0.97575			6
2024.04.24	00:52:43.863	0.97576	0.97576			6
2024.04.24	00:52:43.894	0.97577	0.97577			6
2024.04.24	00:52:43.954	0.97578	0.97578			6
2024.04.24	00:52:43.983	0.97577	0.97577			6
2024.04.24	00:52:54.704	0.97575	0.97575			6
2024.04.24	00:52:54.988	0.97576	0.97576			6
2024.04.24	00:52:55.017	0.97577	0.97577			6
2024.04.24	00:52:55.047	0.97575	0.97575			6
2024.04.24	00:52:55.167	0.97574	0.97574			6
2024.04.24	00:52:55.982	0.97575	0.97575			6
2024.04.24	00:52:56.012	0.97574	0.97574			6
2024.04.24	00:52:56.042	0.97575	0.97575			6
2024.04.24	00:52:56.549	0.97574	0.97574			6
2024.04.24	00:52:56.579	0.97575	0.97575			6
2024.04.24	00:52:56.677	0.97576	0.97576			6
2024.04.24	00:52:56.737	0.97574	0.97574			6
2024.04.24	00:52:57.045	0.97575	0.97575			6
2024.04.24	00:52:57.135	0.97577	0.97577			6
2024.04.24	00:52:57.195	0.97578	0.97578			6
2024.04.24	00:52:57.226	0.97576	0.97576			6
2024.04.24	00:52:57.441	0.97577	0.97577			6
2024.04.24	00:52:57.500	0.97576	0.97576			6
2024.04.24	00:53:00.274	0.97577	0.97577			6
2024.04.24	00:53:00.305	0.97578	0.97578			6
2024.04.24	00:53:00.335	0.97577	0.97577			6
2024.04.24	00:53:00.902	0.97578	0.97578			6
2024.04.24	00:53:00.932	0.97576	0.97576			6
2024.04.24	00:53:00.962	0.97577	0.97577			6
2024.04.24	00:53:00.993	0.97576	0.97576			6
2024.04.24	00:53:01.194	0.97577	0.97577			6
2024.04.24	00:53:01.256	0.97576	0.97576			6
2024.04.24	00:53:03.369	0.97577	0.97577			6
2024.04.24	00:53:03.434	0.97578	0.97578			6
2024.04.24	00:53:03.464	0.97579	0.97579			6
2024.04.24	00:53:03.494	0.97580	0.97580			6
2024.04.24	00:53:03.556	0.97579	0.97579			6
2024.04.24	00:53:03.586	0.97578	0.97578			6
2024.04.24	00:53:03.617	0.97580	0.97580			6
2024.04.24	00:53:03.800	0.97579	0.97579			6
2024.04.24	00:53:18.623	0.97583	0.97583			6
2024.04.24	00:53:18.653	0.97578	0.97578			6
2024.04.24	00:53:18.683	0.97577	0.97577			6
2024.04.24	00:53:20.493	0.97578	0.97578			6
2024.04.24	00:53:21.081	0.97579	0.97579			6
2024.04.24	00:53:21.390	0.97578	0.97578			6
2024.04.24	00:53:21.449	0.97579	0.97579			6
2024.04.24	00:53:21.509	0.97578	0.97578			6
2024.04.24	00:53:22.488	0.97579	0.97579			6
2024.04.24	00:53:32.167	0.97581	0.97581			6
2024.04.24	00:53:32.228	0.97580	0.97580			6
2024.04.24	00:53:32.338	0.97581	0.97581			6
2024.04.24	00:53:32.368	0.97580	0.97580			6
2024.04.24	00:53:32.488	0.97581	0.97581			6
2024.04.24	00:53:32.517	0.97579	0.97579			6
2024.04.24	00:53:32.579	0.97580	0.97580			6
2024.04.24	00:53:32.640	0.97579	0.97579			6
2024.04.24	00:53:32.710	0.97580	0.97580			6
2024.04.24	00:53:40.471	0.97579	0.97579			6
2024.04.24	00:53:40.502	0.97580	0.97580			6
2024.04.24	00:53:40.530	0.97581	0.97581			6
2024.04.24	00:53:40.560	0.97580	0.97580			6
2024.04.24	00:53:40.767	0.97579	0.97579			6
2024.04.24	00:53:41.693	0.97580	0.97580			6
2024.04.24	00:53:42.878	0.97579	0.97579			6
2024.04.24	00:53:43.214	0.97577	0.97577			6
2024.04.24	00:53:43.335	0.97576	0.97576			6
2024.04.24	00:53:43.427	0.97575	0.97575			6
2024.04.24	00:53:43.577	0.97576	0.97576			6
2024.04.24	00:53:43.607	0.97577	0.97577			6
2024.04.24	00:53:43.637	0.97578	0.97578			6
2024.04.24	00:53:43.782	0.97577	0.97577			6
2024.04.24	00:53:43.917	0.97576	0.97576			6
2024.04.24	00:53:43.946	0.97578	0.97578			6
2024.04.24	00:53:43.976	0.97579	0.97579			6
2024.04.24	00:53:46.730	0.97578	0.97578			6
2024.04.24	00:53:46.769	0.97577	0.97577			6
2024.04.24	00:53:46.831	0.97576	0.97576			6
2024.04.24	00:53:46.959	0.97575	0.97575			6
2024.04.24	00:53:47.079	0.97574	0.97574			6
2024.04.24	00:53:47.423	0.97575	0.97575			6
2024.04.24	00:53:47.939	0.97573	0.97573			6
2024.04.24	00:53:47.969	0.97574	0.97574			6
2024.04.24	00:53:50.496	0.97575	0.97575			6
2024.04.24	00:53:50.747	0.97576	0.97576			6
2024.04.24	00:53:51.427	0.97575	0.97575			6
2024.04.24	00:53:51.457	0.97574	0.97574			6
2024.04.24	00:53:52.148	0.97573	0.97573			6
2024.04.24	00:53:52.178	0.97574	0.97574			6
2024.04.24	00:54:01.276	0.97572	0.97572			6
2024.04.24	00:54:01.336	0.97574	0.97574			6
2024.04.24	00:54:01.366	0.97576	0.97576			6
2024.04.24	00:54:02.599	0.97574	0.97574			6
2024.04.24	00:54:02.630	0.97575	0.97575			6
2024.04.24	00:54:02.732	0.97576	0.97576			6
2024.04.24	00:54:02.761	0.97574	0.97574			6
2024.04.24	00:54:02.802	0.97573	0.97573			6
2024.04.24	00:54:02.832	0.97574	0.97574			6
2024.04.24	00:54:02.892	0.97573	0.97573			6
2024.04.24	00:54:02.923	0.97571	0.97571			6
2024.04.24	00:54:02.952	0.97572	0.97572			6
2024.04.24	00:54:03.129	0.97573	0.97573			6
2024.04.24	00:54:03.158	0.97572	0.97572			6
2024.04.24	00:54:04.046	0.97577	0.97577			6
2024.04.24	00:54:04.076	0.97572	0.97572			6
2024.04.24	00:54:04.105	0.97574	0.97574			6
2024.04.24	00:54:05.349	0.97573	0.97573			6
2024.04.24	00:54:05.477	0.97574	0.97574			6
2024.04.24	00:54:07.158	0.97573	0.97573			6
2024.04.24	00:54:07.217	0.97574	0.97574			6
2024.04.24	00:54:07.247	0.97575	0.97575			6
2024.04.24	00:54:07.676	0.97574	0.97574			6
2024.04.24	00:54:08.046	0.97573	0.97573			6
2024.04.24	00:54:08.422	0.97574	0.97574			6
2024.04.24	00:54:08.605	0.97575	0.97575			6
2024.04.24	00:54:08.636	0.97574	0.97574			6
2024.04.24	00:54:08.666	0.97575	0.97575			6
2024.04.24	00:54:08.726	0.97574	0.97574			6
2024.04.24	00:54:08.755	0.97573	0.97573			6
2024.04.24	00:54:08.785	0.97574	0.97574			6
2024.04.24	00:54:09.292	0.97575	0.97575			6
2024.04.24	00:54:09.322	0.97574	0.97574			6
2024.04.24	00:54:09.352	0.97575	0.97575			6
2024.04.24	00:54:09.382	0.97574	0.97574			6
2024.04.24	00:54:09.443	0.97575	0.97575			6
2024.04.24	00:54:09.503	0.97574	0.97574			6
2024.04.24	00:54:09.532	0.97575	0.97575			6
2024.04.24	00:54:09.562	0.97574	0.97574			6
2024.04.24	00:54:09.623	0.97573	0.97573			6
2024.04.24	00:54:09.683	0.97572	0.97572			6
2024.04.24	00:54:09.977	0.97573	0.97573			6
2024.04.24	00:54:12.771	0.97572	0.97572			6
2024.04.24	00:54:12.802	0.97571	0.97571			6
2024.04.24	00:54:12.831	0.97575	0.97575			6
2024.04.24	00:54:12.862	0.97574	0.97574			6
2024.04.24	00:54:13.139	0.97575	0.97575			6
2024.04.24	00:54:13.760	0.97573	0.97573			6
2024.04.24	00:54:13.820	0.97574	0.97574			6
2024.04.24	00:54:13.850	0.97575	0.97575			6
2024.04.24	00:54:13.911	0.97574	0.97574			6
2024.04.24	00:54:13.979	0.97573	0.97573			6
2024.04.24	00:54:14.010	0.97572	0.97572			6
2024.04.24	00:54:14.040	0.97573	0.97573			6
2024.04.24	00:54:19.071	0.97571	0.97571			6
2024.04.24	00:54:19.101	0.97570	0.97570			6
2024.04.24	00:54:19.132	0.97573	0.97573			6
2024.04.24	00:54:19.162	0.97572	0.97572			6
2024.04.24	00:54:22.079	0.97580	0.97580			6
2024.04.24	00:54:22.108	0.97581	0.97581			6
2024.04.24	00:54:22.137	0.97582	0.97582			6
2024.04.24	00:54:22.168	0.97585	0.97585			6
2024.04.24	00:54:22.198	0.97586	0.97586			6
2024.04.24	00:54:22.267	0.97584	0.97584			6
2024.04.24	00:54:24.833	0.97583	0.97583			6
2024.04.24	00:54:30.895	0.97582	0.97582			6
2024.04.24	00:54:31.544	0.97583	0.97583			6
2024.04.24	00:54:33.551	0.97582	0.97582			6
2024.04.24	00:54:33.628	0.97583	0.97583			6
2024.04.24	00:54:33.854	0.97582	0.97582			6
2024.04.24	00:54:33.923	0.97583	0.97583			6
2024.04.24	00:54:34.697	0.97582	0.97582			6
2024.04.24	00:54:35.000	0.97584	0.97584			6
2024.04.24	00:54:35.361	0.97582	0.97582			6
2024.04.24	00:54:36.797	0.97583	0.97583			6
2024.04.24	00:54:36.827	0.97582	0.97582			6
2024.04.24	00:54:40.494	0.97583	0.97583			6
2024.04.24	00:54:40.593	0.97582	0.97582			6
2024.04.24	00:54:40.773	0.97583	0.97583			6
2024.04.24	00:54:41.432	0.97582	0.97582			6
2024.04.24	00:54:41.639	0.97583	0.97583			6
2024.04.24	00:54:41.760	0.97582	0.97582			6
2024.04.24	00:54:41.820	0.97583	0.97583			6
2024.04.24	00:54:41.850	0.97582	0.97582			6
2024.04.24	00:54:42.121	0.97583	0.97583			6
2024.04.24	00:54:45.846	0.97589	0.97589			6
2024.04.24	00:54:45.879	0.97583	0.97583			6
2024.04.24	00:54:46.421	0.97589	0.97589			6
2024.04.24	00:54:46.571	0.97590	0.97590			6
2024.04.24	00:54:47.181	0.97589	0.97589			6
2024.04.24	00:54:47.227	0.97590	0.97590			6
2024.04.24	00:54:47.287	0.97589	0.97589			6
2024.04.24	00:54:49.834	0.97590	0.97590			6
2024.04.24	00:54:49.864	0.97589	0.97589			6
2024.04.24	00:54:51.058	0.97590	0.97590			6
2024.04.24	00:54:51.775	0.97589	0.97589			6
2024.04.24	00:54:52.042	0.97590	0.97590			6
2024.04.24	00:54:52.223	0.97589	0.97589			6
2024.04.24	00:54:52.361	0.97588	0.97588			6
2024.04.24	00:54:52.391	0.97590	0.97590			6
2024.04.24	00:54:52.456	0.97583	0.97583			6
2024.04.24	00:54:52.765	0.97584	0.97584			6
2024.04.24	00:54:53.151	0.97583	0.97583			6
2024.04.24	00:54:53.541	0.97582	0.97582			6
2024.04.24	00:54:53.601	0.97583	0.97583			6
2024.04.24	00:54:53.641	0.97582	0.97582			6
2024.04.24	00:54:54.027	0.97583	0.97583			6
2024.04.24	00:54:54.133	0.97582	0.97582			6
2024.04.24	00:54:54.367	0.97583	0.97583			6
2024.04.24	00:54:55.600	0.97582	0.97582			6
2024.04.24	00:54:55.823	0.97583	0.97583			6
2024.04.24	00:54:55.945	0.97582	0.97582			6
2024.04.24	00:54:55.975	0.97589	0.97589			6
2024.04.24	00:54:58.499	0.97590	0.97590			6
2024.04.24	00:54:58.529	0.97589	0.97589			6
2024.04.24	00:54:58.830	0.97588	0.97588			6
2024.04.24	00:54:58.859	0.97589	0.97589			6
2024.04.24	00:54:58.891	0.97588	0.97588			6
2024.04.24	00:54:59.092	0.97589	0.97589			6
2024.04.24	00:55:00.383	0.97590	0.97590			6
2024.04.24	00:55:00.548	0.97589	0.97589			6
2024.04.24	00:55:00.623	0.97590	0.97590			6
2024.04.24	00:55:00.714	0.97589	0.97589			6
2024.04.24	00:55:00.848	0.97590	0.97590			6
2024.04.24	00:55:00.969	0.97589	0.97589			6
2024.04.24	00:55:01.029	0.97590	0.97590			6
2024.04.24	00:55:01.129	0.97589	0.97589			6
2024.04.24	00:55:01.216	0.97590	0.97590			6
2024.04.24	00:55:01.890	0.97589	0.97589			6
2024.04.24	00:55:01.993	0.97590	0.97590			6
2024.04.24	00:55:02.054	0.97589	0.97589			6
2024.04.24	00:55:07.343	0.97590	0.97590			6
2024.04.24	00:55:07.372	0.97589	0.97589			6
2024.04.24	00:55:07.552	0.97590	0.97590			6
2024.04.24	00:55:07.612	0.97589	0.97589			6
2024.04.24	00:55:07.889	0.97590	0.97590			6
2024.04.24	00:55:07.919	0.97589	0.97589			6
2024.04.24	00:55:07.979	0.97590	0.97590			6
2024.04.24	00:55:09.601	0.97589	0.97589			6
2024.04.24	00:55:10.213	0.97591	0.97591			6
2024.04.24	00:55:10.243	0.97587	0.97587			6
2024.04.24	00:55:10.486	0.97582	0.97582			6
2024.04.24	00:55:11.242	0.97587	0.97587			6
2024.04.24	00:55:11.368	0.97582	0.97582			6
2024.04.24	00:55:12.225	0.97583	0.97583			6
2024.04.24	00:55:12.404	0.97582	0.97582			6
2024.04.24	00:55:12.849	0.97583	0.97583			6
2024.04.24	00:55:12.880	0.97582	0.97582			6
2024.04.24	00:55:12.910	0.97583	0.97583			6
2024.04.24	00:55:12.941	0.97582	0.97582			6
2024.04.24	00:55:13.002	0.97583	0.97583			6
2024.04.24	00:55:13.061	0.97582	0.97582			6
2024.04.24	00:55:13.091	0.97583	0.97583			6
2024.04.24	00:55:13.331	0.97582	0.97582			6
2024.04.24	00:55:13.391	0.97583	0.97583			6
2024.04.24	00:55:13.544	0.97582	0.97582			6
2024.04.24	00:55:14.589	0.97583	0.97583			6
2024.04.24	00:55:15.472	0.97582	0.97582			6
2024.04.24	00:55:15.714	0.97583	0.97583			6
2024.04.24	00:55:16.040	0.97582	0.97582			6
2024.04.24	00:55:16.101	0.97583	0.97583			6
2024.04.24	00:55:18.073	0.97585	0.97585			6
2024.04.24	00:55:18.543	0.97583	0.97583			6
2024.04.24	00:55:20.005	0.97582	0.97582			6
2024.04.24	00:55:25.135	0.97581	0.97581			6
2024.04.24	00:55:25.257	0.97582	0.97582			6
2024.04.24	00:55:25.288	0.97581	0.97581			6
2024.04.24	00:55:25.591	0.97582	0.97582			6
2024.04.24	00:55:27.304	0.97577	0.97577			6
2024.04.24	00:55:27.333	0.97576	0.97576			6
2024.04.24	00:55:27.394	0.97577	0.97577			6
2024.04.24	00:55:27.423	0.97576	0.97576			6
2024.04.24	00:55:27.453	0.97577	0.97577			6
2024.04.24	00:55:27.605	0.97576	0.97576			6
2024.04.24	00:55:27.635	0.97571	0.97571			6
2024.04.24	00:55:27.816	0.97573	0.97573			6
2024.04.24	00:55:27.997	0.97571	0.97571			6
2024.04.24	00:55:28.028	0.97572	0.97572			6
2024.04.24	00:55:28.088	0.97573	0.97573			6
2024.04.24	00:55:28.153	0.97566	0.97566			6
2024.04.24	00:55:28.183	0.97570	0.97570			6
2024.04.24	00:55:28.442	0.97574	0.97574			6
2024.04.24	00:55:28.473	0.97570	0.97570			6
2024.04.24	00:55:28.503	0.97571	0.97571			6
2024.04.24	00:55:30.276	0.97570	0.97570			6
2024.04.24	00:55:30.746	0.97569	0.97569			6
2024.04.24	00:55:30.776	0.97570	0.97570			6
2024.04.24	00:55:31.043	0.97569	0.97569			6
2024.04.24	00:55:31.632	0.97570	0.97570			6
2024.04.24	00:55:32.566	0.97568	0.97568			6
2024.04.24	00:55:32.685	0.97572	0.97572			6
2024.04.24	00:55:32.745	0.97574	0.97574			6
2024.04.24	00:55:32.775	0.97572	0.97572			6
2024.04.24	00:55:32.805	0.97574	0.97574			6
2024.04.24	00:55:32.834	0.97572	0.97572			6
2024.04.24	00:55:32.866	0.97570	0.97570			6
2024.04.24	00:55:32.895	0.97571	0.97571			6
2024.04.24	00:55:32.985	0.97573	0.97573			6
2024.04.24	00:55:33.015	0.97571	0.97571			6
2024.04.24	00:55:33.117	0.97570	0.97570			6
2024.04.24	00:55:33.148	0.97572	0.97572			6
2024.04.24	00:55:33.282	0.97570	0.97570			6
2024.04.24	00:55:33.311	0.97572	0.97572			6
2024.04.24	00:55:33.341	0.97570	0.97570			6
2024.04.24	00:55:33.371	0.97568	0.97568			6
2024.04.24	00:55:33.401	0.97569	0.97569			6
2024.04.24	00:55:33.501	0.97571	0.97571			6
2024.04.24	00:55:33.561	0.97568	0.97568			6
2024.04.24	00:55:33.590	0.97569	0.97569			6
2024.04.24	00:55:33.621	0.97570	0.97570			6
2024.04.24	00:55:33.819	0.97572	0.97572			6
2024.04.24	00:55:33.878	0.97571	0.97571			6
2024.04.24	00:55:33.968	0.97573	0.97573			6
2024.04.24	00:55:34.351	0.97572	0.97572			6
2024.04.24	00:55:34.381	0.97573	0.97573			6
2024.04.24	00:55:34.411	0.97572	0.97572			6
2024.04.24	00:55:34.442	0.97573	0.97573			6
2024.04.24	00:55:34.545	0.97568	0.97568			6
2024.04.24	00:55:34.589	0.97570	0.97570			6
2024.04.24	00:55:34.833	0.97568	0.97568			6
2024.04.24	00:55:34.998	0.97567	0.97567			6
2024.04.24	00:55:35.028	0.97566	0.97566			6
2024.04.24	00:55:35.059	0.97567	0.97567			6
2024.04.24	00:55:35.088	0.97569	0.97569			6
2024.04.24	00:55:35.386	0.97570	0.97570			6
2024.04.24	00:55:35.475	0.97572	0.97572			6
2024.04.24	00:55:35.506	0.97573	0.97573			6
2024.04.24	00:55:35.536	0.97571	0.97571			6
2024.04.24	00:55:35.631	0.97570	0.97570			6
2024.04.24	00:55:35.844	0.97573	0.97573			6
2024.04.24	00:55:35.875	0.97571	0.97571			6
2024.04.24	00:55:35.935	0.97570	0.97570			6
2024.04.24	00:55:35.995	0.97569	0.97569			6
2024.04.24	00:55:36.066	0.97567	0.97567			6
2024.04.24	00:55:36.125	0.97565	0.97565			6
2024.04.24	00:55:36.155	0.97568	0.97568			6
2024.04.24	00:55:36.282	0.97570	0.97570			6
2024.04.24	00:55:36.312	0.97568	0.97568			6
2024.04.24	00:55:36.341	0.97572	0.97572			6
2024.04.24	00:55:36.402	0.97571	0.97571			6
2024.04.24	00:55:36.431	0.97569	0.97569			6
2024.04.24	00:55:36.491	0.97570	0.97570			6
2024.04.24	00:55:36.521	0.97569	0.97569			6
2024.04.24	00:55:36.713	0.97567	0.97567			6
2024.04.24	00:55:36.743	0.97568	0.97568			6
2024.04.24	00:55:36.773	0.97569	0.97569			6
2024.04.24	00:55:36.834	0.97572	0.97572			6
2024.04.24	00:55:36.864	0.97569	0.97569			6
2024.04.24	00:55:36.894	0.97570	0.97570			6
2024.04.24	00:55:36.924	0.97568	0.97568			6
2024.04.24	00:55:36.954	0.97569	0.97569			6
2024.04.24	00:55:36.984	0.97568	0.97568			6
2024.04.24	00:55:37.075	0.97569	0.97569			6
2024.04.24	00:55:37.105	0.97567	0.97567			6
2024.04.24	00:55:37.134	0.97569	0.97569			6
2024.04.24	00:55:37.193	0.97566	0.97566			6
2024.04.24	00:55:37.224	0.97568	0.97568			6
2024.04.24	00:55:37.254	0.97567	0.97567			6
2024.04.24	00:55:37.346	0.97564	0.97564			6
2024.04.24	00:55:37.377	0.97567	0.97567			6
2024.04.24	00:55:37.466	0.97566	0.97566			6
2024.04.24	00:55:37.677	0.97568	0.97568			6
2024.04.24	00:55:37.707	0.97567	0.97567			6
2024.04.24	00:55:37.736	0.97568	0.97568			6
2024.04.24	00:55:37.767	0.97571	0.97571			6
2024.04.24	00:55:37.797	0.97572	0.97572			6
2024.04.24	00:55:37.860	0.97569	0.97569			6
2024.04.24	00:55:38.011	0.97568	0.97568			6
2024.04.24	00:55:38.040	0.97566	0.97566			6
2024.04.24	00:55:38.070	0.97565	0.97565			6
2024.04.24	00:55:38.100	0.97567	0.97567			6
2024.04.24	00:55:38.162	0.97566	0.97566			6
2024.04.24	00:55:38.192	0.97572	0.97572			6
2024.04.24	00:55:38.223	0.97575	0.97575			6
2024.04.24	00:55:38.335	0.97573	0.97573			6
2024.04.24	00:55:38.364	0.97574	0.97574			6
2024.04.24	00:55:38.394	0.97572	0.97572			6
2024.04.24	00:55:38.453	0.97570	0.97570			6
2024.04.24	00:55:38.544	0.97569	0.97569			6
2024.04.24	00:55:38.604	0.97570	0.97570			6
2024.04.24	00:55:38.635	0.97569	0.97569			6
2024.04.24	00:55:38.664	0.97570	0.97570			6
2024.04.24	00:55:38.724	0.97569	0.97569			6
2024.04.24	00:55:38.784	0.97570	0.97570			6
2024.04.24	00:55:38.814	0.97571	0.97571			6
2024.04.24	00:55:38.843	0.97570	0.97570			6
2024.04.24	00:55:38.874	0.97572	0.97572			6
2024.04.24	00:55:38.905	0.97570	0.97570			6
2024.04.24	00:55:38.994	0.97571	0.97571			6
2024.04.24	00:55:39.084	0.97572	0.97572			6
2024.04.24	00:55:39.286	0.97568	0.97568			6
2024.04.24	00:55:39.459	0.97570	0.97570			6
2024.04.24	00:55:39.488	0.97573	0.97573			6
2024.04.24	00:55:39.518	0.97572	0.97572			6
2024.04.24	00:55:41.048	0.97566	0.97566			6
2024.04.24	00:55:41.077	0.97565	0.97565			6
2024.04.24	00:55:41.107	0.97569	0.97569			6
2024.04.24	00:55:41.139	0.97566	0.97566			6
2024.04.24	00:55:41.168	0.97567	0.97567			6
2024.04.24	00:55:41.547	0.97565	0.97565			6
2024.04.24	00:55:41.625	0.97567	0.97567			6
2024.04.24	00:55:42.382	0.97568	0.97568			6
2024.04.24	00:55:42.464	0.97567	0.97567			6
2024.04.24	00:55:42.523	0.97565	0.97565			6
2024.04.24	00:55:42.554	0.97566	0.97566			6
2024.04.24	00:55:42.838	0.97565	0.97565			6
2024.04.24	00:55:45.169	0.97566	0.97566			6
2024.04.24	00:55:45.230	0.97565	0.97565			6
2024.04.24	00:55:46.671	0.97566	0.97566			6
2024.04.24	00:55:46.972	0.97567	0.97567			6
2024.04.24	00:55:47.002	0.97571	0.97571			6
2024.04.24	00:55:47.061	0.97570	0.97570			6
2024.04.24	00:55:47.517	0.97572	0.97572			6
2024.04.24	00:55:47.583	0.97571	0.97571			6
2024.04.24	00:55:47.830	0.97573	0.97573			6
2024.04.24	00:55:47.959	0.97575	0.97575			6
2024.04.24	00:55:47.989	0.97574	0.97574			6
2024.04.24	00:55:48.019	0.97575	0.97575			6
2024.04.24	00:55:48.169	0.97576	0.97576			6
2024.04.24	00:55:48.199	0.97577	0.97577			6
2024.04.24	00:55:48.259	0.97576	0.97576			6
2024.04.24	00:55:48.320	0.97577	0.97577			6
2024.04.24	00:55:48.350	0.97576	0.97576			6
2024.04.24	00:55:48.380	0.97577	0.97577			6
2024.04.24	00:55:48.507	0.97573	0.97573			6
2024.04.24	00:55:48.537	0.97572	0.97572			6
2024.04.24	00:55:48.668	0.97575	0.97575			6
2024.04.24	00:55:48.713	0.97574	0.97574			6
2024.04.24	00:55:48.743	0.97573	0.97573			6
2024.04.24	00:55:48.774	0.97572	0.97572			6
2024.04.24	00:55:48.803	0.97571	0.97571			6
2024.04.24	00:55:49.073	0.97573	0.97573			6
2024.04.24	00:55:49.253	0.97572	0.97572			6
2024.04.24	00:55:50.122	0.97573	0.97573			6
2024.04.24	00:55:50.213	0.97574	0.97574			6
2024.04.24	00:55:51.200	0.97575	0.97575			6
2024.04.24	00:55:51.713	0.97576	0.97576			6
2024.04.24	00:55:51.804	0.97575	0.97575			6
2024.04.24	00:55:52.059	0.97576	0.97576			6
2024.04.24	00:55:52.090	0.97575	0.97575			6
2024.04.24	00:55:52.120	0.97576	0.97576			6
2024.04.24	00:55:52.210	0.97575	0.97575			6
2024.04.24	00:55:52.351	0.97576	0.97576			6
2024.04.24	00:55:52.380	0.97577	0.97577			6
2024.04.24	00:55:52.411	0.97576	0.97576			6
2024.04.24	00:55:52.472	0.97580	0.97580			6
2024.04.24	00:55:52.541	0.97583	0.97583			6
2024.04.24	00:55:52.850	0.97582	0.97582			6
2024.04.24	00:55:53.132	0.97581	0.97581			6
2024.04.24	00:55:53.258	0.97580	0.97580			6
2024.04.24	00:55:53.348	0.97581	0.97581			6
2024.04.24	00:55:53.408	0.97582	0.97582			6
2024.04.24	00:55:53.438	0.97581	0.97581			6
2024.04.24	00:55:53.498	0.97580	0.97580			6
2024.04.24	00:55:53.619	0.97581	0.97581			6
2024.04.24	00:55:53.648	0.97580	0.97580			6
2024.04.24	00:55:53.708	0.97581	0.97581			6
2024.04.24	00:55:53.738	0.97582	0.97582			6
2024.04.24	00:55:53.888	0.97581	0.97581			6
2024.04.24	00:55:54.006	0.97582	0.97582			6
2024.04.24	00:55:54.373	0.97581	0.97581			6
2024.04.24	00:55:54.594	0.97582	0.97582			6
2024.04.24	00:55:54.721	0.97583	0.97583			6
2024.04.24	00:55:54.807	0.97582	0.97582			6
2024.04.24	00:55:54.926	0.97583	0.97583			6
2024.04.24	00:55:54.956	0.97582	0.97582			6
2024.04.24	00:55:55.016	0.97581	0.97581			6
2024.04.24	00:55:55.136	0.97582	0.97582			6
2024.04.24	00:55:55.166	0.97583	0.97583			6
2024.04.24	00:55:55.196	0.97582	0.97582			6
2024.04.24	00:55:55.227	0.97581	0.97581			6
2024.04.24	00:55:55.256	0.97582	0.97582			6
2024.04.24	00:55:55.774	0.97584	0.97584			6
2024.04.24	00:55:55.874	0.97583	0.97583			6
2024.04.24	00:55:55.940	0.97582	0.97582			6
2024.04.24	00:55:56.064	0.97583	0.97583			6
2024.04.24	00:55:56.094	0.97584	0.97584			6
2024.04.24	00:55:56.140	0.97582	0.97582			6
2024.04.24	00:55:56.327	0.97583	0.97583			6
2024.04.24	00:55:56.358	0.97582	0.97582			6
2024.04.24	00:55:56.387	0.97584	0.97584			6
2024.04.24	00:55:56.416	0.97583	0.97583			6
2024.04.24	00:55:56.545	0.97582	0.97582			6
2024.04.24	00:55:56.650	0.97583	0.97583			6
2024.04.24	00:55:56.681	0.97581	0.97581			6
2024.04.24	00:55:56.740	0.97583	0.97583			6
2024.04.24	00:55:56.770	0.97584	0.97584			6
2024.04.24	00:55:56.800	0.97582	0.97582			6
2024.04.24	00:55:56.861	0.97583	0.97583			6
2024.04.24	00:55:56.891	0.97582	0.97582			6
2024.04.24	00:55:56.921	0.97581	0.97581			6
2024.04.24	00:55:57.164	0.97582	0.97582			6
2024.04.24	00:55:57.375	0.97581	0.97581			6
2024.04.24	00:55:57.405	0.97582	0.97582			6
2024.04.24	00:55:57.978	0.97581	0.97581			6
2024.04.24	00:55:58.055	0.97580	0.97580			6
2024.04.24	00:55:58.196	0.97581	0.97581			6
2024.04.24	00:56:02.806	0.97582	0.97582			6
2024.04.24	00:56:02.896	0.97580	0.97580			6
2024.04.24	00:56:03.121	0.97579	0.97579			6
2024.04.24	00:56:03.240	0.97580	0.97580			6
2024.04.24	00:56:04.745	0.97581	0.97581			6
2024.04.24	00:56:04.775	0.97580	0.97580			6
2024.04.24	00:56:08.680	0.97576	0.97576			6
2024.04.24	00:56:08.941	0.97571	0.97571			6
2024.04.24	00:56:09.002	0.97570	0.97570			6
2024.04.24	00:56:09.707	0.97571	0.97571			6
2024.04.24	00:56:09.787	0.97573	0.97573			6
2024.04.24	00:56:09.846	0.97570	0.97570			6
2024.04.24	00:56:09.876	0.97572	0.97572			6
2024.04.24	00:56:09.967	0.97571	0.97571			6
2024.04.24	00:56:10.056	0.97572	0.97572			6
2024.04.24	00:56:10.147	0.97573	0.97573			6
2024.04.24	00:56:11.045	0.97574	0.97574			6
2024.04.24	00:56:11.116	0.97573	0.97573			6
2024.04.24	00:56:11.146	0.97572	0.97572			6
2024.04.24	00:56:11.206	0.97569	0.97569			6
2024.04.24	00:56:11.241	0.97567	0.97567			6
2024.04.24	00:56:11.272	0.97570	0.97570			6
2024.04.24	00:56:11.303	0.97568	0.97568			6
2024.04.24	00:56:11.333	0.97567	0.97567			6
2024.04.24	00:56:11.363	0.97566	0.97566			6
2024.04.24	00:56:11.464	0.97565	0.97565			6
2024.04.24	00:56:11.553	0.97564	0.97564			6
2024.04.24	00:56:11.704	0.97565	0.97565			6
2024.04.24	00:56:11.734	0.97567	0.97567			6
2024.04.24	00:56:11.764	0.97568	0.97568			6
2024.04.24	00:56:11.794	0.97571	0.97571			6
2024.04.24	00:56:11.854	0.97572	0.97572			6
2024.04.24	00:56:12.046	0.97570	0.97570			6
2024.04.24	00:56:12.107	0.97571	0.97571			6
2024.04.24	00:56:12.136	0.97574	0.97574			6
2024.04.24	00:56:12.196	0.97573	0.97573			6
2024.04.24	00:56:12.227	0.97572	0.97572			6
2024.04.24	00:56:12.448	0.97574	0.97574			6
2024.04.24	00:56:12.478	0.97575	0.97575			6
2024.04.24	00:56:12.541	0.97573	0.97573			6
2024.04.24	00:56:12.735	0.97575	0.97575			6
2024.04.24	00:56:12.831	0.97574	0.97574			6
2024.04.24	00:56:12.860	0.97571	0.97571			6
2024.04.24	00:56:12.891	0.97570	0.97570			6
2024.04.24	00:56:13.272	0.97572	0.97572			6
2024.04.24	00:56:13.323	0.97571	0.97571			6
2024.04.24	00:56:13.352	0.97569	0.97569			6
2024.04.24	00:56:13.473	0.97570	0.97570			6
2024.04.24	00:56:13.503	0.97571	0.97571			6
2024.04.24	00:56:13.533	0.97568	0.97568			6
2024.04.24	00:56:13.660	0.97569	0.97569			6
2024.04.24	00:56:13.720	0.97568	0.97568			6
2024.04.24	00:56:14.037	0.97567	0.97567			6
2024.04.24	00:56:14.065	0.97566	0.97566			6
2024.04.24	00:56:14.121	0.97565	0.97565			6
2024.04.24	00:56:14.181	0.97566	0.97566			6
2024.04.24	00:56:14.211	0.97565	0.97565			6
2024.04.24	00:56:14.271	0.97566	0.97566			6
2024.04.24	00:56:14.337	0.97564	0.97564			6
2024.04.24	00:56:14.367	0.97563	0.97563			6
2024.04.24	00:56:14.427	0.97565	0.97565			6
2024.04.24	00:56:14.663	0.97564	0.97564			6
2024.04.24	00:56:14.693	0.97563	0.97563			6
2024.04.24	00:56:14.984	0.97562	0.97562			6
2024.04.24	00:56:15.081	0.97563	0.97563			6
2024.04.24	00:56:15.193	0.97562	0.97562			6
2024.04.24	00:56:15.252	0.97563	0.97563			6
2024.04.24	00:56:15.348	0.97564	0.97564			6
2024.04.24	00:56:15.446	0.97565	0.97565			6
2024.04.24	00:56:15.476	0.97564	0.97564			6
2024.04.24	00:56:15.506	0.97565	0.97565			6
2024.04.24	00:56:15.536	0.97564	0.97564			6
2024.04.24	00:56:15.595	0.97562	0.97562			6
2024.04.24	00:56:15.722	0.97565	0.97565			6
2024.04.24	00:56:15.752	0.97564	0.97564			6
2024.04.24	00:56:15.842	0.97563	0.97563			6
2024.04.24	00:56:15.872	0.97564	0.97564			6
2024.04.24	00:56:16.141	0.97563	0.97563			6
2024.04.24	00:56:16.171	0.97562	0.97562			6
2024.04.24	00:56:16.441	0.97561	0.97561			6
2024.04.24	00:56:16.531	0.97562	0.97562			6
2024.04.24	00:56:16.651	0.97563	0.97563			6
2024.04.24	00:56:17.061	0.97565	0.97565			6
2024.04.24	00:56:17.091	0.97566	0.97566			6
2024.04.24	00:56:17.382	0.97563	0.97563			6
2024.04.24	00:56:17.426	0.97564	0.97564			6
2024.04.24	00:56:17.486	0.97565	0.97565			6
2024.04.24	00:56:17.516	0.97566	0.97566			6
2024.04.24	00:56:17.545	0.97564	0.97564			6
2024.04.24	00:56:17.575	0.97565	0.97565			6
2024.04.24	00:56:17.606	0.97566	0.97566			6
2024.04.24	00:56:17.925	0.97564	0.97564			6
2024.04.24	00:56:17.956	0.97566	0.97566			6
2024.04.24	00:56:17.988	0.97565	0.97565			6
2024.04.24	00:56:18.018	0.97564	0.97564			6
2024.04.24	00:56:18.047	0.97565	0.97565			6
2024.04.24	00:56:18.095	0.97564	0.97564			6
2024.04.24	00:56:18.125	0.97565	0.97565			6
2024.04.24	00:56:18.155	0.97564	0.97564			6
2024.04.24	00:56:18.185	0.97568	0.97568			6
2024.04.24	00:56:18.275	0.97575	0.97575			6
2024.04.24	00:56:18.677	0.97576	0.97576			6
2024.04.24	00:56:18.737	0.97575	0.97575			6
2024.04.24	00:56:18.798	0.97576	0.97576			6
2024.04.24	00:56:18.910	0.97577	0.97577			6
2024.04.24	00:56:19.172	0.97578	0.97578			6
2024.04.24	00:56:19.445	0.97577	0.97577			6
2024.04.24	00:56:21.963	0.97576	0.97576			6
2024.04.24	00:56:22.053	0.97575	0.97575			6
2024.04.24	00:56:22.083	0.97574	0.97574			6
2024.04.24	00:56:22.115	0.97575	0.97575			6
2024.04.24	00:56:22.175	0.97574	0.97574			6
2024.04.24	00:56:22.204	0.97575	0.97575			6
2024.04.24	00:56:22.234	0.97574	0.97574			6
2024.04.24	00:56:22.264	0.97577	0.97577			6
2024.04.24	00:56:22.294	0.97578	0.97578			6
2024.04.24	00:56:22.324	0.97579	0.97579			6
2024.04.24	00:56:22.353	0.97581	0.97581			6
2024.04.24	00:56:22.383	0.97579	0.97579			6
2024.04.24	00:56:22.443	0.97580	0.97580			6
2024.04.24	00:56:22.505	0.97583	0.97583			6
2024.04.24	00:56:22.534	0.97582	0.97582			6
2024.04.24	00:56:22.693	0.97581	0.97581			6
2024.04.24	00:56:22.828	0.97580	0.97580			6
2024.04.24	00:56:22.860	0.97581	0.97581			6
2024.04.24	00:56:22.889	0.97582	0.97582			6
2024.04.24	00:56:22.920	0.97581	0.97581			6
2024.04.24	00:56:23.229	0.97579	0.97579			6
2024.04.24	00:56:28.163	0.97580	0.97580			6
2024.04.24	00:56:28.324	0.97579	0.97579			6
2024.04.24	00:56:28.354	0.97580	0.97580			6
2024.04.24	00:56:28.443	0.97581	0.97581			6
2024.04.24	00:56:28.867	0.97580	0.97580			6
2024.04.24	00:56:28.897	0.97581	0.97581			6
2024.04.24	00:56:29.005	0.97580	0.97580			6
2024.04.24	00:56:29.035	0.97581	0.97581			6
2024.04.24	00:56:29.096	0.97582	0.97582			6
2024.04.24	00:56:29.125	0.97581	0.97581			6
2024.04.24	00:56:29.245	0.97582	0.97582			6
2024.04.24	00:56:29.527	0.97581	0.97581			6
2024.04.24	00:56:29.649	0.97582	0.97582			6
2024.04.24	00:56:29.914	0.97581	0.97581			6
2024.04.24	00:56:30.041	0.97582	0.97582			6
2024.04.24	00:56:30.070	0.97581	0.97581			6
2024.04.24	00:56:30.402	0.97582	0.97582			6
2024.04.24	00:56:30.431	0.97581	0.97581			6
2024.04.24	00:56:30.461	0.97582	0.97582			6
2024.04.24	00:56:30.552	0.97581	0.97581			6
2024.04.24	00:56:31.028	0.97582	0.97582			6
2024.04.24	00:56:31.151	0.97581	0.97581			6
2024.04.24	00:56:31.276	0.97582	0.97582			6
2024.04.24	00:56:31.307	0.97583	0.97583			6
2024.04.24	00:56:32.745	0.97582	0.97582			6
2024.04.24	00:56:32.775	0.97583	0.97583			6
2024.04.24	00:56:32.836	0.97582	0.97582			6
2024.04.24	00:56:33.563	0.97584	0.97584			6
2024.04.24	00:56:33.593	0.97585	0.97585			6
2024.04.24	00:56:34.289	0.97586	0.97586			6
2024.04.24	00:56:34.319	0.97578	0.97578			6
2024.04.24	00:56:34.379	0.97585	0.97585			6
2024.04.24	00:56:34.471	0.97584	0.97584			6
2024.04.24	00:56:34.506	0.97585	0.97585			6
2024.04.24	00:56:34.536	0.97584	0.97584			6
2024.04.24	00:56:35.894	0.97577	0.97577			6
2024.04.24	00:56:35.953	0.97576	0.97576			6
2024.04.24	00:56:35.984	0.97584	0.97584			6
2024.04.24	00:56:36.141	0.97585	0.97585			6
2024.04.24	00:56:36.172	0.97590	0.97590			6
2024.04.24	00:56:36.302	0.97589	0.97589			6
2024.04.24	00:56:36.332	0.97588	0.97588			6
2024.04.24	00:56:36.446	0.97589	0.97589			6
2024.04.24	00:56:36.788	0.97588	0.97588			6
2024.04.24	00:56:36.818	0.97587	0.97587			6
2024.04.24	00:56:37.169	0.97589	0.97589			6
2024.04.24	00:56:37.291	0.97588	0.97588			6
2024.04.24	00:56:37.321	0.97587	0.97587			6
2024.04.24	00:56:37.467	0.97588	0.97588			6
2024.04.24	00:56:37.498	0.97587	0.97587			6
2024.04.24	00:56:37.647	0.97588	0.97588			6
2024.04.24	00:56:37.945	0.97589	0.97589			6
2024.04.24	00:56:38.401	0.97590	0.97590			6
2024.04.24	00:56:38.431	0.97589	0.97589			6
2024.04.24	00:56:38.773	0.97590	0.97590			6
2024.04.24	00:56:38.836	0.97588	0.97588			6
2024.04.24	00:56:38.963	0.97585	0.97585			6
2024.04.24	00:56:38.993	0.97583	0.97583			6
2024.04.24	00:56:39.149	0.97584	0.97584			6
2024.04.24	00:56:39.171	0.97583	0.97583			6
2024.04.24	00:56:39.201	0.97584	0.97584			6
2024.04.24	00:56:39.475	0.97583	0.97583			6
2024.04.24	00:56:39.958	0.97584	0.97584			6
2024.04.24	00:56:40.464	0.97585	0.97585			6
2024.04.24	00:56:40.525	0.97584	0.97584			6
2024.04.24	00:56:40.843	0.97585	0.97585			6
2024.04.24	00:56:40.873	0.97583	0.97583			6
2024.04.24	00:56:40.963	0.97584	0.97584			6
2024.04.24	00:56:40.994	0.97583	0.97583			6
2024.04.24	00:56:41.022	0.97585	0.97585			6
2024.04.24	00:56:41.218	0.97583	0.97583			6
2024.04.24	00:56:41.616	0.97582	0.97582			6
2024.04.24	00:56:47.836	0.97583	0.97583			6
2024.04.24	00:56:48.339	0.97582	0.97582			6
2024.04.24	00:56:49.317	0.97583	0.97583			6
2024.04.24	00:56:49.437	0.97582	0.97582			6
2024.04.24	00:56:52.491	0.97583	0.97583			6
2024.04.24	00:56:52.521	0.97582	0.97582			6
2024.04.24	00:56:53.545	0.97585	0.97585			6
2024.04.24	00:56:53.576	0.97583	0.97583			6
2024.04.24	00:56:53.665	0.97582	0.97582			6
2024.04.24	00:56:53.696	0.97583	0.97583			6
2024.04.24	00:56:53.727	0.97582	0.97582			6
2024.04.24	00:56:53.757	0.97583	0.97583			6
2024.04.24	00:56:53.787	0.97582	0.97582			6
2024.04.24	00:56:57.935	0.97583	0.97583			6
2024.04.24	00:56:58.055	0.97582	0.97582			6
2024.04.24	00:56:58.115	0.97584	0.97584			6
2024.04.24	00:56:58.145	0.97582	0.97582			6
2024.04.24	00:56:59.540	0.97588	0.97588			6
2024.04.24	00:56:59.570	0.97590	0.97590			6
2024.04.24	00:56:59.599	0.97583	0.97583			6
2024.04.24	00:56:59.630	0.97584	0.97584			6
2024.04.24	00:56:59.659	0.97585	0.97585			6
2024.04.24	00:56:59.689	0.97582	0.97582			6
2024.04.24	00:56:59.961	0.97583	0.97583			6
2024.04.24	00:57:00.020	0.97586	0.97586			6
2024.04.24	00:57:00.081	0.97585	0.97585			6
2024.04.24	00:57:00.111	0.97587	0.97587			6
2024.04.24	00:57:00.141	0.97583	0.97583			6
2024.04.24	00:57:00.171	0.97584	0.97584			6
2024.04.24	00:57:00.201	0.97583	0.97583			6
2024.04.24	00:57:00.705	0.97585	0.97585			6
2024.04.24	00:57:00.740	0.97586	0.97586			6
2024.04.24	00:57:00.770	0.97583	0.97583			6
2024.04.24	00:57:01.150	0.97584	0.97584			6
2024.04.24	00:57:01.211	0.97583	0.97583			6
2024.04.24	00:57:01.272	0.97582	0.97582			6
2024.04.24	00:57:05.419	0.97583	0.97583			6
2024.04.24	00:57:05.479	0.97582	0.97582			6
2024.04.24	00:57:05.810	0.97583	0.97583			6
2024.04.24	00:57:05.929	0.97582	0.97582			6
2024.04.24	00:57:16.550	0.97597	0.97597			6
2024.04.24	00:57:16.851	0.97598	0.97598			6
2024.04.24	00:57:16.880	0.97595	0.97595			6
2024.04.24	00:57:18.688	0.97582	0.97582			6
2024.04.24	00:57:22.272	0.97583	0.97583			6
2024.04.24	00:57:27.611	0.97584	0.97584			6
2024.04.24	00:57:27.640	0.97582	0.97582			6
2024.04.24	00:57:33.089	0.97588	0.97588			6
2024.04.24	00:57:33.119	0.97589	0.97589			6
2024.04.24	00:57:33.149	0.97583	0.97583			6
2024.04.24	00:57:33.180	0.97584	0.97584			6
2024.04.24	00:57:33.209	0.97583	0.97583			6
2024.04.24	00:57:33.765	0.97586	0.97586			6
2024.04.24	00:57:33.828	0.97583	0.97583			6
2024.04.24	00:57:34.301	0.97586	0.97586			6
2024.04.24	00:57:34.338	0.97583	0.97583			6
2024.04.24	00:57:34.528	0.97584	0.97584			6
2024.04.24	00:57:34.558	0.97583	0.97583			6
2024.04.24	00:57:34.618	0.97585	0.97585			6
2024.04.24	00:57:34.680	0.97583	0.97583			6
2024.04.24	00:57:40.848	0.97582	0.97582			6
2024.04.24	00:57:40.967	0.97581	0.97581			6
2024.04.24	00:57:41.208	0.97574	0.97574			6
2024.04.24	00:57:41.289	0.97573	0.97573			6
2024.04.24	00:57:41.363	0.97574	0.97574			6
2024.04.24	00:57:41.650	0.97573	0.97573			6
2024.04.24	00:57:41.740	0.97572	0.97572			6
2024.04.24	00:57:41.860	0.97573	0.97573			6
2024.04.24	00:57:41.921	0.97572	0.97572			6
2024.04.24	00:57:42.010	0.97573	0.97573			6
2024.04.24	00:57:42.040	0.97571	0.97571			6
2024.04.24	00:57:42.099	0.97572	0.97572			6
2024.04.24	00:57:42.130	0.97578	0.97578			6
2024.04.24	00:57:42.251	0.97579	0.97579			6
2024.04.24	00:57:42.280	0.97580	0.97580			6
2024.04.24	00:57:42.340	0.97582	0.97582			6
2024.04.24	00:57:42.703	0.97580	0.97580			6
2024.04.24	00:57:42.937	0.97581	0.97581			6
2024.04.24	00:57:42.969	0.97580	0.97580			6
2024.04.24	00:57:44.241	0.97579	0.97579			6
2024.04.24	00:57:44.970	0.97577	0.97577			6
2024.04.24	00:57:45.215	0.97578	0.97578			6
2024.04.24	00:57:45.924	0.97577	0.97577			6
2024.04.24	00:57:45.954	0.97578	0.97578			6
2024.04.24	00:57:46.329	0.97570	0.97570			6
2024.04.24	00:57:46.462	0.97571	0.97571			6
2024.04.24	00:57:46.493	0.97573	0.97573			6
2024.04.24	00:57:46.622	0.97576	0.97576			6
2024.04.24	00:57:46.652	0.97577	0.97577			6
2024.04.24	00:57:46.913	0.97579	0.97579			6
2024.04.24	00:57:46.971	0.97578	0.97578			6
2024.04.24	00:57:47.128	0.97579	0.97579			6
2024.04.24	00:57:47.238	0.97580	0.97580			6
2024.04.24	00:57:47.466	0.97581	0.97581			6
2024.04.24	00:57:47.527	0.97580	0.97580			6
2024.04.24	00:57:47.556	0.97581	0.97581			6
2024.04.24	00:57:47.616	0.97580	0.97580			6
2024.04.24	00:57:47.705	0.97574	0.97574			6
2024.04.24	00:57:47.766	0.97572	0.97572			6
2024.04.24	00:57:47.795	0.97574	0.97574			6
2024.04.24	00:57:47.825	0.97572	0.97572			6
2024.04.24	00:57:47.856	0.97574	0.97574			6
2024.04.24	00:57:47.947	0.97576	0.97576			6
2024.04.24	00:57:47.976	0.97575	0.97575			6
2024.04.24	00:57:48.036	0.97574	0.97574			6
2024.04.24	00:57:48.099	0.97575	0.97575			6
2024.04.24	00:57:48.128	0.97576	0.97576			6
2024.04.24	00:57:48.158	0.97574	0.97574			6
2024.04.24	00:57:48.188	0.97573	0.97573			6
2024.04.24	00:57:48.279	0.97575	0.97575			6
2024.04.24	00:57:48.309	0.97574	0.97574			6
2024.04.24	00:57:48.341	0.97573	0.97573			6
2024.04.24	00:57:48.371	0.97572	0.97572			6
2024.04.24	00:57:48.401	0.97574	0.97574			6
2024.04.24	00:57:48.461	0.97573	0.97573			6
2024.04.24	00:57:48.520	0.97571	0.97571			6
2024.04.24	00:57:48.581	0.97574	0.97574			6
2024.04.24	00:57:48.612	0.97571	0.97571			6
2024.04.24	00:57:48.732	0.97572	0.97572			6
2024.04.24	00:57:48.761	0.97571	0.97571			6
2024.04.24	00:57:48.821	0.97576	0.97576			6
2024.04.24	00:57:48.850	0.97578	0.97578			6
2024.04.24	00:57:48.880	0.97572	0.97572			6
2024.04.24	00:57:49.000	0.97571	0.97571			6
2024.04.24	00:57:49.030	0.97570	0.97570			6
2024.04.24	00:57:49.059	0.97571	0.97571			6
2024.04.24	00:57:49.089	0.97573	0.97573			6
2024.04.24	00:57:49.154	0.97571	0.97571			6
2024.04.24	00:57:49.184	0.97573	0.97573			6
2024.04.24	00:57:49.214	0.97572	0.97572			6
2024.04.24	00:57:49.273	0.97574	0.97574			6
2024.04.24	00:57:49.303	0.97576	0.97576			6
2024.04.24	00:57:49.364	0.97575	0.97575			6
2024.04.24	00:57:49.430	0.97573	0.97573			6
2024.04.24	00:57:49.460	0.97574	0.97574			6
2024.04.24	00:57:49.520	0.97575	0.97575			6
2024.04.24	00:57:49.550	0.97573	0.97573			6
2024.04.24	00:57:49.609	0.97575	0.97575			6
2024.04.24	00:57:49.669	0.97577	0.97577			6
2024.04.24	00:57:49.880	0.97576	0.97576			6
2024.04.24	00:57:49.940	0.97577	0.97577			6
2024.04.24	00:57:49.970	0.97576	0.97576			6
2024.04.24	00:57:50.031	0.97575	0.97575			6
2024.04.24	00:57:50.061	0.97576	0.97576			6
2024.04.24	00:57:50.092	0.97577	0.97577			6
2024.04.24	00:57:50.123	0.97574	0.97574			6
2024.04.24	00:57:50.212	0.97572	0.97572			6
2024.04.24	00:57:50.241	0.97574	0.97574			6
2024.04.24	00:57:50.272	0.97573	0.97573			6
2024.04.24	00:57:50.302	0.97574	0.97574			6
2024.04.24	00:57:50.331	0.97576	0.97576			6
2024.04.24	00:57:50.362	0.97575	0.97575			6
2024.04.24	00:57:50.392	0.97577	0.97577			6
2024.04.24	00:57:50.422	0.97576	0.97576			6
2024.04.24	00:57:50.453	0.97574	0.97574			6
2024.04.24	00:57:50.483	0.97577	0.97577			6
2024.04.24	00:57:50.730	0.97578	0.97578			6
2024.04.24	00:57:50.759	0.97579	0.97579			6
2024.04.24	00:57:50.789	0.97576	0.97576			6
2024.04.24	00:57:50.819	0.97574	0.97574			6
2024.04.24	00:57:50.910	0.97573	0.97573			6
2024.04.24	00:57:51.353	0.97575	0.97575			6
2024.04.24	00:57:51.399	0.97574	0.97574			6
2024.04.24	00:57:51.520	0.97573	0.97573			6
2024.04.24	00:57:51.780	0.97572	0.97572			6
2024.04.24	00:57:52.065	0.97573	0.97573			6
2024.04.24	00:57:52.126	0.97572	0.97572			6
2024.04.24	00:57:52.156	0.97574	0.97574			6
2024.04.24	00:57:52.216	0.97573	0.97573			6
2024.04.24	00:57:52.246	0.97575	0.97575			6
2024.04.24	00:57:52.276	0.97574	0.97574			6
2024.04.24	00:57:53.472	0.97575	0.97575			6
2024.04.24	00:57:54.105	0.97576	0.97576			6
2024.04.24	00:57:54.140	0.97574	0.97574			6
2024.04.24	00:57:54.200	0.97575	0.97575			6
2024.04.24	00:57:54.274	0.97576	0.97576			6
2024.04.24	00:57:54.381	0.97574	0.97574			6
2024.04.24	00:57:54.411	0.97576	0.97576			6
2024.04.24	00:57:54.598	0.97574	0.97574			6
2024.04.24	00:57:54.681	0.97576	0.97576			6
2024.04.24	00:57:54.711	0.97579	0.97579			6
2024.04.24	00:57:54.801	0.97580	0.97580			6
2024.04.24	00:57:55.385	0.97579	0.97579			6
2024.04.24	00:57:55.581	0.97580	0.97580			6
2024.04.24	00:57:55.610	0.97581	0.97581			6
2024.04.24	00:57:55.640	0.97579	0.97579			6
2024.04.24	00:57:55.763	0.97580	0.97580			6
2024.04.24	00:57:55.792	0.97578	0.97578			6
2024.04.24	00:57:55.822	0.97577	0.97577			6
2024.04.24	00:57:55.852	0.97578	0.97578			6
2024.04.24	00:57:55.882	0.97579	0.97579			6
2024.04.24	00:57:55.912	0.97580	0.97580			6
2024.04.24	00:57:55.941	0.97579	0.97579			6
2024.04.24	00:57:55.972	0.97578	0.97578			6
2024.04.24	00:57:56.001	0.97579	0.97579			6
2024.04.24	00:57:56.031	0.97578	0.97578			6
2024.04.24	00:57:56.091	0.97577	0.97577			6
2024.04.24	00:57:56.123	0.97575	0.97575			6
2024.04.24	00:57:56.152	0.97577	0.97577			6
2024.04.24	00:57:56.182	0.97576	0.97576			6
2024.04.24	00:57:56.243	0.97578	0.97578			6
2024.04.24	00:57:56.273	0.97579	0.97579			6
2024.04.24	00:57:56.304	0.97578	0.97578			6
2024.04.24	00:57:56.407	0.97579	0.97579			6
2024.04.24	00:57:56.467	0.97578	0.97578			6
2024.04.24	00:57:56.618	0.97581	0.97581			6
2024.04.24	00:57:56.680	0.97579	0.97579			6
2024.04.24	00:57:56.769	0.97577	0.97577			6
2024.04.24	00:57:56.803	0.97579	0.97579			6
2024.04.24	00:57:56.834	0.97582	0.97582			6
2024.04.24	00:57:57.201	0.97581	0.97581			6
2024.04.24	00:57:57.298	0.97580	0.97580			6
2024.04.24	00:57:57.427	0.97581	0.97581			6
2024.04.24	00:57:57.778	0.97580	0.97580			6
2024.04.24	00:57:57.975	0.97579	0.97579			6
2024.04.24	00:57:58.035	0.97577	0.97577			6
2024.04.24	00:57:58.095	0.97578	0.97578			6
2024.04.24	00:57:58.162	0.97575	0.97575			6
2024.04.24	00:57:58.192	0.97573	0.97573			6
2024.04.24	00:57:58.281	0.97574	0.97574			6
2024.04.24	00:57:58.342	0.97575	0.97575			6
2024.04.24	00:57:58.404	0.97573	0.97573			6
2024.04.24	00:57:58.434	0.97574	0.97574			6
2024.04.24	00:57:58.464	0.97573	0.97573			6
2024.04.24	00:57:58.493	0.97575	0.97575			6
2024.04.24	00:57:58.523	0.97574	0.97574			6
2024.04.24	00:57:58.636	0.97573	0.97573			6
2024.04.24	00:57:58.665	0.97575	0.97575			6
2024.04.24	00:57:58.696	0.97573	0.97573			6
2024.04.24	00:57:58.756	0.97575	0.97575			6
2024.04.24	00:57:58.816	0.97576	0.97576			6
2024.04.24	00:57:58.847	0.97575	0.97575			6
2024.04.24	00:57:58.906	0.97570	0.97570			6
2024.04.24	00:57:58.937	0.97572	0.97572			6
2024.04.24	00:57:58.968	0.97573	0.97573			6
2024.04.24	00:57:59.059	0.97575	0.97575			6
2024.04.24	00:57:59.210	0.97576	0.97576			6
2024.04.24	00:57:59.241	0.97575	0.97575			6
2024.04.24	00:57:59.380	0.97576	0.97576			6
2024.04.24	00:57:59.409	0.97577	0.97577			6
2024.04.24	00:57:59.450	0.97575	0.97575			6
2024.04.24	00:57:59.480	0.97576	0.97576			6
2024.04.24	00:57:59.511	0.97575	0.97575			6
2024.04.24	00:58:00.029	0.97576	0.97576			6
2024.04.24	00:58:00.059	0.97577	0.97577			6
2024.04.24	00:58:00.119	0.97576	0.97576			6
2024.04.24	00:58:00.149	0.97575	0.97575			6
2024.04.24	00:58:00.179	0.97577	0.97577			6
2024.04.24	00:58:00.208	0.97575	0.97575			6
2024.04.24	00:58:00.493	0.97574	0.97574			6
2024.04.24	00:58:01.093	0.97575	0.97575			6
2024.04.24	00:58:01.123	0.97573	0.97573			6
2024.04.24	00:58:01.153	0.97575	0.97575			6
2024.04.24	00:58:01.183	0.97571	0.97571			6
2024.04.24	00:58:01.212	0.97577	0.97577			6
2024.04.24	00:58:01.242	0.97570	0.97570			6
2024.04.24	00:58:01.272	0.97571	0.97571			6
2024.04.24	00:58:01.303	0.97570	0.97570			6
2024.04.24	00:58:01.392	0.97572	0.97572			6
2024.04.24	00:58:01.422	0.97575	0.97575			6
2024.04.24	00:58:01.452	0.97570	0.97570			6
2024.04.24	00:58:01.512	0.97571	0.97571			6
2024.04.24	00:58:01.542	0.97570	0.97570			6
2024.04.24	00:58:02.034	0.97571	0.97571			6
2024.04.24	00:58:02.064	0.97569	0.97569			6
2024.04.24	00:58:02.094	0.97565	0.97565			6
2024.04.24	00:58:02.125	0.97564	0.97564			6
2024.04.24	00:58:02.155	0.97572	0.97572			6
2024.04.24	00:58:02.185	0.97574	0.97574			6
2024.04.24	00:58:02.249	0.97573	0.97573			6
2024.04.24	00:58:02.279	0.97571	0.97571			6
2024.04.24	00:58:02.309	0.97573	0.97573			6
2024.04.24	00:58:02.409	0.97570	0.97570			6
2024.04.24	00:58:02.439	0.97571	0.97571			6
2024.04.24	00:58:02.468	0.97573	0.97573			6
2024.04.24	00:58:02.499	0.97571	0.97571			6
2024.04.24	00:58:02.530	0.97579	0.97579			6
2024.04.24	00:58:02.560	0.97574	0.97574			6
2024.04.24	00:58:02.590	0.97579	0.97579			6
2024.04.24	00:58:02.619	0.97573	0.97573			6
2024.04.24	00:58:02.649	0.97572	0.97572			6
2024.04.24	00:58:02.714	0.97573	0.97573			6
2024.04.24	00:58:02.776	0.97567	0.97567			6
2024.04.24	00:58:02.806	0.97566	0.97566			6
2024.04.24	00:58:02.852	0.97564	0.97564			6
2024.04.24	00:58:02.882	0.97565	0.97565			6
2024.04.24	00:58:02.912	0.97564	0.97564			6
2024.04.24	00:58:02.942	0.97572	0.97572			6
2024.04.24	00:58:02.973	0.97573	0.97573			6
2024.04.24	00:58:03.063	0.97563	0.97563			6
2024.04.24	00:58:03.093	0.97566	0.97566			6
2024.04.24	00:58:03.123	0.97568	0.97568			6
2024.04.24	00:58:03.154	0.97576	0.97576			6
2024.04.24	00:58:03.183	0.97574	0.97574			6
2024.04.24	00:58:03.214	0.97573	0.97573			6
2024.04.24	00:58:03.752	0.97574	0.97574			6
2024.04.24	00:58:03.782	0.97578	0.97578			6
2024.04.24	00:58:03.842	0.97573	0.97573			6
2024.04.24	00:58:03.873	0.97574	0.97574			6
2024.04.24	00:58:03.903	0.97572	0.97572			6
2024.04.24	00:58:03.963	0.97579	0.97579			6
2024.04.24	00:58:03.993	0.97573	0.97573			6
2024.04.24	00:58:04.350	0.97574	0.97574			6
2024.04.24	00:58:04.381	0.97578	0.97578			6
2024.04.24	00:58:04.411	0.97575	0.97575			6
2024.04.24	00:58:04.441	0.97571	0.97571			6
2024.04.24	00:58:04.472	0.97572	0.97572			6
2024.04.24	00:58:04.532	0.97573	0.97573			6
2024.04.24	00:58:04.816	0.97574	0.97574			6
2024.04.24	00:58:04.912	0.97577	0.97577			6
2024.04.24	00:58:04.971	0.97568	0.97568			6
2024.04.24	00:58:05.002	0.97565	0.97565			6
2024.04.24	00:58:05.032	0.97564	0.97564			6
2024.04.24	00:58:05.062	0.97565	0.97565			6
2024.04.24	00:58:05.092	0.97571	0.97571			6
2024.04.24	00:58:05.124	0.97575	0.97575			6
2024.04.24	00:58:05.154	0.97577	0.97577			6
2024.04.24	00:58:05.183	0.97572	0.97572			6
2024.04.24	00:58:05.213	0.97575	0.97575			6
2024.04.24	00:58:05.243	0.97572	0.97572			6
2024.04.24	00:58:05.273	0.97571	0.97571			6
2024.04.24	00:58:05.303	0.97572	0.97572			6
2024.04.24	00:58:05.455	0.97575	0.97575			6
2024.04.24	00:58:05.485	0.97577	0.97577			6
2024.04.24	00:58:05.516	0.97573	0.97573			6
2024.04.24	00:58:05.546	0.97583	0.97583			6
2024.04.24	00:58:05.577	0.97573	0.97573			6
2024.04.24	00:58:05.637	0.97566	0.97566			6
2024.04.24	00:58:05.698	0.97563	0.97563			6
2024.04.24	00:58:05.728	0.97570	0.97570			6
2024.04.24	00:58:05.758	0.97576	0.97576			6
2024.04.24	00:58:05.788	0.97574	0.97574			6
2024.04.24	00:58:05.848	0.97573	0.97573			6
2024.04.24	00:58:05.897	0.97574	0.97574			6
2024.04.24	00:58:05.927	0.97573	0.97573			6
2024.04.24	00:58:05.958	0.97571	0.97571			6
2024.04.24	00:58:06.017	0.97573	0.97573			6
2024.04.24	00:58:06.047	0.97574	0.97574			6
2024.04.24	00:58:06.077	0.97573	0.97573			6
2024.04.24	00:58:06.107	0.97571	0.97571			6
2024.04.24	00:58:06.136	0.97574	0.97574			6
2024.04.24	00:58:06.167	0.97575	0.97575			6
2024.04.24	00:58:06.196	0.97573	0.97573			6
2024.04.24	00:58:06.226	0.97575	0.97575			6
2024.04.24	00:58:06.288	0.97571	0.97571			6
2024.04.24	00:58:06.318	0.97572	0.97572			6
2024.04.24	00:58:06.348	0.97579	0.97579			6
2024.04.24	00:58:06.408	0.97575	0.97575			6
2024.04.24	00:58:06.437	0.97568	0.97568			6
2024.04.24	00:58:06.468	0.97567	0.97567			6
2024.04.24	00:58:06.498	0.97568	0.97568			6
2024.04.24	00:58:06.528	0.97567	0.97567			6
2024.04.24	00:58:06.558	0.97566	0.97566			6
2024.04.24	00:58:06.588	0.97567	0.97567			6
2024.04.24	00:58:06.799	0.97566	0.97566			6
2024.04.24	00:58:06.858	0.97575	0.97575			6
2024.04.24	00:58:06.888	0.97572	0.97572			6
2024.04.24	00:58:06.919	0.97573	0.97573			6
2024.04.24	00:58:06.948	0.97574	0.97574			6
2024.04.24	00:58:07.152	0.97575	0.97575			6
2024.04.24	00:58:07.183	0.97573	0.97573			6
2024.04.24	00:58:07.243	0.97572	0.97572			6
2024.04.24	00:58:08.038	0.97573	0.97573			6
2024.04.24	00:58:08.097	0.97574	0.97574			6
2024.04.24	00:58:08.127	0.97573	0.97573			6
2024.04.24	00:58:08.188	0.97566	0.97566			6
2024.04.24	00:58:08.218	0.97564	0.97564			6
2024.04.24	00:58:08.248	0.97569	0.97569			6
2024.04.24	00:58:08.277	0.97573	0.97573			6
2024.04.24	00:58:08.398	0.97572	0.97572			6
2024.04.24	00:58:08.927	0.97573	0.97573			6
2024.04.24	00:58:09.047	0.97574	0.97574			6
2024.04.24	00:58:09.107	0.97572	0.97572			6
2024.04.24	00:58:09.166	0.97573	0.97573			6
2024.04.24	00:58:09.226	0.97575	0.97575			6
2024.04.24	00:58:09.258	0.97573	0.97573			6
2024.04.24	00:58:09.318	0.97574	0.97574			6
2024.04.24	00:58:09.348	0.97573	0.97573			6
2024.04.24	00:58:09.378	0.97572	0.97572			6
2024.04.24	00:58:09.408	0.97574	0.97574			6
2024.04.24	00:58:09.477	0.97573	0.97573			6
2024.04.24	00:58:09.507	0.97571	0.97571			6
2024.04.24	00:58:09.536	0.97573	0.97573			6
2024.04.24	00:58:09.611	0.97575	0.97575			6
2024.04.24	00:58:09.641	0.97573	0.97573			6
2024.04.24	00:58:10.999	0.97574	0.97574			6
2024.04.24	00:58:11.058	0.97572	0.97572			6
2024.04.24	00:58:11.089	0.97568	0.97568			6
2024.04.24	00:58:11.149	0.97566	0.97566			6
2024.04.24	00:58:11.220	0.97567	0.97567			6
2024.04.24	00:58:11.636	0.97566	0.97566			6
2024.04.24	00:58:11.665	0.97567	0.97567			6
2024.04.24	00:58:11.707	0.97566	0.97566			6
2024.04.24	00:58:12.042	0.97565	0.97565			6
2024.04.24	00:58:12.072	0.97564	0.97564			6
2024.04.24	00:58:12.132	0.97563	0.97563			6
2024.04.24	00:58:12.368	0.97564	0.97564			6
2024.04.24	00:58:14.970	0.97568	0.97568			6
2024.04.24	00:58:14.999	0.97567	0.97567			6
2024.04.24	00:58:15.142	0.97568	0.97568			6
2024.04.24	00:58:15.172	0.97570	0.97570			6
2024.04.24	00:58:15.203	0.97569	0.97569			6
2024.04.24	00:58:15.233	0.97564	0.97564			6
2024.04.24	00:58:15.293	0.97571	0.97571			6
2024.04.24	00:58:15.323	0.97573	0.97573			6
2024.04.24	00:58:15.384	0.97572	0.97572			6
2024.04.24	00:58:15.443	0.97570	0.97570			6
2024.04.24	00:58:15.473	0.97572	0.97572			6
2024.04.24	00:58:15.502	0.97575	0.97575			6
2024.04.24	00:58:15.562	0.97572	0.97572			6
2024.04.24	00:58:15.592	0.97569	0.97569			6
2024.04.24	00:58:15.654	0.97565	0.97565			6
2024.04.24	00:58:15.744	0.97564	0.97564			6
2024.04.24	00:58:15.834	0.97576	0.97576			6
2024.04.24	00:58:15.864	0.97573	0.97573			6
2024.04.24	00:58:15.925	0.97572	0.97572			6
2024.04.24	00:58:16.015	0.97571	0.97571			6
2024.04.24	00:58:16.046	0.97572	0.97572			6
2024.04.24	00:58:16.076	0.97574	0.97574			6
2024.04.24	00:58:16.135	0.97572	0.97572			6
2024.04.24	00:58:16.166	0.97569	0.97569			6
2024.04.24	00:58:16.195	0.97571	0.97571			6
2024.04.24	00:58:16.225	0.97570	0.97570			6
2024.04.24	00:58:16.285	0.97571	0.97571			6
2024.04.24	00:58:16.345	0.97570	0.97570			6
2024.04.24	00:58:16.494	0.97568	0.97568			6
2024.04.24	00:58:16.524	0.97566	0.97566			6
2024.04.24	00:58:16.583	0.97570	0.97570			6
2024.04.24	00:58:16.668	0.97569	0.97569			6
2024.04.24	00:58:16.698	0.97568	0.97568			6
2024.04.24	00:58:16.727	0.97566	0.97566			6
2024.04.24	00:58:16.827	0.97563	0.97563			6
2024.04.24	00:58:16.887	0.97567	0.97567			6
2024.04.24	00:58:16.947	0.97566	0.97566			6
2024.04.24	00:58:17.048	0.97561	0.97561			6
2024.04.24	00:58:17.077	0.97566	0.97566			6
2024.04.24	00:58:17.169	0.97560	0.97560			6
2024.04.24	00:58:17.198	0.97566	0.97566			6
2024.04.24	00:58:17.296	0.97565	0.97565			6
2024.04.24	00:58:17.325	0.97566	0.97566			6
2024.04.24	00:58:17.418	0.97565	0.97565			6
2024.04.24	00:58:17.449	0.97566	0.97566			6
2024.04.24	00:58:17.479	0.97562	0.97562			6
2024.04.24	00:58:17.509	0.97560	0.97560			6
2024.04.24	00:58:17.630	0.97561	0.97561			6
2024.04.24	00:58:17.660	0.97560	0.97560			6
2024.04.24	00:58:17.690	0.97561	0.97561			6
2024.04.24	00:58:17.750	0.97560	0.97560			6
2024.04.24	00:58:17.811	0.97561	0.97561			6
2024.04.24	00:58:17.841	0.97560	0.97560			6
2024.04.24	00:58:18.431	0.97562	0.97562			6
2024.04.24	00:58:18.461	0.97560	0.97560			6
2024.04.24	00:58:18.745	0.97563	0.97563			6
2024.04.24	00:58:18.775	0.97569	0.97569			6
2024.04.24	00:58:18.805	0.97567	0.97567			6
2024.04.24	00:58:18.949	0.97565	0.97565			6
2024.04.24	00:58:20.861	0.97562	0.97562			6
2024.04.24	00:58:20.892	0.97563	0.97563			6
2024.04.24	00:58:20.922	0.97567	0.97567			6
2024.04.24	00:58:20.953	0.97568	0.97568			6
2024.04.24	00:58:21.015	0.97563	0.97563			6
2024.04.24	00:58:21.045	0.97566	0.97566			6
2024.04.24	00:58:21.104	0.97567	0.97567			6
2024.04.24	00:58:21.135	0.97566	0.97566			6
2024.04.24	00:58:21.165	0.97568	0.97568			6
2024.04.24	00:58:21.196	0.97569	0.97569			6
2024.04.24	00:58:21.256	0.97563	0.97563			6
2024.04.24	00:58:21.335	0.97567	0.97567			6
2024.04.24	00:58:21.394	0.97566	0.97566			6
2024.04.24	00:58:21.424	0.97564	0.97564			6
2024.04.24	00:58:21.454	0.97567	0.97567			6
2024.04.24	00:58:21.484	0.97570	0.97570			6
2024.04.24	00:58:21.514	0.97567	0.97567			6
2024.04.24	00:58:21.544	0.97563	0.97563			6
2024.04.24	00:58:21.574	0.97560	0.97560			6
2024.04.24	00:58:21.604	0.97567	0.97567			6
2024.04.24	00:58:21.634	0.97568	0.97568			6
2024.04.24	00:58:21.664	0.97565	0.97565			6
2024.04.24	00:58:21.754	0.97567	0.97567			6
2024.04.24	00:58:21.784	0.97565	0.97565			6
2024.04.24	00:58:21.814	0.97563	0.97563			6
2024.04.24	00:58:21.844	0.97560	0.97560			6
2024.04.24	00:58:21.874	0.97561	0.97561			6
2024.04.24	00:58:21.904	0.97562	0.97562			6
2024.04.24	00:58:21.964	0.97561	0.97561			6
2024.04.24	00:58:21.994	0.97562	0.97562			6
2024.04.24	00:58:22.026	0.97560	0.97560			6
2024.04.24	00:58:22.056	0.97561	0.97561			6
2024.04.24	00:58:22.117	0.97560	0.97560			6
2024.04.24	00:58:23.904	0.97559	0.97559			6
2024.04.24	00:58:23.965	0.97557	0.97557			6
2024.04.24	00:58:24.114	0.97555	0.97555			6
2024.04.24	00:58:24.147	0.97559	0.97559			6
2024.04.24	00:58:24.174	0.97557	0.97557			6
2024.04.24	00:58:24.204	0.97559	0.97559			6
2024.04.24	00:58:24.234	0.97557	0.97557			6
2024.04.24	00:58:24.264	0.97554	0.97554			6
2024.04.24	00:58:24.293	0.97558	0.97558			6
2024.04.24	00:58:24.354	0.97561	0.97561			6
2024.04.24	00:58:24.384	0.97567	0.97567			6
2024.04.24	00:58:24.474	0.97566	0.97566			6
2024.04.24	00:58:24.504	0.97576	0.97576			6
2024.04.24	00:58:24.534	0.97570	0.97570			6
2024.04.24	00:58:24.645	0.97575	0.97575			6
2024.04.24	00:58:24.677	0.97570	0.97570			6
2024.04.24	00:58:24.708	0.97571	0.97571			6
2024.04.24	00:58:24.737	0.97573	0.97573			6
2024.04.24	00:58:24.852	0.97576	0.97576			6
2024.04.24	00:58:24.946	0.97574	0.97574			6
2024.04.24	00:58:25.006	0.97573	0.97573			6
2024.04.24	00:58:25.090	0.97576	0.97576			6
2024.04.24	00:58:25.151	0.97578	0.97578			6
2024.04.24	00:58:25.181	0.97583	0.97583			6
2024.04.24	00:58:25.240	0.97576	0.97576			6
2024.04.24	00:58:25.300	0.97575	0.97575			6
2024.04.24	00:58:25.390	0.97573	0.97573			6
2024.04.24	00:58:25.451	0.97571	0.97571			6
2024.04.24	00:58:26.121	0.97570	0.97570			6
2024.04.24	00:58:26.151	0.97572	0.97572			6
2024.04.24	00:58:26.182	0.97568	0.97568			6
2024.04.24	00:58:26.213	0.97567	0.97567			6
2024.04.24	00:58:26.241	0.97569	0.97569			6
2024.04.24	00:58:26.272	0.97565	0.97565			6
2024.04.24	00:58:26.302	0.97569	0.97569			6
2024.04.24	00:58:26.365	0.97565	0.97565			6
2024.04.24	00:58:26.395	0.97569	0.97569			6
2024.04.24	00:58:26.425	0.97566	0.97566			6
2024.04.24	00:58:26.611	0.97565	0.97565			6
2024.04.24	00:58:26.951	0.97566	0.97566			6
2024.04.24	00:58:26.985	0.97569	0.97569			6
2024.04.24	00:58:27.015	0.97576	0.97576			6
2024.04.24	00:58:27.045	0.97571	0.97571			6
2024.04.24	00:58:27.074	0.97573	0.97573			6
2024.04.24	00:58:27.104	0.97574	0.97574			6
2024.04.24	00:58:27.296	0.97571	0.97571			6
2024.04.24	00:58:27.356	0.97572	0.97572			6
2024.04.24	00:58:27.386	0.97573	0.97573			6
2024.04.24	00:58:27.487	0.97572	0.97572			6
2024.04.24	00:58:27.517	0.97573	0.97573			6
2024.04.24	00:58:27.672	0.97574	0.97574			6
2024.04.24	00:58:27.702	0.97579	0.97579			6
2024.04.24	00:58:27.732	0.97580	0.97580			6
2024.04.24	00:58:27.762	0.97576	0.97576			6
2024.04.24	00:58:27.822	0.97575	0.97575			6
2024.04.24	00:58:28.296	0.97572	0.97572			6
2024.04.24	00:58:28.506	0.97574	0.97574			6
2024.04.24	00:58:28.566	0.97570	0.97570			6
2024.04.24	00:58:28.597	0.97569	0.97569			6
2024.04.24	00:58:28.626	0.97573	0.97573			6
2024.04.24	00:58:28.656	0.97570	0.97570			6
2024.04.24	00:58:28.686	0.97572	0.97572			6
2024.04.24	00:58:28.717	0.97571	0.97571			6
2024.04.24	00:58:28.867	0.97568	0.97568			6
2024.04.24	00:58:28.897	0.97569	0.97569			6
2024.04.24	00:58:28.927	0.97571	0.97571			6
2024.04.24	00:58:28.957	0.97570	0.97570			6
2024.04.24	00:58:28.987	0.97566	0.97566			6
2024.04.24	00:58:29.016	0.97571	0.97571			6
2024.04.24	00:58:29.115	0.97569	0.97569			6
2024.04.24	00:58:29.144	0.97570	0.97570			6
2024.04.24	00:58:29.295	0.97567	0.97567			6
2024.04.24	00:58:29.325	0.97564	0.97564			6
2024.04.24	00:58:29.507	0.97567	0.97567			6
2024.04.24	00:58:29.537	0.97566	0.97566			6
2024.04.24	00:58:29.566	0.97567	0.97567			6
2024.04.24	00:58:29.596	0.97566	0.97566			6
2024.04.24	00:58:29.626	0.97569	0.97569			6
2024.04.24	00:58:29.695	0.97570	0.97570			6
2024.04.24	00:58:29.755	0.97566	0.97566			6
2024.04.24	00:58:29.785	0.97568	0.97568			6
2024.04.24	00:58:29.847	0.97574	0.97574			6
2024.04.24	00:58:29.906	0.97572	0.97572			6
2024.04.24	00:58:30.185	0.97571	0.97571			6
2024.04.24	00:58:30.246	0.97572	0.97572			6
2024.04.24	00:58:31.084	0.97570	0.97570			6
2024.04.24	00:58:31.114	0.97573	0.97573			6
2024.04.24	00:58:31.143	0.97572	0.97572			6
2024.04.24	00:58:31.173	0.97571	0.97571			6
2024.04.24	00:58:31.203	0.97569	0.97569			6
2024.04.24	00:58:31.232	0.97570	0.97570			6
2024.04.24	00:58:31.354	0.97569	0.97569			6
2024.04.24	00:58:31.383	0.97568	0.97568			6
2024.04.24	00:58:31.413	0.97570	0.97570			6
2024.04.24	00:58:31.444	0.97569	0.97569			6
2024.04.24	00:58:31.474	0.97571	0.97571			6
2024.04.24	00:58:31.534	0.97569	0.97569			6
2024.04.24	00:58:31.564	0.97568	0.97568			6
2024.04.24	00:58:31.884	0.97566	0.97566			6
2024.04.24	00:58:32.045	0.97568	0.97568			6
2024.04.24	00:58:32.288	0.97566	0.97566			6
2024.04.24	00:58:32.348	0.97568	0.97568			6
2024.04.24	00:58:32.508	0.97566	0.97566			6
2024.04.24	00:58:32.597	0.97570	0.97570			6
2024.04.24	00:58:33.077	0.97566	0.97566			6
2024.04.24	00:58:33.106	0.97568	0.97568			6
2024.04.24	00:58:33.136	0.97569	0.97569			6
2024.04.24	00:58:33.167	0.97570	0.97570			6
2024.04.24	00:58:33.227	0.97569	0.97569			6
2024.04.24	00:58:33.287	0.97568	0.97568			6
2024.04.24	00:58:33.318	0.97569	0.97569			6
2024.04.24	00:58:33.347	0.97570	0.97570			6
2024.04.24	00:58:33.407	0.97571	0.97571			6
2024.04.24	00:58:33.437	0.97569	0.97569			6
2024.04.24	00:58:33.467	0.97570	0.97570			6
2024.04.24	00:58:33.497	0.97569	0.97569			6
2024.04.24	00:58:34.283	0.97568	0.97568			6
2024.04.24	00:58:34.446	0.97566	0.97566			6
2024.04.24	00:58:34.476	0.97569	0.97569			6
2024.04.24	00:58:34.716	0.97565	0.97565			6
2024.04.24	00:58:34.747	0.97570	0.97570			6
2024.04.24	00:58:34.776	0.97566	0.97566			6
2024.04.24	00:58:34.807	0.97570	0.97570			6
2024.04.24	00:58:34.837	0.97568	0.97568			6
2024.04.24	00:58:34.866	0.97570	0.97570			6
2024.04.24	00:58:34.926	0.97569	0.97569			6
2024.04.24	00:58:34.956	0.97566	0.97566			6
2024.04.24	00:58:34.988	0.97569	0.97569			6
2024.04.24	00:58:35.018	0.97568	0.97568			6
2024.04.24	00:58:35.048	0.97569	0.97569			6
2024.04.24	00:58:35.077	0.97570	0.97570			6
2024.04.24	00:58:35.109	0.97567	0.97567			6
2024.04.24	00:58:35.169	0.97566	0.97566			6
2024.04.24	00:58:35.198	0.97571	0.97571			6
2024.04.24	00:58:35.229	0.97567	0.97567			6
2024.04.24	00:58:35.318	0.97570	0.97570			6
2024.04.24	00:58:35.348	0.97569	0.97569			6
2024.04.24	00:58:35.378	0.97571	0.97571			6
2024.04.24	00:58:35.408	0.97568	0.97568			6
2024.04.24	00:58:35.437	0.97573	0.97573			6
2024.04.24	00:58:35.467	0.97570	0.97570			6
2024.04.24	00:58:35.618	0.97571	0.97571			6
2024.04.24	00:58:35.648	0.97569	0.97569			6
2024.04.24	00:58:35.678	0.97570	0.97570			6
2024.04.24	00:58:35.738	0.97568	0.97568			6
2024.04.24	00:58:35.768	0.97569	0.97569			6
2024.04.24	00:58:35.827	0.97570	0.97570			6
2024.04.24	00:58:35.956	0.97571	0.97571			6
2024.04.24	00:58:36.197	0.97570	0.97570			6
2024.04.24	00:58:36.257	0.97569	0.97569			6
2024.04.24	00:58:36.287	0.97571	0.97571			6
2024.04.24	00:58:36.317	0.97570	0.97570			6
2024.04.24	00:58:36.379	0.97569	0.97569			6
2024.04.24	00:58:36.813	0.97572	0.97572			6
2024.04.24	00:58:36.842	0.97574	0.97574			6
2024.04.24	00:58:36.902	0.97573	0.97573			6
2024.04.24	00:58:37.143	0.97575	0.97575			6
2024.04.24	00:58:37.173	0.97573	0.97573			6
2024.04.24	00:58:37.233	0.97571	0.97571			6
2024.04.24	00:58:37.263	0.97574	0.97574			6
2024.04.24	00:58:37.352	0.97573	0.97573			6
2024.04.24	00:58:37.384	0.97574	0.97574			6
2024.04.24	00:58:38.448	0.97573	0.97573			6
2024.04.24	00:58:38.538	0.97572	0.97572			6
2024.04.24	00:58:38.598	0.97571	0.97571			6
2024.04.24	00:58:38.628	0.97574	0.97574			6
2024.04.24	00:58:38.658	0.97580	0.97580			6
2024.04.24	00:58:38.688	0.97571	0.97571			6
2024.04.24	00:58:38.718	0.97574	0.97574			6
2024.04.24	00:58:38.748	0.97576	0.97576			6
2024.04.24	00:58:38.777	0.97573	0.97573			6
2024.04.24	00:58:38.838	0.97568	0.97568			6
2024.04.24	00:58:38.869	0.97580	0.97580			6
2024.04.24	00:58:38.899	0.97573	0.97573			6
2024.04.24	00:58:38.929	0.97575	0.97575			6
2024.04.24	00:58:38.959	0.97573	0.97573			6
2024.04.24	00:58:38.989	0.97574	0.97574			6
2024.04.24	00:58:39.018	0.97572	0.97572			6
2024.04.24	00:58:39.048	0.97571	0.97571			6
2024.04.24	00:58:39.108	0.97573	0.97573			6
2024.04.24	00:58:39.138	0.97574	0.97574			6
2024.04.24	00:58:39.178	0.97572	0.97572			6
2024.04.24	00:58:39.270	0.97573	0.97573			6
2024.04.24	00:58:39.300	0.97574	0.97574			6
2024.04.24	00:58:39.391	0.97573	0.97573			6
2024.04.24	00:58:39.419	0.97572	0.97572			6
2024.04.24	00:58:39.599	0.97575	0.97575			6
2024.04.24	00:58:39.629	0.97573	0.97573			6
2024.04.24	00:58:39.690	0.97574	0.97574			6
2024.04.24	00:58:39.780	0.97573	0.97573			6
2024.04.24	00:58:39.809	0.97574	0.97574			6
2024.04.24	00:58:39.930	0.97573	0.97573			6
2024.04.24	00:58:39.991	0.97572	0.97572			6
2024.04.24	00:58:40.051	0.97571	0.97571			6
2024.04.24	00:58:40.111	0.97572	0.97572			6
2024.04.24	00:58:40.171	0.97574	0.97574			6
2024.04.24	00:58:40.231	0.97573	0.97573			6
2024.04.24	00:58:40.321	0.97572	0.97572			6
2024.04.24	00:58:40.411	0.97571	0.97571			6
2024.04.24	00:58:40.442	0.97572	0.97572			6
2024.04.24	00:58:40.472	0.97573	0.97573			6
2024.04.24	00:58:40.531	0.97571	0.97571			6
2024.04.24	00:58:40.591	0.97574	0.97574			6
2024.04.24	00:58:40.969	0.97571	0.97571			6
2024.04.24	00:58:40.998	0.97573	0.97573			6
2024.04.24	00:58:41.123	0.97572	0.97572			6
2024.04.24	00:58:41.154	0.97573	0.97573			6
2024.04.24	00:58:41.245	0.97572	0.97572			6
2024.04.24	00:58:41.304	0.97573	0.97573			6
2024.04.24	00:58:42.519	0.97572	0.97572			6
2024.04.24	00:58:42.579	0.97573	0.97573			6
2024.04.24	00:58:42.669	0.97574	0.97574			6
2024.04.24	00:58:42.795	0.97576	0.97576			6
2024.04.24	00:58:42.825	0.97575	0.97575			6
2024.04.24	00:58:42.855	0.97576	0.97576			6
2024.04.24	00:58:42.915	0.97570	0.97570			6
2024.04.24	00:58:42.945	0.97580	0.97580			6
2024.04.24	00:58:43.006	0.97581	0.97581			6
2024.04.24	00:58:43.065	0.97584	0.97584			6
2024.04.24	00:58:43.095	0.97576	0.97576			6
2024.04.24	00:58:43.185	0.97578	0.97578			6
2024.04.24	00:58:43.217	0.97579	0.97579			6
2024.04.24	00:58:43.246	0.97578	0.97578			6
2024.04.24	00:58:43.276	0.97575	0.97575			6
2024.04.24	00:58:43.305	0.97579	0.97579			6
2024.04.24	00:58:43.336	0.97574	0.97574			6
2024.04.24	00:58:43.366	0.97573	0.97573			6
2024.04.24	00:58:43.396	0.97575	0.97575			6
2024.04.24	00:58:43.457	0.97576	0.97576			6
2024.04.24	00:58:43.487	0.97579	0.97579			6
2024.04.24	00:58:43.517	0.97586	0.97586			6
2024.04.24	00:58:43.549	0.97579	0.97579			6
2024.04.24	00:58:43.577	0.97581	0.97581			6
2024.04.24	00:58:43.608	0.97580	0.97580			6
2024.04.24	00:58:43.667	0.97576	0.97576			6
2024.04.24	00:58:43.698	0.97577	0.97577			6
2024.04.24	00:58:43.728	0.97585	0.97585			6
2024.04.24	00:58:43.788	0.97580	0.97580			6
2024.04.24	00:58:43.818	0.97575	0.97575			6
2024.04.24	00:58:43.848	0.97581	0.97581			6
2024.04.24	00:58:43.879	0.97579	0.97579			6
2024.04.24	00:58:43.908	0.97577	0.97577			6
2024.04.24	00:58:43.938	0.97578	0.97578			6
2024.04.24	00:58:43.967	0.97581	0.97581			6
2024.04.24	00:58:43.998	0.97577	0.97577			6
2024.04.24	00:58:44.039	0.97576	0.97576			6
2024.04.24	00:58:44.134	0.97575	0.97575			6
2024.04.24	00:58:44.194	0.97573	0.97573			6
2024.04.24	00:58:44.283	0.97572	0.97572			6
2024.04.24	00:58:44.343	0.97585	0.97585			6
2024.04.24	00:58:44.374	0.97581	0.97581			6
2024.04.24	00:58:44.402	0.97577	0.97577			6
2024.04.24	00:58:44.463	0.97575	0.97575			6
2024.04.24	00:58:44.493	0.97577	0.97577			6
2024.04.24	00:58:44.553	0.97576	0.97576			6
2024.04.24	00:58:44.645	0.97573	0.97573			6
2024.04.24	00:58:45.556	0.97572	0.97572			6
2024.04.24	00:58:45.585	0.97576	0.97576			6
2024.04.24	00:58:45.679	0.97573	0.97573			6
2024.04.24	00:58:45.739	0.97572	0.97572			6
2024.04.24	00:58:45.861	0.97573	0.97573			6
2024.04.24	00:58:45.892	0.97576	0.97576			6
2024.04.24	00:58:46.015	0.97573	0.97573			6
2024.04.24	00:58:46.225	0.97572	0.97572			6
2024.04.24	00:58:46.255	0.97575	0.97575			6
2024.04.24	00:58:46.320	0.97576	0.97576			6
2024.04.24	00:58:46.351	0.97574	0.97574			6
2024.04.24	00:58:46.383	0.97575	0.97575			6
2024.04.24	00:58:46.485	0.97573	0.97573			6
2024.04.24	00:58:46.575	0.97579	0.97579			6
2024.04.24	00:58:46.605	0.97586	0.97586			6
2024.04.24	00:58:46.665	0.97588	0.97588			6
2024.04.24	00:58:46.694	0.97580	0.97580			6
2024.04.24	00:58:46.755	0.97579	0.97579			6
2024.04.24	00:58:46.785	0.97576	0.97576			6
2024.04.24	00:58:46.905	0.97574	0.97574			6
2024.04.24	00:58:47.037	0.97582	0.97582			6
2024.04.24	00:58:47.067	0.97585	0.97585			6
