<DATE>	<TIME>	<BID>	<ASK>	<LAST>	<VOLUME>	<FLAGS>
2024.05.08	00:00:00.818	0.97698	0.97698			6
2024.05.08	00:00:01.662	0.97696	0.97696			6
2024.05.08	00:00:02.029	0.97686	0.97686			6
2024.05.08	00:00:03.341	0.97689	0.97689			6
2024.05.08	00:00:10.030	0.97688	0.97688			6
2024.05.08	00:00:17.851	0.97695	0.97695			6
2024.05.08	00:00:29.903	0.97691	0.97691			6
2024.05.08	00:01:31.742	0.97682	0.97682			6
2024.05.08	00:02:08.230	0.97692	0.97692			6
2024.05.08	00:02:42.085	0.97689	0.97689			6
2024.05.08	00:03:03.874	0.97688	0.97688			6
2024.05.08	00:05:00.430	0.97690	0.97690			6
2024.05.08	00:05:00.832	0.97693	0.97693			6
2024.05.08	00:05:01.198	0.97694	0.97694			6
2024.05.08	00:05:01.978	0.97693	0.97693			6
2024.05.08	00:05:02.882	0.97685	0.97685			6
2024.05.08	00:05:23.104	0.97691	0.97691			6
2024.05.08	00:05:25.607	0.97690	0.97690			6
2024.05.08	00:05:45.207	0.97691	0.97691			6
2024.05.08	00:05:49.651	0.97690	0.97690			6
2024.05.08	00:06:00.043	0.97691	0.97691			6
2024.05.08	00:06:00.709	0.97695	0.97695			6
2024.05.08	00:06:05.703	0.97691	0.97691			6
2024.05.08	00:06:31.269	0.97695	0.97695			6
2024.05.08	00:06:50.288	0.97696	0.97696			6
2024.05.08	00:07:12.655	0.97695	0.97695			6
2024.05.08	00:07:22.004	0.97694	0.97694			6
2024.05.08	00:07:31.268	0.97695	0.97695			6
2024.05.08	00:07:55.614	0.97697	0.97697			6
2024.05.08	00:08:16.354	0.97697				2
2024.05.08	00:08:18.234	0.97695	0.97695			6
2024.05.08	00:09:14.422	0.97697	0.97697			6
2024.05.08	00:09:19.083	0.97695	0.97695			6
2024.05.08	00:09:39.453	0.97690	0.97690			6
2024.05.08	00:09:49.455	0.97697	0.97697			6
2024.05.08	00:10:14.673	0.97701	0.97701			6
2024.05.08	00:10:16.989	0.97697	0.97697			6
2024.05.08	00:10:22.600	0.97700	0.97700			6
2024.05.08	00:10:23.856	0.97697	0.97697			6
2024.05.08	00:10:43.673	0.97701	0.97701			6
2024.05.08	00:10:44.942	0.97696	0.97696			6
2024.05.08	00:10:51.708	0.97700	0.97700			6
2024.05.08	00:10:57.348	0.97699	0.97699			6
2024.05.08	00:10:57.849	0.97700	0.97700			6
2024.05.08	00:10:59.098	0.97699	0.97699			6
2024.05.08	00:11:00.524	0.97696	0.97696			6
2024.05.08	00:11:05.477	0.97698	0.97698			6
2024.05.08	00:11:08.758	0.97699	0.97699			6
2024.05.08	00:11:12.700	0.97703	0.97703			6
2024.05.08	00:11:15.242	0.97702	0.97702			6
2024.05.08	00:11:37.141	0.97699	0.97699			6
2024.05.08	00:11:38.512	0.97702	0.97702			6
2024.05.08	00:11:47.770	0.97704	0.97704			6
2024.05.08	00:12:13.795	0.97707	0.97707			6
2024.05.08	00:12:49.382	0.97706	0.97706			6
2024.05.08	00:12:52.553	0.97709	0.97709			6
2024.05.08	00:12:53.817	0.97707	0.97707			6
2024.05.08	00:12:57.554	0.97700	0.97700			6
2024.05.08	00:12:57.585	0.97702	0.97702			6
2024.05.08	00:12:58.658	0.97703	0.97703			6
2024.05.08	00:12:59.312	0.97706	0.97706			6
2024.05.08	00:13:00.538	0.97703	0.97703			6
2024.05.08	00:13:01.433	0.97702	0.97702			6
2024.05.08	00:13:04.146	0.97707	0.97707			6
2024.05.08	00:13:16.541	0.97710	0.97710			6
2024.05.08	00:13:17.789	0.97706	0.97706			6
2024.05.08	00:13:28.473	0.97704	0.97704			6
2024.05.08	00:13:34.012	0.97700	0.97700			6
2024.05.08	00:13:45.710	0.97698	0.97698			6
2024.05.08	00:13:45.740	0.97707	0.97707			6
2024.05.08	00:13:49.126	0.97709	0.97709			6
2024.05.08	00:13:50.355	0.97707	0.97707			6
2024.05.08	00:14:05.350	0.97708	0.97708			6
2024.05.08	00:14:20.660	0.97701	0.97701			6
2024.05.08	00:14:29.027	0.97697	0.97697			6
2024.05.08	00:14:41.170	0.97696	0.97696			6
2024.05.08	00:14:49.243	0.97701	0.97701			6
2024.05.08	00:14:56.569	0.97706	0.97706			6
2024.05.08	00:14:56.599	0.97707	0.97707			6
2024.05.08	00:14:59.581	0.97708	0.97708			6
2024.05.08	00:15:02.172	0.97710	0.97710			6
2024.05.08	00:15:12.897	0.97711	0.97711			6
2024.05.08	00:15:12.928	0.97712	0.97712			6
2024.05.08	00:15:33.271	0.97705	0.97705			6
2024.05.08	00:15:40.600	0.97709	0.97709			6
2024.05.08	00:15:40.630	0.97711	0.97711			6
2024.05.08	00:15:54.206	0.97703	0.97703			6
2024.05.08	00:15:56.141	0.97700	0.97700			6
2024.05.08	00:15:56.879	0.97708	0.97708			6
2024.05.08	00:16:06.193	0.97709	0.97709			6
2024.05.08	00:16:07.656	0.97701	0.97701			6
2024.05.08	00:16:08.618	0.97709	0.97709			6
2024.05.08	00:16:40.187	0.97708	0.97708			6
2024.05.08	00:17:07.826	0.97707	0.97707			6
2024.05.08	00:17:18.629	0.97698	0.97698			6
2024.05.08	00:17:25.126	0.97707	0.97707			6
2024.05.08	00:17:27.814	0.97709	0.97709			6
2024.05.08	00:17:46.927	0.97698	0.97698			6
2024.05.08	00:17:48.758	0.97709	0.97709			6
2024.05.08	00:18:14.710	0.97712	0.97712			6
2024.05.08	00:18:31.405	0.97709	0.97709			6
2024.05.08	00:18:31.442	0.97712	0.97712			6
2024.05.08	00:19:15.295	0.97709	0.97709			6
2024.05.08	00:19:15.324	0.97712	0.97712			6
2024.05.08	00:19:36.560	0.97708	0.97708			6
2024.05.08	00:19:36.711	0.97709	0.97709			6
2024.05.08	00:19:42.097	0.97712	0.97712			6
2024.05.08	00:19:43.138	0.97709	0.97709			6
2024.05.08	00:20:20.317	0.97711	0.97711			6
2024.05.08	00:20:36.641	0.97709	0.97709			6
2024.05.08	00:20:44.696	0.97706	0.97706			6
2024.05.08	00:20:55.310	0.97709	0.97709			6
2024.05.08	00:21:15.749	0.97710	0.97710			6
2024.05.08	00:21:35.384	0.97708	0.97708			6
2024.05.08	00:22:13.284	0.97707	0.97707			6
2024.05.08	00:22:14.324	0.97700	0.97700			6
2024.05.08	00:22:22.952	0.97711	0.97711			6
2024.05.08	00:22:24.517	0.97716	0.97716			6
2024.05.08	00:22:26.113	0.97718	0.97718			6
2024.05.08	00:22:27.394	0.97716	0.97716			6
2024.05.08	00:22:38.635	0.97712	0.97712			6
2024.05.08	00:23:07.551	0.97715	0.97715			6
2024.05.08	00:23:08.793	0.97712	0.97712			6
2024.05.08	00:23:15.761	0.97715	0.97715			6
2024.05.08	00:23:38.728	0.97714	0.97714			6
2024.05.08	00:23:39.580	0.97717	0.97717			6
2024.05.08	00:23:47.891	0.97710	0.97710			6
2024.05.08	00:24:00.950	0.97714	0.97714			6
2024.05.08	00:24:14.310	0.97708	0.97708			6
2024.05.08	00:24:14.339	0.97714	0.97714			6
2024.05.08	00:24:15.339	0.97717	0.97717			6
2024.05.08	00:24:17.672	0.97715	0.97715			6
2024.05.08	00:24:21.526	0.97718	0.97718			6
2024.05.08	00:24:27.839	0.97716	0.97716			6
2024.05.08	00:24:32.727	0.97717	0.97717			6
2024.05.08	00:24:37.100	0.97719	0.97719			6
2024.05.08	00:24:47.151	0.97722	0.97722			6
2024.05.08	00:24:50.140	0.97723	0.97723			6
2024.05.08	00:24:51.425	0.97722	0.97722			6
2024.05.08	00:24:51.874	0.97723	0.97723			6
2024.05.08	00:25:00.041	0.97720	0.97720			6
2024.05.08	00:25:02.466	0.97717	0.97717			6
2024.05.08	00:25:02.497	0.97722	0.97722			6
2024.05.08	00:25:07.766	0.97714	0.97714			6
2024.05.08	00:25:23.695	0.97713	0.97713			6
2024.05.08	00:25:23.724	0.97707	0.97707			6
2024.05.08	00:25:29.354	0.97709	0.97709			6
2024.05.08	00:25:43.160	0.97712	0.97712			6
2024.05.08	00:25:44.476	0.97710	0.97710			6
2024.05.08	00:25:48.717	0.97712	0.97712			6
2024.05.08	00:26:00.053	0.97716	0.97716			6
2024.05.08	00:26:00.083	0.97719	0.97719			6
2024.05.08	00:26:19.183	0.97716	0.97716			6
2024.05.08	00:26:21.766	0.97709	0.97709			6
2024.05.08	00:26:44.410	0.97710	0.97710			6
2024.05.08	00:26:59.970	0.97714	0.97714			6
2024.05.08	00:27:03.524	0.97709	0.97709			6
2024.05.08	00:27:03.555	0.97711	0.97711			6
2024.05.08	00:27:03.584	0.97715	0.97715			6
2024.05.08	00:27:04.627	0.97711	0.97711			6
2024.05.08	00:27:10.210	0.97712	0.97712			6
2024.05.08	00:27:11.534	0.97717	0.97717			6
2024.05.08	00:27:16.965	0.97715	0.97715			6
2024.05.08	00:27:37.112	0.97714	0.97714			6
2024.05.08	00:27:43.596	0.97713	0.97713			6
2024.05.08	00:27:43.625	0.97714	0.97714			6
2024.05.08	00:27:46.974	0.97708	0.97708			6
2024.05.08	00:27:47.877	0.97707	0.97707			6
2024.05.08	00:27:54.171	0.97711	0.97711			6
2024.05.08	00:28:00.547	0.97712	0.97712			6
2024.05.08	00:28:29.778	0.97711	0.97711			6
2024.05.08	00:29:00.074	0.97712	0.97712			6
2024.05.08	00:29:03.600	0.97711	0.97711			6
2024.05.08	00:29:07.138	0.97710	0.97710			6
2024.05.08	00:29:17.500	0.97708	0.97708			6
2024.05.08	00:29:22.908	0.97707	0.97707			6
2024.05.08	00:29:30.824	0.97706	0.97706			6
2024.05.08	00:29:37.127	0.97705	0.97705			6
2024.05.08	00:29:51.856	0.97710	0.97710			6
2024.05.08	00:30:00.055	0.97711	0.97711			6
2024.05.08	00:30:00.085	0.97710	0.97710			6
2024.05.08	00:30:00.482	0.97715	0.97715			6
2024.05.08	00:30:21.591	0.97714	0.97714			6
2024.05.08	00:30:31.039	0.97707	0.97707			6
2024.05.08	00:30:33.608	0.97714	0.97714			6
2024.05.08	00:30:33.639	0.97715	0.97715			6
2024.05.08	00:30:34.378	0.97714	0.97714			6
2024.05.08	00:30:38.278	0.97713	0.97713			6
2024.05.08	00:30:44.660	0.97707	0.97707			6
2024.05.08	00:30:47.254	0.97708	0.97708			6
2024.05.08	00:30:47.284	0.97714	0.97714			6
2024.05.08	00:30:49.994	0.97708	0.97708			6
2024.05.08	00:30:51.986	0.97707	0.97707			6
2024.05.08	00:30:57.373	0.97708	0.97708			6
2024.05.08	00:31:10.823	0.97711	0.97711			6
2024.05.08	00:31:26.882	0.97714	0.97714			6
2024.05.08	00:31:30.677	0.97711	0.97711			6
2024.05.08	00:31:30.708	0.97714	0.97714			6
2024.05.08	00:31:31.076	0.97713	0.97713			6
2024.05.08	00:31:31.106	0.97705	0.97705			6
2024.05.08	00:31:35.531	0.97704	0.97704			6
2024.05.08	00:31:41.640	0.97705	0.97705			6
2024.05.08	00:31:46.714	0.97706	0.97706			6
2024.05.08	00:31:47.286	0.97707	0.97707			6
2024.05.08	00:31:54.277	0.97706	0.97706			6
2024.05.08	00:32:04.127	0.97707	0.97707			6
2024.05.08	00:32:56.054	0.97710	0.97710			6
2024.05.08	00:32:57.138	0.97711	0.97711			6
2024.05.08	00:33:03.567	0.97713	0.97713			6
2024.05.08	00:34:21.184	0.97714	0.97714			6
2024.05.08	00:34:23.385	0.97713	0.97713			6
2024.05.08	00:34:32.624	0.97714	0.97714			6
2024.05.08	00:34:35.108	0.97710	0.97710			6
2024.05.08	00:34:35.138	0.97708	0.97708			6
2024.05.08	00:34:58.423	0.97707	0.97707			6
2024.05.08	00:35:34.884	0.97708	0.97708			6
2024.05.08	00:36:45.393	0.97709	0.97709			6
2024.05.08	00:36:45.424	0.97708	0.97708			6
2024.05.08	00:37:35.331	0.97707	0.97707			6
2024.05.08	00:37:38.093	0.97709	0.97709			6
2024.05.08	00:37:39.221	0.97708	0.97708			6
2024.05.08	00:38:04.426	0.97709	0.97709			6
2024.05.08	00:38:44.012	0.97708	0.97708			6
2024.05.08	00:38:54.376	0.97709	0.97709			6
2024.05.08	00:38:55.968	0.97710	0.97710			6
2024.05.08	00:38:59.011	0.97709	0.97709			6
2024.05.08	00:38:59.101	0.97708	0.97708			6
2024.05.08	00:39:00.052	0.97709	0.97709			6
2024.05.08	00:39:14.189	0.97710	0.97710			6
2024.05.08	00:39:29.118	0.97709	0.97709			6
2024.05.08	00:39:30.516	0.97710	0.97710			6
2024.05.08	00:39:32.334	0.97709	0.97709			6
2024.05.08	00:39:59.798	0.97710	0.97710			6
2024.05.08	00:40:00.238	0.97709	0.97709			6
2024.05.08	00:40:03.413	0.97710	0.97710			6
2024.05.08	00:40:05.605	0.97709	0.97709			6
2024.05.08	00:40:19.426	0.97711	0.97711			6
2024.05.08	00:40:21.482	0.97712	0.97712			6
2024.05.08	00:40:31.021	0.97711	0.97711			6
2024.05.08	00:40:36.664	0.97710	0.97710			6
2024.05.08	00:40:41.022	0.97711	0.97711			6
2024.05.08	00:40:54.511	0.97710	0.97710			6
2024.05.08	00:41:02.425	0.97711	0.97711			6
2024.05.08	00:41:13.147	0.97712	0.97712			6
2024.05.08	00:41:16.653	0.97710	0.97710			6
2024.05.08	00:41:34.670	0.97711	0.97711			6
2024.05.08	00:41:37.121	0.97710	0.97710			6
2024.05.08	00:41:40.825	0.97709	0.97709			6
2024.05.08	00:41:44.413	0.97711	0.97711			6
2024.05.08	00:41:50.915	0.97710	0.97710			6
2024.05.08	00:42:02.023	0.97709	0.97709			6
2024.05.08	00:42:04.902	0.97708	0.97708			6
2024.05.08	00:42:13.728	0.97709	0.97709			6
2024.05.08	00:42:13.787	0.97708	0.97708			6
2024.05.08	00:42:21.341	0.97707	0.97707			6
2024.05.08	00:43:16.112	0.97708	0.97708			6
2024.05.08	00:46:30.770	0.97707	0.97707			6
2024.05.08	00:46:33.806	0.97709	0.97709			6
2024.05.08	00:47:05.859	0.97708	0.97708			6
2024.05.08	00:48:01.235	0.97707	0.97707			6
2024.05.08	00:48:02.300	0.97705	0.97705			6
2024.05.08	00:48:03.333	0.97706	0.97706			6
2024.05.08	00:48:03.363	0.97705	0.97705			6
2024.05.08	00:48:06.091	0.97708	0.97708			6
2024.05.08	00:48:08.224	0.97707	0.97707			6
2024.05.08	00:48:12.938	0.97708	0.97708			6
2024.05.08	00:48:12.968	0.97713	0.97713			6
2024.05.08	00:48:13.400	0.97715	0.97715			6
2024.05.08	00:48:13.736	0.97714	0.97714			6
2024.05.08	00:48:19.704	0.97713	0.97713			6
2024.05.08	00:48:20.252	0.97711	0.97711			6
2024.05.08	00:48:20.598	0.97710	0.97710			6
2024.05.08	00:48:21.466	0.97708	0.97708			6
2024.05.08	00:48:24.365	0.97707	0.97707			6
2024.05.08	00:49:33.011	0.97708	0.97708			6
2024.05.08	00:49:33.131	0.97707	0.97707			6
2024.05.08	00:49:54.446	0.97708	0.97708			6
2024.05.08	00:49:57.946	0.97707	0.97707			6
2024.05.08	00:50:21.573	0.97708	0.97708			6
2024.05.08	00:50:24.511	0.97709	0.97709			6
2024.05.08	00:50:26.273	0.97708	0.97708			6
2024.05.08	00:50:26.396	0.97709	0.97709			6
2024.05.08	00:50:26.425	0.97708	0.97708			6
2024.05.08	00:50:32.891	0.97710	0.97710			6
2024.05.08	00:50:43.804	0.97711	0.97711			6
2024.05.08	00:50:43.834	0.97712	0.97712			6
2024.05.08	00:50:45.791	0.97713	0.97713			6
2024.05.08	00:50:51.942	0.97714	0.97714			6
2024.05.08	00:50:55.505	0.97712	0.97712			6
2024.05.08	00:50:55.536	0.97713	0.97713			6
2024.05.08	00:50:58.360	0.97714	0.97714			6
2024.05.08	00:50:59.070	0.97713	0.97713			6
2024.05.08	00:50:59.165	0.97712	0.97712			6
2024.05.08	00:50:59.225	0.97710	0.97710			6
2024.05.08	00:51:00.491	0.97711	0.97711			6
2024.05.08	00:51:00.522	0.97713	0.97713			6
2024.05.08	00:51:00.581	0.97714	0.97714			6
2024.05.08	00:51:00.762	0.97713	0.97713			6
2024.05.08	00:51:00.914	0.97712	0.97712			6
2024.05.08	00:51:00.944	0.97714	0.97714			6
2024.05.08	00:51:00.974	0.97713	0.97713			6
2024.05.08	00:51:01.224	0.97714	0.97714			6
2024.05.08	00:51:01.600	0.97713	0.97713			6
2024.05.08	00:51:02.373	0.97714	0.97714			6
2024.05.08	00:51:03.202	0.97713	0.97713			6
2024.05.08	00:51:16.364	0.97711	0.97711			6
2024.05.08	00:51:16.423	0.97713	0.97713			6
2024.05.08	00:51:16.829	0.97714	0.97714			6
2024.05.08	00:51:24.238	0.97713	0.97713			6
2024.05.08	00:51:26.666	0.97712	0.97712			6
2024.05.08	00:51:26.697	0.97710	0.97710			6
2024.05.08	00:51:26.775	0.97711	0.97711			6
2024.05.08	00:51:26.804	0.97712	0.97712			6
2024.05.08	00:51:27.202	0.97713	0.97713			6
2024.05.08	00:51:35.317	0.97712	0.97712			6
2024.05.08	00:51:35.346	0.97713	0.97713			6
2024.05.08	00:51:58.933	0.97712	0.97712			6
2024.05.08	00:51:59.373	0.97711	0.97711			6
2024.05.08	00:51:59.433	0.97712	0.97712			6
2024.05.08	00:52:00.981	0.97711	0.97711			6
2024.05.08	00:52:05.641	0.97713	0.97713			6
2024.05.08	00:52:06.365	0.97714	0.97714			6
2024.05.08	00:52:38.034	0.97715	0.97715			6
2024.05.08	00:52:43.805	0.97714	0.97714			6
2024.05.08	00:53:03.491	0.97716	0.97716			6
2024.05.08	00:53:03.583	0.97717	0.97717			6
2024.05.08	00:53:03.643	0.97718	0.97718			6
2024.05.08	00:53:03.704	0.97717	0.97717			6
2024.05.08	00:53:04.725	0.97716	0.97716			6
2024.05.08	00:53:05.411	0.97717	0.97717			6
2024.05.08	00:53:08.619	0.97719	0.97719			6
2024.05.08	00:53:08.649	0.97718	0.97718			6
2024.05.08	00:53:08.914	0.97715	0.97715			6
2024.05.08	00:53:12.432	0.97714	0.97714			6
2024.05.08	00:53:12.649	0.97713	0.97713			6
2024.05.08	00:53:14.105	0.97712	0.97712			6
2024.05.08	00:53:16.814	0.97705	0.97705			6
2024.05.08	00:53:19.336	0.97710	0.97710			6
2024.05.08	00:53:19.425	0.97712	0.97712			6
2024.05.08	00:53:19.486	0.97713	0.97713			6
2024.05.08	00:53:19.546	0.97714	0.97714			6
2024.05.08	00:53:19.586	0.97713	0.97713			6
2024.05.08	00:53:19.646	0.97712	0.97712			6
2024.05.08	00:53:19.711	0.97711	0.97711			6
2024.05.08	00:53:19.741	0.97712	0.97712			6
2024.05.08	00:53:20.005	0.97711	0.97711			6
2024.05.08	00:53:20.035	0.97712	0.97712			6
2024.05.08	00:53:20.404	0.97711	0.97711			6
2024.05.08	00:53:22.794	0.97712	0.97712			6
2024.05.08	00:53:22.950	0.97711	0.97711			6
2024.05.08	00:53:23.009	0.97712	0.97712			6
2024.05.08	00:53:23.116	0.97711	0.97711			6
2024.05.08	00:53:23.176	0.97713	0.97713			6
2024.05.08	00:53:23.400	0.97712	0.97712			6
2024.05.08	00:53:23.430	0.97713	0.97713			6
2024.05.08	00:53:23.529	0.97712	0.97712			6
2024.05.08	00:53:23.569	0.97713	0.97713			6
2024.05.08	00:53:24.248	0.97712	0.97712			6
2024.05.08	00:53:24.278	0.97713	0.97713			6
2024.05.08	00:53:26.258	0.97712	0.97712			6
2024.05.08	00:53:38.479	0.97713	0.97713			6
2024.05.08	00:53:39.252	0.97712	0.97712			6
2024.05.08	00:53:39.311	0.97714	0.97714			6
2024.05.08	00:53:39.410	0.97712	0.97712			6
2024.05.08	00:53:39.441	0.97714	0.97714			6
2024.05.08	00:53:41.547	0.97712	0.97712			6
2024.05.08	00:53:43.796	0.97710	0.97710			6
2024.05.08	00:53:45.401	0.97709	0.97709			6
2024.05.08	00:53:45.432	0.97708	0.97708			6
2024.05.08	00:53:45.464	0.97709	0.97709			6
2024.05.08	00:53:45.644	0.97708	0.97708			6
2024.05.08	00:53:45.735	0.97709	0.97709			6
2024.05.08	00:53:47.923	0.97708	0.97708			6
2024.05.08	00:53:47.953	0.97709	0.97709			6
2024.05.08	00:53:48.043	0.97708	0.97708			6
2024.05.08	00:53:48.074	0.97709	0.97709			6
2024.05.08	00:53:48.382	0.97708	0.97708			6
2024.05.08	00:53:48.412	0.97709	0.97709			6
2024.05.08	00:53:54.609	0.97708	0.97708			6
2024.05.08	00:53:55.222	0.97709	0.97709			6
2024.05.08	00:53:55.695	0.97708	0.97708			6
2024.05.08	00:53:55.754	0.97709	0.97709			6
2024.05.08	00:53:56.090	0.97708	0.97708			6
2024.05.08	00:54:06.895	0.97707	0.97707			6
2024.05.08	00:54:06.925	0.97708	0.97708			6
2024.05.08	00:54:07.038	0.97709	0.97709			6
2024.05.08	00:54:07.128	0.97707	0.97707			6
2024.05.08	00:54:07.218	0.97709	0.97709			6
2024.05.08	00:54:07.347	0.97708	0.97708			6
2024.05.08	00:54:07.378	0.97709	0.97709			6
2024.05.08	00:54:07.468	0.97707	0.97707			6
2024.05.08	00:54:07.497	0.97709	0.97709			6
2024.05.08	00:54:07.588	0.97708	0.97708			6
2024.05.08	00:54:07.708	0.97707	0.97707			6
2024.05.08	00:54:07.738	0.97708	0.97708			6
2024.05.08	00:54:07.948	0.97709	0.97709			6
2024.05.08	00:54:08.264	0.97708	0.97708			6
2024.05.08	00:54:08.354	0.97709	0.97709			6
2024.05.08	00:54:08.706	0.97708	0.97708			6
2024.05.08	00:54:08.768	0.97709	0.97709			6
2024.05.08	00:54:09.090	0.97708	0.97708			6
2024.05.08	00:54:12.189	0.97707	0.97707			6
2024.05.08	00:54:12.279	0.97706	0.97706			6
2024.05.08	00:54:12.309	0.97708	0.97708			6
2024.05.08	00:54:12.459	0.97707	0.97707			6
2024.05.08	00:54:12.490	0.97708	0.97708			6
2024.05.08	00:54:12.605	0.97707	0.97707			6
2024.05.08	00:54:12.635	0.97708	0.97708			6
2024.05.08	00:54:13.391	0.97707	0.97707			6
2024.05.08	00:54:13.421	0.97708	0.97708			6
2024.05.08	00:54:13.541	0.97707	0.97707			6
2024.05.08	00:54:13.571	0.97709	0.97709			6
2024.05.08	00:54:13.679	0.97707	0.97707			6
2024.05.08	00:54:13.709	0.97708	0.97708			6
2024.05.08	00:54:13.740	0.97709	0.97709			6
2024.05.08	00:54:13.889	0.97707	0.97707			6
2024.05.08	00:54:13.949	0.97708	0.97708			6
2024.05.08	00:54:14.150	0.97707	0.97707			6
2024.05.08	00:54:14.179	0.97709	0.97709			6
2024.05.08	00:54:14.287	0.97707	0.97707			6
2024.05.08	00:54:14.318	0.97709	0.97709			6
2024.05.08	00:54:14.475	0.97708	0.97708			6
2024.05.08	00:54:21.893	0.97707	0.97707			6
2024.05.08	00:54:21.984	0.97708	0.97708			6
2024.05.08	00:54:22.103	0.97707	0.97707			6
2024.05.08	00:54:22.133	0.97708	0.97708			6
2024.05.08	00:54:22.163	0.97709	0.97709			6
2024.05.08	00:54:22.239	0.97707	0.97707			6
2024.05.08	00:54:22.399	0.97708	0.97708			6
2024.05.08	00:54:22.601	0.97707	0.97707			6
2024.05.08	00:54:22.662	0.97708	0.97708			6
2024.05.08	00:54:22.901	0.97707	0.97707			6
2024.05.08	00:54:23.028	0.97708	0.97708			6
2024.05.08	00:54:23.147	0.97707	0.97707			6
2024.05.08	00:54:23.176	0.97708	0.97708			6
2024.05.08	00:54:23.207	0.97709	0.97709			6
2024.05.08	00:54:23.303	0.97707	0.97707			6
2024.05.08	00:54:23.333	0.97709	0.97709			6
2024.05.08	00:54:28.146	0.97708	0.97708			6
2024.05.08	00:54:28.176	0.97707	0.97707			6
2024.05.08	00:54:28.236	0.97708	0.97708			6
2024.05.08	00:54:28.266	0.97709	0.97709			6
2024.05.08	00:54:28.447	0.97708	0.97708			6
2024.05.08	00:54:28.477	0.97709	0.97709			6
2024.05.08	00:54:28.825	0.97707	0.97707			6
2024.05.08	00:54:28.884	0.97709	0.97709			6
2024.05.08	00:54:29.094	0.97707	0.97707			6
2024.05.08	00:54:29.125	0.97709	0.97709			6
2024.05.08	00:54:29.467	0.97708	0.97708			6
2024.05.08	00:54:29.496	0.97706	0.97706			6
2024.05.08	00:54:29.527	0.97707	0.97707			6
2024.05.08	00:54:29.768	0.97709	0.97709			6
2024.05.08	00:54:30.256	0.97710	0.97710			6
2024.05.08	00:54:30.345	0.97708	0.97708			6
2024.05.08	00:54:30.376	0.97709	0.97709			6
2024.05.08	00:54:30.467	0.97707	0.97707			6
2024.05.08	00:54:30.559	0.97709	0.97709			6
2024.05.08	00:54:30.679	0.97708	0.97708			6
2024.05.08	00:54:30.708	0.97709	0.97709			6
2024.05.08	00:54:30.891	0.97708	0.97708			6
2024.05.08	00:54:30.921	0.97709	0.97709			6
2024.05.08	00:54:32.055	0.97707	0.97707			6
2024.05.08	00:54:32.085	0.97709	0.97709			6
2024.05.08	00:54:32.205	0.97708	0.97708			6
2024.05.08	00:54:32.235	0.97709	0.97709			6
2024.05.08	00:54:32.265	0.97707	0.97707			6
2024.05.08	00:54:32.452	0.97708	0.97708			6
2024.05.08	00:54:32.560	0.97709	0.97709			6
2024.05.08	00:54:32.620	0.97708	0.97708			6
2024.05.08	00:54:32.680	0.97707	0.97707			6
2024.05.08	00:54:32.801	0.97706	0.97706			6
2024.05.08	00:54:32.860	0.97707	0.97707			6
2024.05.08	00:54:32.920	0.97708	0.97708			6
2024.05.08	00:54:32.981	0.97707	0.97707			6
2024.05.08	00:54:33.010	0.97708	0.97708			6
2024.05.08	00:54:33.040	0.97706	0.97706			6
2024.05.08	00:54:33.070	0.97708	0.97708			6
2024.05.08	00:54:33.099	0.97707	0.97707			6
2024.05.08	00:54:33.195	0.97705	0.97705			6
2024.05.08	00:54:33.258	0.97706	0.97706			6
2024.05.08	00:54:33.289	0.97707	0.97707			6
2024.05.08	00:54:33.408	0.97708	0.97708			6
2024.05.08	00:54:33.498	0.97706	0.97706			6
2024.05.08	00:54:33.528	0.97708	0.97708			6
2024.05.08	00:54:33.591	0.97707	0.97707			6
2024.05.08	00:54:33.619	0.97708	0.97708			6
2024.05.08	00:54:33.769	0.97709	0.97709			6
2024.05.08	00:54:33.799	0.97708	0.97708			6
2024.05.08	00:54:33.950	0.97706	0.97706			6
2024.05.08	00:54:33.980	0.97708	0.97708			6
2024.05.08	00:54:34.309	0.97709	0.97709			6
2024.05.08	00:54:34.339	0.97708	0.97708			6
2024.05.08	00:54:34.431	0.97707	0.97707			6
2024.05.08	00:54:34.461	0.97706	0.97706			6
2024.05.08	00:54:34.542	0.97707	0.97707			6
2024.05.08	00:54:34.662	0.97706	0.97706			6
2024.05.08	00:54:34.692	0.97708	0.97708			6
2024.05.08	00:54:34.753	0.97707	0.97707			6
2024.05.08	00:54:34.842	0.97708	0.97708			6
2024.05.08	00:54:34.933	0.97706	0.97706			6
2024.05.08	00:54:34.963	0.97707	0.97707			6
2024.05.08	00:54:35.084	0.97708	0.97708			6
2024.05.08	00:54:35.114	0.97707	0.97707			6
2024.05.08	00:54:35.143	0.97706	0.97706			6
2024.05.08	00:54:35.174	0.97708	0.97708			6
2024.05.08	00:54:35.293	0.97707	0.97707			6
2024.05.08	00:54:35.323	0.97706	0.97706			6
2024.05.08	00:54:35.353	0.97707	0.97707			6
2024.05.08	00:54:35.384	0.97708	0.97708			6
2024.05.08	00:54:35.445	0.97707	0.97707			6
2024.05.08	00:54:35.475	0.97708	0.97708			6
2024.05.08	00:54:35.504	0.97707	0.97707			6
2024.05.08	00:54:35.565	0.97708	0.97708			6
2024.05.08	00:54:35.596	0.97705	0.97705			6
2024.05.08	00:54:35.626	0.97708	0.97708			6
2024.05.08	00:54:35.686	0.97707	0.97707			6
2024.05.08	00:54:35.746	0.97706	0.97706			6
2024.05.08	00:54:35.776	0.97707	0.97707			6
2024.05.08	00:54:35.837	0.97708	0.97708			6
2024.05.08	00:54:35.927	0.97706	0.97706			6
2024.05.08	00:54:35.956	0.97707	0.97707			6
2024.05.08	00:54:35.987	0.97708	0.97708			6
2024.05.08	00:54:36.080	0.97706	0.97706			6
2024.05.08	00:54:36.139	0.97707	0.97707			6
2024.05.08	00:54:36.360	0.97706	0.97706			6
2024.05.08	00:54:36.390	0.97707	0.97707			6
2024.05.08	00:54:36.420	0.97706	0.97706			6
2024.05.08	00:54:36.450	0.97707	0.97707			6
2024.05.08	00:54:36.514	0.97706	0.97706			6
2024.05.08	00:54:36.543	0.97708	0.97708			6
2024.05.08	00:54:36.995	0.97706	0.97706			6
2024.05.08	00:54:37.025	0.97707	0.97707			6
2024.05.08	00:54:37.055	0.97706	0.97706			6
2024.05.08	00:54:37.144	0.97707	0.97707			6
2024.05.08	00:54:37.175	0.97708	0.97708			6
2024.05.08	00:54:37.234	0.97707	0.97707			6
2024.05.08	00:54:37.264	0.97708	0.97708			6
2024.05.08	00:54:37.384	0.97707	0.97707			6
2024.05.08	00:54:37.445	0.97708	0.97708			6
2024.05.08	00:54:37.504	0.97709	0.97709			6
2024.05.08	00:54:37.535	0.97708	0.97708			6
2024.05.08	00:54:37.564	0.97707	0.97707			6
2024.05.08	00:54:38.032	0.97708	0.97708			6
2024.05.08	00:54:38.064	0.97707	0.97707			6
2024.05.08	00:54:38.094	0.97708	0.97708			6
2024.05.08	00:54:38.183	0.97707	0.97707			6
2024.05.08	00:54:38.303	0.97708	0.97708			6
2024.05.08	00:54:38.643	0.97706	0.97706			6
2024.05.08	00:54:38.673	0.97707	0.97707			6
2024.05.08	00:54:38.763	0.97708	0.97708			6
2024.05.08	00:54:38.792	0.97705	0.97705			6
2024.05.08	00:54:38.824	0.97708	0.97708			6
2024.05.08	00:54:38.913	0.97706	0.97706			6
2024.05.08	00:54:38.944	0.97708	0.97708			6
2024.05.08	00:54:39.063	0.97707	0.97707			6
2024.05.08	00:54:39.123	0.97708	0.97708			6
2024.05.08	00:54:39.243	0.97706	0.97706			6
2024.05.08	00:54:39.274	0.97707	0.97707			6
2024.05.08	00:54:39.335	0.97706	0.97706			6
2024.05.08	00:54:39.393	0.97707	0.97707			6
2024.05.08	00:54:39.514	0.97708	0.97708			6
2024.05.08	00:54:39.635	0.97707	0.97707			6
2024.05.08	00:54:39.665	0.97708	0.97708			6
2024.05.08	00:54:39.937	0.97707	0.97707			6
2024.05.08	00:54:39.967	0.97708	0.97708			6
2024.05.08	00:54:40.028	0.97707	0.97707			6
2024.05.08	00:54:40.117	0.97706	0.97706			6
2024.05.08	00:54:40.147	0.97707	0.97707			6
2024.05.08	00:54:40.267	0.97708	0.97708			6
2024.05.08	00:54:40.328	0.97707	0.97707			6
2024.05.08	00:54:40.358	0.97708	0.97708			6
2024.05.08	00:54:40.388	0.97706	0.97706			6
2024.05.08	00:54:40.478	0.97708	0.97708			6
2024.05.08	00:54:40.511	0.97707	0.97707			6
2024.05.08	00:54:40.781	0.97708	0.97708			6
2024.05.08	00:54:40.811	0.97705	0.97705			6
2024.05.08	00:54:40.871	0.97706	0.97706			6
2024.05.08	00:54:40.900	0.97708	0.97708			6
2024.05.08	00:54:40.931	0.97707	0.97707			6
2024.05.08	00:54:40.960	0.97706	0.97706			6
2024.05.08	00:54:40.991	0.97705	0.97705			6
2024.05.08	00:54:41.021	0.97707	0.97707			6
2024.05.08	00:54:41.142	0.97705	0.97705			6
2024.05.08	00:54:41.173	0.97707	0.97707			6
2024.05.08	00:54:41.202	0.97708	0.97708			6
2024.05.08	00:54:41.233	0.97706	0.97706			6
2024.05.08	00:54:41.263	0.97707	0.97707			6
2024.05.08	00:54:41.410	0.97705	0.97705			6
2024.05.08	00:54:41.471	0.97706	0.97706			6
2024.05.08	00:54:41.500	0.97705	0.97705			6
2024.05.08	00:54:41.590	0.97707	0.97707			6
2024.05.08	00:54:41.621	0.97706	0.97706			6
2024.05.08	00:54:41.650	0.97707	0.97707			6
2024.05.08	00:54:41.680	0.97706	0.97706			6
2024.05.08	00:54:41.710	0.97707	0.97707			6
2024.05.08	00:54:41.770	0.97706	0.97706			6
2024.05.08	00:54:41.800	0.97707	0.97707			6
2024.05.08	00:54:41.830	0.97708	0.97708			6
2024.05.08	00:54:41.920	0.97707	0.97707			6
2024.05.08	00:54:41.950	0.97706	0.97706			6
2024.05.08	00:54:41.980	0.97707	0.97707			6
2024.05.08	00:54:42.040	0.97708	0.97708			6
2024.05.08	00:54:42.130	0.97705	0.97705			6
2024.05.08	00:54:42.160	0.97707	0.97707			6
2024.05.08	00:54:42.190	0.97708	0.97708			6
2024.05.08	00:54:42.250	0.97707	0.97707			6
2024.05.08	00:54:42.311	0.97705	0.97705			6
2024.05.08	00:54:42.418	0.97706	0.97706			6
2024.05.08	00:54:42.479	0.97707	0.97707			6
2024.05.08	00:54:42.508	0.97708	0.97708			6
2024.05.08	00:54:42.539	0.97707	0.97707			6
2024.05.08	00:54:42.570	0.97708	0.97708			6
2024.05.08	00:54:42.878	0.97707	0.97707			6
2024.05.08	00:54:42.909	0.97708	0.97708			6
2024.05.08	00:54:42.939	0.97707	0.97707			6
2024.05.08	00:54:42.970	0.97706	0.97706			6
2024.05.08	00:54:43.000	0.97708	0.97708			6
2024.05.08	00:54:43.031	0.97707	0.97707			6
2024.05.08	00:54:43.060	0.97708	0.97708			6
2024.05.08	00:54:43.090	0.97707	0.97707			6
2024.05.08	00:54:43.156	0.97708	0.97708			6
2024.05.08	00:54:43.305	0.97707	0.97707			6
2024.05.08	00:54:43.464	0.97708	0.97708			6
2024.05.08	00:54:43.565	0.97707	0.97707			6
2024.05.08	00:54:43.595	0.97708	0.97708			6
2024.05.08	00:54:43.776	0.97707	0.97707			6
2024.05.08	00:54:43.805	0.97710	0.97710			6
2024.05.08	00:54:43.866	0.97711	0.97711			6
2024.05.08	00:54:43.896	0.97710	0.97710			6
2024.05.08	00:54:43.955	0.97711	0.97711			6
2024.05.08	00:54:43.985	0.97710	0.97710			6
2024.05.08	00:54:44.045	0.97711	0.97711			6
2024.05.08	00:54:44.076	0.97709	0.97709			6
2024.05.08	00:54:44.106	0.97708	0.97708			6
2024.05.08	00:54:44.135	0.97709	0.97709			6
2024.05.08	00:54:44.165	0.97711	0.97711			6
2024.05.08	00:54:44.196	0.97710	0.97710			6
2024.05.08	00:54:44.346	0.97709	0.97709			6
2024.05.08	00:54:44.374	0.97710	0.97710			6
2024.05.08	00:54:44.406	0.97708	0.97708			6
2024.05.08	00:54:44.466	0.97709	0.97709			6
2024.05.08	00:54:44.495	0.97710	0.97710			6
2024.05.08	00:54:44.710	0.97712	0.97712			6
2024.05.08	00:54:44.770	0.97713	0.97713			6
2024.05.08	00:54:45.049	0.97714	0.97714			6
2024.05.08	00:54:45.079	0.97711	0.97711			6
2024.05.08	00:54:45.140	0.97713	0.97713			6
2024.05.08	00:54:45.419	0.97712	0.97712			6
2024.05.08	00:54:49.694	0.97711	0.97711			6
2024.05.08	00:54:49.755	0.97710	0.97710			6
2024.05.08	00:54:49.785	0.97712	0.97712			6
2024.05.08	00:54:49.814	0.97711	0.97711			6
2024.05.08	00:54:49.844	0.97710	0.97710			6
2024.05.08	00:54:49.994	0.97708	0.97708			6
2024.05.08	00:54:50.024	0.97707	0.97707			6
2024.05.08	00:54:50.054	0.97709	0.97709			6
2024.05.08	00:54:50.174	0.97708	0.97708			6
2024.05.08	00:54:50.204	0.97707	0.97707			6
2024.05.08	00:54:50.234	0.97709	0.97709			6
2024.05.08	00:54:50.300	0.97705	0.97705			6
2024.05.08	00:54:50.330	0.97707	0.97707			6
2024.05.08	00:54:50.361	0.97708	0.97708			6
2024.05.08	00:54:50.390	0.97705	0.97705			6
2024.05.08	00:54:50.451	0.97708	0.97708			6
2024.05.08	00:54:50.631	0.97706	0.97706			6
2024.05.08	00:54:50.661	0.97707	0.97707			6
2024.05.08	00:54:50.691	0.97710	0.97710			6
2024.05.08	00:54:50.721	0.97709	0.97709			6
2024.05.08	00:54:50.751	0.97708	0.97708			6
2024.05.08	00:54:50.810	0.97710	0.97710			6
2024.05.08	00:54:50.932	0.97709	0.97709			6
2024.05.08	00:54:50.962	0.97708	0.97708			6
2024.05.08	00:54:51.231	0.97709	0.97709			6
2024.05.08	00:54:51.262	0.97708	0.97708			6
2024.05.08	00:54:51.372	0.97709	0.97709			6
2024.05.08	00:54:51.402	0.97708	0.97708			6
2024.05.08	00:54:51.433	0.97709	0.97709			6
2024.05.08	00:54:51.492	0.97708	0.97708			6
2024.05.08	00:54:51.552	0.97709	0.97709			6
2024.05.08	00:54:51.612	0.97710	0.97710			6
2024.05.08	00:54:51.673	0.97709	0.97709			6
2024.05.08	00:54:51.763	0.97710	0.97710			6
2024.05.08	00:54:51.823	0.97709	0.97709			6
2024.05.08	00:54:52.135	0.97708	0.97708			6
2024.05.08	00:54:52.166	0.97707	0.97707			6
2024.05.08	00:54:52.241	0.97708	0.97708			6
2024.05.08	00:54:52.271	0.97709	0.97709			6
2024.05.08	00:54:52.331	0.97710	0.97710			6
2024.05.08	00:54:52.405	0.97711	0.97711			6
2024.05.08	00:54:52.489	0.97709	0.97709			6
2024.05.08	00:54:52.587	0.97708	0.97708			6
2024.05.08	00:54:52.839	0.97709	0.97709			6
2024.05.08	00:54:52.869	0.97708	0.97708			6
2024.05.08	00:54:52.940	0.97707	0.97707			6
2024.05.08	00:54:52.971	0.97708	0.97708			6
2024.05.08	00:54:53.030	0.97710	0.97710			6
2024.05.08	00:54:53.181	0.97709	0.97709			6
2024.05.08	00:54:53.312	0.97710	0.97710			6
2024.05.08	00:54:53.490	0.97709	0.97709			6
2024.05.08	00:54:53.580	0.97708	0.97708			6
2024.05.08	00:54:53.609	0.97707	0.97707			6
2024.05.08	00:54:53.639	0.97708	0.97708			6
2024.05.08	00:54:53.669	0.97709	0.97709			6
2024.05.08	00:54:53.707	0.97710	0.97710			6
2024.05.08	00:54:53.766	0.97709	0.97709			6
2024.05.08	00:54:53.797	0.97708	0.97708			6
2024.05.08	00:54:54.590	0.97709	0.97709			6
2024.05.08	00:54:54.621	0.97710	0.97710			6
2024.05.08	00:54:54.861	0.97707	0.97707			6
2024.05.08	00:54:54.893	0.97708	0.97708			6
2024.05.08	00:54:54.921	0.97710	0.97710			6
2024.05.08	00:54:54.951	0.97711	0.97711			6
2024.05.08	00:54:54.981	0.97710	0.97710			6
2024.05.08	00:54:55.042	0.97711	0.97711			6
2024.05.08	00:54:55.101	0.97707	0.97707			6
2024.05.08	00:54:55.131	0.97708	0.97708			6
2024.05.08	00:54:55.161	0.97709	0.97709			6
2024.05.08	00:54:55.191	0.97708	0.97708			6
2024.05.08	00:54:55.299	0.97710	0.97710			6
2024.05.08	00:54:55.330	0.97709	0.97709			6
2024.05.08	00:54:55.361	0.97710	0.97710			6
2024.05.08	00:54:55.481	0.97708	0.97708			6
2024.05.08	00:54:55.510	0.97709	0.97709			6
2024.05.08	00:54:55.540	0.97710	0.97710			6
2024.05.08	00:54:55.600	0.97709	0.97709			6
2024.05.08	00:54:55.630	0.97710	0.97710			6
2024.05.08	00:54:55.660	0.97707	0.97707			6
2024.05.08	00:54:55.691	0.97709	0.97709			6
2024.05.08	00:54:55.721	0.97710	0.97710			6
2024.05.08	00:54:55.752	0.97708	0.97708			6
2024.05.08	00:54:55.783	0.97711	0.97711			6
2024.05.08	00:54:55.843	0.97709	0.97709			6
2024.05.08	00:54:55.902	0.97710	0.97710			6
2024.05.08	00:54:56.083	0.97711	0.97711			6
2024.05.08	00:54:56.114	0.97710	0.97710			6
2024.05.08	00:54:56.203	0.97707	0.97707			6
2024.05.08	00:54:56.234	0.97708	0.97708			6
2024.05.08	00:54:56.320	0.97709	0.97709			6
2024.05.08	00:54:56.351	0.97710	0.97710			6
2024.05.08	00:54:56.381	0.97709	0.97709			6
2024.05.08	00:54:56.411	0.97708	0.97708			6
2024.05.08	00:54:56.441	0.97709	0.97709			6
2024.05.08	00:54:56.471	0.97711	0.97711			6
2024.05.08	00:54:56.502	0.97710	0.97710			6
2024.05.08	00:54:56.531	0.97711	0.97711			6
2024.05.08	00:54:56.893	0.97709	0.97709			6
2024.05.08	00:55:00.075	0.97710	0.97710			6
2024.05.08	00:55:03.690	0.97709	0.97709			6
2024.05.08	00:55:03.719	0.97708	0.97708			6
2024.05.08	00:55:03.779	0.97710	0.97710			6
2024.05.08	00:55:03.809	0.97711	0.97711			6
2024.05.08	00:55:08.326	0.97710	0.97710			6
2024.05.08	00:55:08.525	0.97709	0.97709			6
2024.05.08	00:55:08.554	0.97710	0.97710			6
2024.05.08	00:55:08.585	0.97709	0.97709			6
2024.05.08	00:55:08.615	0.97710	0.97710			6
2024.05.08	00:55:08.644	0.97708	0.97708			6
2024.05.08	00:55:08.674	0.97711	0.97711			6
2024.05.08	00:55:08.734	0.97710	0.97710			6
2024.05.08	00:55:08.794	0.97708	0.97708			6
2024.05.08	00:55:08.975	0.97711	0.97711			6
2024.05.08	00:55:09.014	0.97710	0.97710			6
2024.05.08	00:55:09.088	0.97708	0.97708			6
2024.05.08	00:55:09.117	0.97710	0.97710			6
2024.05.08	00:55:09.401	0.97709	0.97709			6
2024.05.08	00:55:09.461	0.97708	0.97708			6
2024.05.08	00:55:09.521	0.97706	0.97706			6
2024.05.08	00:55:09.551	0.97705	0.97705			6
2024.05.08	00:55:09.581	0.97706	0.97706			6
2024.05.08	00:55:09.610	0.97707	0.97707			6
2024.05.08	00:55:09.703	0.97706	0.97706			6
2024.05.08	00:55:09.762	0.97707	0.97707			6
2024.05.08	00:55:09.888	0.97706	0.97706			6
2024.05.08	00:55:09.917	0.97707	0.97707			6
2024.05.08	00:55:10.408	0.97706	0.97706			6
2024.05.08	00:55:10.886	0.97707	0.97707			6
2024.05.08	00:55:11.057	0.97706	0.97706			6
2024.05.08	00:55:11.087	0.97709	0.97709			6
2024.05.08	00:55:11.116	0.97708	0.97708			6
2024.05.08	00:55:11.207	0.97709	0.97709			6
2024.05.08	00:55:11.372	0.97707	0.97707			6
2024.05.08	00:55:11.432	0.97710	0.97710			6
2024.05.08	00:55:11.767	0.97707	0.97707			6
2024.05.08	00:55:11.827	0.97706	0.97706			6
2024.05.08	00:55:11.856	0.97708	0.97708			6
2024.05.08	00:55:11.947	0.97709	0.97709			6
2024.05.08	00:55:11.977	0.97710	0.97710			6
2024.05.08	00:55:12.097	0.97708	0.97708			6
2024.05.08	00:55:12.127	0.97710	0.97710			6
2024.05.08	00:55:12.157	0.97708	0.97708			6
2024.05.08	00:55:12.187	0.97710	0.97710			6
2024.05.08	00:55:12.634	0.97708	0.97708			6
2024.05.08	00:55:12.666	0.97709	0.97709			6
2024.05.08	00:55:12.726	0.97710	0.97710			6
2024.05.08	00:55:12.755	0.97709	0.97709			6
2024.05.08	00:55:12.786	0.97710	0.97710			6
2024.05.08	00:55:12.815	0.97708	0.97708			6
2024.05.08	00:55:12.845	0.97707	0.97707			6
2024.05.08	00:55:12.875	0.97709	0.97709			6
2024.05.08	00:55:13.264	0.97706	0.97706			6
2024.05.08	00:55:13.294	0.97705	0.97705			6
2024.05.08	00:55:15.907	0.97706	0.97706			6
2024.05.08	00:55:20.019	0.97707	0.97707			6
2024.05.08	00:55:23.495	0.97706	0.97706			6
2024.05.08	00:55:23.616	0.97707	0.97707			6
2024.05.08	00:55:23.676	0.97706	0.97706			6
2024.05.08	00:55:25.105	0.97707	0.97707			6
2024.05.08	00:55:25.189	0.97706	0.97706			6
2024.05.08	00:55:25.219	0.97707	0.97707			6
2024.05.08	00:55:25.249	0.97705	0.97705			6
2024.05.08	00:55:25.309	0.97704	0.97704			6
2024.05.08	00:55:25.339	0.97706	0.97706			6
2024.05.08	00:55:25.368	0.97707	0.97707			6
2024.05.08	00:55:25.399	0.97708	0.97708			6
2024.05.08	00:55:25.430	0.97705	0.97705			6
2024.05.08	00:55:25.492	0.97712	0.97712			6
2024.05.08	00:55:25.553	0.97711	0.97711			6
2024.05.08	00:55:25.583	0.97712	0.97712			6
2024.05.08	00:55:25.612	0.97713	0.97713			6
2024.05.08	00:55:25.662	0.97712	0.97712			6
2024.05.08	00:55:25.692	0.97713	0.97713			6
2024.05.08	00:55:25.722	0.97711	0.97711			6
2024.05.08	00:55:25.752	0.97712	0.97712			6
2024.05.08	00:55:25.783	0.97713	0.97713			6
2024.05.08	00:55:25.813	0.97712	0.97712			6
2024.05.08	00:55:25.842	0.97713	0.97713			6
2024.05.08	00:55:25.903	0.97712	0.97712			6
2024.05.08	00:55:25.933	0.97713	0.97713			6
2024.05.08	00:55:26.042	0.97711	0.97711			6
2024.05.08	00:55:26.071	0.97713	0.97713			6
2024.05.08	00:55:26.131	0.97714	0.97714			6
2024.05.08	00:55:26.192	0.97712	0.97712			6
2024.05.08	00:55:26.222	0.97713	0.97713			6
2024.05.08	00:55:26.251	0.97712	0.97712			6
2024.05.08	00:55:26.281	0.97713	0.97713			6
2024.05.08	00:55:26.311	0.97712	0.97712			6
2024.05.08	00:55:26.372	0.97713	0.97713			6
2024.05.08	00:55:26.951	0.97711	0.97711			6
2024.05.08	00:55:26.981	0.97710	0.97710			6
2024.05.08	00:55:27.041	0.97713	0.97713			6
2024.05.08	00:55:30.421	0.97711	0.97711			6
2024.05.08	00:55:35.994	0.97712	0.97712			6
2024.05.08	00:55:36.055	0.97711	0.97711			6
2024.05.08	00:55:41.003	0.97712	0.97712			6
2024.05.08	00:55:41.289	0.97711	0.97711			6
2024.05.08	00:55:55.566	0.97709	0.97709			6
2024.05.08	00:55:55.595	0.97710	0.97710			6
2024.05.08	00:55:55.654	0.97712	0.97712			6
2024.05.08	00:55:55.685	0.97710	0.97710			6
2024.05.08	00:55:55.716	0.97711	0.97711			6
2024.05.08	00:55:56.494	0.97712	0.97712			6
2024.05.08	00:55:57.318	0.97711	0.97711			6
2024.05.08	00:56:01.278	0.97710	0.97710			6
2024.05.08	00:56:11.326	0.97708	0.97708			6
2024.05.08	00:56:11.638	0.97710	0.97710			6
2024.05.08	00:56:11.731	0.97711	0.97711			6
2024.05.08	00:56:26.739	0.97712	0.97712			6
2024.05.08	00:56:26.770	0.97713	0.97713			6
2024.05.08	00:56:26.799	0.97711	0.97711			6
2024.05.08	00:56:26.859	0.97713	0.97713			6
2024.05.08	00:56:26.904	0.97712	0.97712			6
2024.05.08	00:56:26.933	0.97713	0.97713			6
2024.05.08	00:56:27.087	0.97711	0.97711			6
2024.05.08	00:56:27.182	0.97713	0.97713			6
2024.05.08	00:56:27.212	0.97714	0.97714			6
2024.05.08	00:56:27.244	0.97713	0.97713			6
2024.05.08	00:56:27.333	0.97712	0.97712			6
2024.05.08	00:56:27.364	0.97713	0.97713			6
2024.05.08	00:56:27.394	0.97711	0.97711			6
2024.05.08	00:56:27.454	0.97710	0.97710			6
2024.05.08	00:56:27.486	0.97713	0.97713			6
2024.05.08	00:56:32.051	0.97714	0.97714			6
2024.05.08	00:56:32.112	0.97713	0.97713			6
2024.05.08	00:56:32.171	0.97712	0.97712			6
2024.05.08	00:56:32.201	0.97713	0.97713			6
2024.05.08	00:56:32.231	0.97711	0.97711			6
2024.05.08	00:56:32.260	0.97710	0.97710			6
2024.05.08	00:56:32.290	0.97711	0.97711			6
2024.05.08	00:56:32.321	0.97713	0.97713			6
2024.05.08	00:56:32.381	0.97712	0.97712			6
2024.05.08	00:56:32.411	0.97710	0.97710			6
2024.05.08	00:56:32.441	0.97713	0.97713			6
2024.05.08	00:56:32.539	0.97711	0.97711			6
2024.05.08	00:56:32.569	0.97713	0.97713			6
2024.05.08	00:56:32.761	0.97712	0.97712			6
2024.05.08	00:56:32.790	0.97713	0.97713			6
2024.05.08	00:56:32.820	0.97712	0.97712			6
2024.05.08	00:56:32.850	0.97711	0.97711			6
2024.05.08	00:56:32.919	0.97713	0.97713			6
2024.05.08	00:56:33.133	0.97711	0.97711			6
2024.05.08	00:56:35.686	0.97710	0.97710			6
2024.05.08	00:56:35.746	0.97711	0.97711			6
2024.05.08	00:56:35.776	0.97712	0.97712			6
2024.05.08	00:56:35.897	0.97711	0.97711			6
2024.05.08	00:56:42.196	0.97712	0.97712			6
2024.05.08	00:56:42.492	0.97711	0.97711			6
2024.05.08	00:56:44.097	0.97710	0.97710			6
2024.05.08	00:56:44.372	0.97711	0.97711			6
2024.05.08	00:56:46.859	0.97712	0.97712			6
2024.05.08	00:56:46.979	0.97711	0.97711			6
2024.05.08	00:56:47.069	0.97712	0.97712			6
2024.05.08	00:56:48.520	0.97711	0.97711			6
2024.05.08	00:56:48.760	0.97712	0.97712			6
2024.05.08	00:56:52.111	0.97710	0.97710			6
2024.05.08	00:56:52.172	0.97711	0.97711			6
2024.05.08	00:56:52.234	0.97712	0.97712			6
2024.05.08	00:56:52.295	0.97711	0.97711			6
2024.05.08	00:56:52.325	0.97710	0.97710			6
2024.05.08	00:56:52.409	0.97712	0.97712			6
2024.05.08	00:57:00.070	0.97713	0.97713			6
2024.05.08	00:57:00.350	0.97712	0.97712			6
2024.05.08	00:57:05.078	0.97711	0.97711			6
2024.05.08	00:57:05.109	0.97710	0.97710			6
2024.05.08	00:57:05.206	0.97713	0.97713			6
2024.05.08	00:57:05.418	0.97714	0.97714			6
2024.05.08	00:57:05.449	0.97713	0.97713			6
2024.05.08	00:57:05.569	0.97712	0.97712			6
2024.05.08	00:57:06.180	0.97711	0.97711			6
2024.05.08	00:57:06.507	0.97709	0.97709			6
2024.05.08	00:57:07.311	0.97710	0.97710			6
2024.05.08	00:57:07.462	0.97709	0.97709			6
2024.05.08	00:57:07.795	0.97710	0.97710			6
2024.05.08	00:57:09.086	0.97709	0.97709			6
2024.05.08	00:57:09.175	0.97710	0.97710			6
2024.05.08	00:57:09.236	0.97713	0.97713			6
2024.05.08	00:57:09.336	0.97714	0.97714			6
2024.05.08	00:57:09.403	0.97713	0.97713			6
2024.05.08	00:57:16.151	0.97712	0.97712			6
2024.05.08	00:57:16.211	0.97714	0.97714			6
2024.05.08	00:57:16.241	0.97712	0.97712			6
2024.05.08	00:57:16.300	0.97713	0.97713			6
2024.05.08	00:57:19.086	0.97714	0.97714			6
2024.05.08	00:57:22.035	0.97713	0.97713			6
2024.05.08	00:57:22.120	0.97712	0.97712			6
2024.05.08	00:57:22.150	0.97713	0.97713			6
2024.05.08	00:57:22.181	0.97714	0.97714			6
2024.05.08	00:57:22.240	0.97713	0.97713			6
2024.05.08	00:57:22.300	0.97712	0.97712			6
2024.05.08	00:57:24.244	0.97710	0.97710			6
2024.05.08	00:57:26.012	0.97712	0.97712			6
2024.05.08	00:57:26.043	0.97714	0.97714			6
2024.05.08	00:57:26.403	0.97712	0.97712			6
2024.05.08	00:57:26.493	0.97714	0.97714			6
2024.05.08	00:57:26.612	0.97713	0.97713			6
2024.05.08	00:57:26.706	0.97714	0.97714			6
2024.05.08	00:57:26.919	0.97713	0.97713			6
2024.05.08	00:57:27.004	0.97712	0.97712			6
2024.05.08	00:57:29.527	0.97711	0.97711			6
2024.05.08	00:57:29.647	0.97712	0.97712			6
2024.05.08	00:57:31.536	0.97713	0.97713			6
2024.05.08	00:57:31.566	0.97712	0.97712			6
2024.05.08	00:57:31.667	0.97710	0.97710			6
2024.05.08	00:57:31.748	0.97712	0.97712			6
2024.05.08	00:57:31.936	0.97711	0.97711			6
2024.05.08	00:57:36.204	0.97712	0.97712			6
2024.05.08	00:57:36.295	0.97714	0.97714			6
2024.05.08	00:57:40.986	0.97712	0.97712			6
2024.05.08	00:57:44.495	0.97713	0.97713			6
2024.05.08	00:57:46.674	0.97712	0.97712			6
2024.05.08	00:57:46.744	0.97713	0.97713			6
2024.05.08	00:57:47.296	0.97712	0.97712			6
2024.05.08	00:57:51.907	0.97711	0.97711			6
2024.05.08	00:57:56.259	0.97710	0.97710			6
2024.05.08	00:57:58.156	0.97711	0.97711			6
2024.05.08	00:58:01.798	0.97710	0.97710			6
2024.05.08	00:58:02.136	0.97711	0.97711			6
2024.05.08	00:58:02.562	0.97710	0.97710			6
2024.05.08	00:58:03.079	0.97709	0.97709			6
2024.05.08	00:58:03.110	0.97710	0.97710			6
2024.05.08	00:58:03.168	0.97711	0.97711			6
2024.05.08	00:58:03.199	0.97712	0.97712			6
2024.05.08	00:58:05.151	0.97713	0.97713			6
2024.05.08	00:58:05.216	0.97712	0.97712			6
2024.05.08	00:58:05.334	0.97711	0.97711			6
2024.05.08	00:58:05.395	0.97712	0.97712			6
2024.05.08	00:58:05.424	0.97713	0.97713			6
2024.05.08	00:58:05.574	0.97712	0.97712			6
2024.05.08	00:58:05.635	0.97710	0.97710			6
2024.05.08	00:58:05.701	0.97711	0.97711			6
2024.05.08	00:58:05.940	0.97710	0.97710			6
2024.05.08	00:58:06.765	0.97709	0.97709			6
2024.05.08	00:58:07.792	0.97710	0.97710			6
2024.05.08	00:58:08.077	0.97709	0.97709			6
2024.05.08	00:58:09.164	0.97710	0.97710			6
2024.05.08	00:58:09.275	0.97711	0.97711			6
2024.05.08	00:58:09.304	0.97712	0.97712			6
2024.05.08	00:58:09.468	0.97713	0.97713			6
2024.05.08	00:58:09.562	0.97712	0.97712			6
2024.05.08	00:58:09.787	0.97710	0.97710			6
2024.05.08	00:58:09.852	0.97709	0.97709			6
2024.05.08	00:58:09.881	0.97711	0.97711			6
2024.05.08	00:58:10.194	0.97713	0.97713			6
2024.05.08	00:58:10.498	0.97712	0.97712			6
2024.05.08	00:58:10.528	0.97713	0.97713			6
2024.05.08	00:58:10.559	0.97712	0.97712			6
2024.05.08	00:58:10.881	0.97711	0.97711			6
2024.05.08	00:58:13.455	0.97710	0.97710			6
2024.05.08	00:58:16.795	0.97711	0.97711			6
2024.05.08	00:58:16.824	0.97712	0.97712			6
2024.05.08	00:58:17.056	0.97713	0.97713			6
2024.05.08	00:58:20.093	0.97712	0.97712			6
2024.05.08	00:58:23.244	0.97711	0.97711			6
2024.05.08	00:58:23.353	0.97714	0.97714			6
2024.05.08	00:58:24.445	0.97712	0.97712			6
2024.05.08	00:58:24.475	0.97709	0.97709			6
2024.05.08	00:58:27.230	0.97708	0.97708			6
2024.05.08	00:58:27.261	0.97709	0.97709			6
2024.05.08	00:58:27.322	0.97708	0.97708			6
2024.05.08	00:58:27.474	0.97706	0.97706			6
2024.05.08	00:58:27.505	0.97707	0.97707			6
2024.05.08	00:58:27.818	0.97708	0.97708			6
2024.05.08	00:58:27.849	0.97707	0.97707			6
2024.05.08	00:58:28.988	0.97705	0.97705			6
2024.05.08	00:58:29.865	0.97707	0.97707			6
2024.05.08	00:58:29.894	0.97708	0.97708			6
2024.05.08	00:58:29.925	0.97711	0.97711			6
2024.05.08	00:58:29.985	0.97715	0.97715			6
2024.05.08	00:58:30.075	0.97714	0.97714			6
2024.05.08	00:58:30.104	0.97712	0.97712			6
2024.05.08	00:58:30.135	0.97714	0.97714			6
2024.05.08	00:58:30.165	0.97715	0.97715			6
2024.05.08	00:58:31.065	0.97716	0.97716			6
2024.05.08	00:58:31.224	0.97715	0.97715			6
2024.05.08	00:58:31.285	0.97716	0.97716			6
2024.05.08	00:58:31.315	0.97714	0.97714			6
2024.05.08	00:58:31.375	0.97715	0.97715			6
2024.05.08	00:58:31.768	0.97716	0.97716			6
2024.05.08	00:58:31.859	0.97717	0.97717			6
2024.05.08	00:58:32.297	0.97718	0.97718			6
2024.05.08	00:58:32.327	0.97717	0.97717			6
2024.05.08	00:58:32.357	0.97718	0.97718			6
2024.05.08	00:58:32.417	0.97719	0.97719			6
2024.05.08	00:58:32.502	0.97718	0.97718			6
2024.05.08	00:58:32.533	0.97717	0.97717			6
2024.05.08	00:58:32.593	0.97718	0.97718			6
2024.05.08	00:58:32.916	0.97717	0.97717			6
2024.05.08	00:58:33.010	0.97718	0.97718			6
2024.05.08	00:58:33.307	0.97717	0.97717			6
2024.05.08	00:58:33.721	0.97716	0.97716			6
2024.05.08	00:58:33.751	0.97717	0.97717			6
2024.05.08	00:58:33.781	0.97718	0.97718			6
2024.05.08	00:58:34.867	0.97719	0.97719			6
2024.05.08	00:58:34.927	0.97722	0.97722			6
2024.05.08	00:58:35.138	0.97720	0.97720			6
2024.05.08	00:58:35.229	0.97719	0.97719			6
2024.05.08	00:58:35.589	0.97718	0.97718			6
2024.05.08	00:58:37.615	0.97721	0.97721			6
2024.05.08	00:58:37.646	0.97720	0.97720			6
2024.05.08	00:58:37.676	0.97721	0.97721			6
2024.05.08	00:58:37.705	0.97722	0.97722			6
2024.05.08	00:58:37.983	0.97719	0.97719			6
2024.05.08	00:58:38.044	0.97718	0.97718			6
2024.05.08	00:58:41.099	0.97721	0.97721			6
2024.05.08	00:58:41.189	0.97724	0.97724			6
2024.05.08	00:58:41.218	0.97725	0.97725			6
2024.05.08	00:58:41.403	0.97723	0.97723			6
2024.05.08	00:58:41.493	0.97724	0.97724			6
2024.05.08	00:58:41.523	0.97723	0.97723			6
2024.05.08	00:58:41.553	0.97724	0.97724			6
2024.05.08	00:58:41.763	0.97723	0.97723			6
2024.05.08	00:58:42.201	0.97722	0.97722			6
2024.05.08	00:58:44.926	0.97723	0.97723			6
2024.05.08	00:58:44.956	0.97720	0.97720			6
2024.05.08	00:58:45.048	0.97719	0.97719			6
2024.05.08	00:58:45.078	0.97720	0.97720			6
2024.05.08	00:58:45.108	0.97719	0.97719			6
2024.05.08	00:58:45.349	0.97718	0.97718			6
2024.05.08	00:58:47.354	0.97717	0.97717			6
2024.05.08	00:58:48.070	0.97715	0.97715			6
2024.05.08	00:58:48.099	0.97707	0.97707			6
2024.05.08	00:58:48.136	0.97706	0.97706			6
2024.05.08	00:58:48.166	0.97705	0.97705			6
2024.05.08	00:58:48.464	0.97707	0.97707			6
2024.05.08	00:58:49.204	0.97708	0.97708			6
2024.05.08	00:58:50.434	0.97715	0.97715			6
2024.05.08	00:58:50.495	0.97717	0.97717			6
2024.05.08	00:58:50.524	0.97713	0.97713			6
2024.05.08	00:58:50.554	0.97714	0.97714			6
2024.05.08	00:58:50.584	0.97717	0.97717			6
2024.05.08	00:58:52.420	0.97718	0.97718			6
2024.05.08	00:58:56.107	0.97717	0.97717			6
2024.05.08	00:58:57.853	0.97719	0.97719			6
2024.05.08	00:58:58.073	0.97717	0.97717			6
2024.05.08	00:58:58.140	0.97716	0.97716			6
2024.05.08	00:59:00.073	0.97714	0.97714			6
2024.05.08	00:59:00.103	0.97713	0.97713			6
2024.05.08	00:59:00.133	0.97714	0.97714			6
2024.05.08	00:59:00.365	0.97713	0.97713			6
2024.05.08	00:59:00.461	0.97714	0.97714			6
2024.05.08	00:59:00.550	0.97713	0.97713			6
2024.05.08	00:59:00.732	0.97715	0.97715			6
2024.05.08	00:59:00.792	0.97713	0.97713			6
2024.05.08	00:59:08.025	0.97716	0.97716			6
2024.05.08	00:59:08.056	0.97718	0.97718			6
2024.05.08	00:59:08.146	0.97715	0.97715			6
2024.05.08	00:59:08.206	0.97714	0.97714			6
2024.05.08	00:59:08.272	0.97712	0.97712			6
2024.05.08	00:59:08.513	0.97713	0.97713			6
2024.05.08	00:59:08.817	0.97712	0.97712			6
2024.05.08	00:59:09.163	0.97714	0.97714			6
2024.05.08	00:59:09.194	0.97713	0.97713			6
2024.05.08	00:59:09.224	0.97714	0.97714			6
2024.05.08	00:59:09.256	0.97715	0.97715			6
2024.05.08	00:59:09.592	0.97713	0.97713			6
2024.05.08	00:59:11.765	0.97714	0.97714			6
2024.05.08	00:59:11.833	0.97715	0.97715			6
2024.05.08	00:59:11.894	0.97714	0.97714			6
2024.05.08	00:59:11.955	0.97715	0.97715			6
2024.05.08	00:59:12.014	0.97714	0.97714			6
2024.05.08	00:59:12.417	0.97715	0.97715			6
2024.05.08	00:59:14.281	0.97713	0.97713			6
2024.05.08	00:59:14.402	0.97712	0.97712			6
2024.05.08	00:59:14.493	0.97713	0.97713			6
2024.05.08	00:59:14.673	0.97711	0.97711			6
2024.05.08	00:59:14.703	0.97712	0.97712			6
2024.05.08	00:59:14.733	0.97713	0.97713			6
2024.05.08	00:59:14.763	0.97714	0.97714			6
2024.05.08	00:59:14.875	0.97715	0.97715			6
2024.05.08	00:59:15.155	0.97713	0.97713			6
2024.05.08	00:59:15.185	0.97712	0.97712			6
2024.05.08	00:59:15.276	0.97714	0.97714			6
2024.05.08	00:59:15.560	0.97715	0.97715			6
2024.05.08	00:59:15.760	0.97713	0.97713			6
2024.05.08	00:59:15.790	0.97712	0.97712			6
2024.05.08	00:59:15.854	0.97714	0.97714			6
2024.05.08	00:59:16.054	0.97713	0.97713			6
2024.05.08	00:59:18.195	0.97714	0.97714			6
2024.05.08	00:59:18.285	0.97715	0.97715			6
2024.05.08	00:59:18.448	0.97716	0.97716			6
2024.05.08	00:59:18.508	0.97715	0.97715			6
2024.05.08	00:59:18.537	0.97714	0.97714			6
2024.05.08	00:59:18.568	0.97713	0.97713			6
2024.05.08	00:59:18.636	0.97715	0.97715			6
2024.05.08	00:59:19.534	0.97714	0.97714			6
2024.05.08	00:59:19.593	0.97713	0.97713			6
2024.05.08	00:59:19.634	0.97712	0.97712			6
2024.05.08	00:59:19.693	0.97713	0.97713			6
2024.05.08	00:59:25.268	0.97714	0.97714			6
2024.05.08	00:59:25.306	0.97713	0.97713			6
2024.05.08	00:59:25.336	0.97712	0.97712			6
2024.05.08	00:59:25.383	0.97713	0.97713			6
2024.05.08	00:59:25.414	0.97714	0.97714			6
2024.05.08	00:59:28.439	0.97713	0.97713			6
2024.05.08	00:59:28.470	0.97714	0.97714			6
2024.05.08	00:59:28.563	0.97715	0.97715			6
2024.05.08	00:59:28.623	0.97713	0.97713			6
2024.05.08	00:59:28.653	0.97714	0.97714			6
2024.05.08	00:59:28.786	0.97715	0.97715			6
2024.05.08	00:59:28.871	0.97714	0.97714			6
2024.05.08	00:59:28.900	0.97713	0.97713			6
2024.05.08	00:59:28.960	0.97715	0.97715			6
2024.05.08	00:59:29.101	0.97714	0.97714			6
2024.05.08	00:59:29.163	0.97713	0.97713			6
2024.05.08	00:59:29.194	0.97715	0.97715			6
2024.05.08	00:59:29.304	0.97713	0.97713			6
2024.05.08	00:59:29.418	0.97712	0.97712			6
2024.05.08	00:59:29.478	0.97714	0.97714			6
2024.05.08	00:59:29.569	0.97715	0.97715			6
2024.05.08	00:59:29.889	0.97714	0.97714			6
2024.05.08	00:59:29.920	0.97715	0.97715			6
2024.05.08	00:59:30.133	0.97714	0.97714			6
2024.05.08	00:59:30.242	0.97713	0.97713			6
2024.05.08	00:59:30.320	0.97712	0.97712			6
2024.05.08	00:59:30.755	0.97713	0.97713			6
2024.05.08	00:59:34.895	0.97714	0.97714			6
2024.05.08	00:59:34.924	0.97715	0.97715			6
2024.05.08	00:59:35.139	0.97714	0.97714			6
2024.05.08	00:59:35.232	0.97713	0.97713			6
2024.05.08	00:59:35.321	0.97712	0.97712			6
2024.05.08	00:59:35.382	0.97713	0.97713			6
2024.05.08	00:59:38.204	0.97715	0.97715			6
2024.05.08	00:59:38.293	0.97714	0.97714			6
2024.05.08	00:59:38.322	0.97712	0.97712			6
2024.05.08	00:59:38.384	0.97713	0.97713			6
2024.05.08	00:59:38.414	0.97714	0.97714			6
2024.05.08	00:59:38.444	0.97713	0.97713			6
2024.05.08	00:59:38.565	0.97714	0.97714			6
2024.05.08	00:59:38.595	0.97715	0.97715			6
2024.05.08	00:59:39.075	0.97714	0.97714			6
2024.05.08	00:59:41.169	0.97715	0.97715			6
2024.05.08	00:59:41.199	0.97714	0.97714			6
2024.05.08	00:59:42.176	0.97715	0.97715			6
2024.05.08	00:59:42.295	0.97714	0.97714			6
2024.05.08	00:59:42.352	0.97713	0.97713			6
2024.05.08	00:59:42.382	0.97714	0.97714			6
2024.05.08	00:59:42.412	0.97715	0.97715			6
2024.05.08	00:59:42.664	0.97714	0.97714			6
2024.05.08	00:59:43.519	0.97715	0.97715			6
2024.05.08	00:59:43.945	0.97714	0.97714			6
2024.05.08	00:59:45.652	0.97715	0.97715			6
2024.05.08	00:59:46.042	0.97714	0.97714			6
2024.05.08	00:59:46.380	0.97713	0.97713			6
2024.05.08	00:59:46.457	0.97715	0.97715			6
2024.05.08	00:59:46.711	0.97713	0.97713			6
2024.05.08	00:59:48.844	0.97714	0.97714			6
2024.05.08	00:59:48.875	0.97713	0.97713			6
2024.05.08	00:59:48.964	0.97714	0.97714			6
2024.05.08	00:59:53.588	0.97713	0.97713			6
2024.05.08	00:59:53.619	0.97712	0.97712			6
2024.05.08	00:59:53.659	0.97713	0.97713			6
2024.05.08	00:59:53.689	0.97714	0.97714			6
2024.05.08	00:59:54.048	0.97713	0.97713			6
2024.05.08	00:59:54.077	0.97712	0.97712			6
2024.05.08	00:59:54.137	0.97714	0.97714			6
2024.05.08	00:59:54.356	0.97715	0.97715			6
2024.05.08	00:59:54.417	0.97714	0.97714			6
2024.05.08	00:59:54.477	0.97713	0.97713			6
2024.05.08	00:59:54.538	0.97714	0.97714			6
2024.05.08	00:59:54.759	0.97715	0.97715			6
2024.05.08	00:59:54.849	0.97713	0.97713			6
2024.05.08	00:59:55.157	0.97714	0.97714			6
2024.05.08	00:59:59.059	0.97713	0.97713			6
2024.05.08	00:59:59.148	0.97714	0.97714			6
2024.05.08	00:59:59.764	0.97715	0.97715			6
2024.05.08	00:59:59.825	0.97714	0.97714			6
2024.05.08	00:59:59.854	0.97713	0.97713			6
2024.05.08	00:59:59.914	0.97714	0.97714			6
2024.05.08	00:59:59.974	0.97713	0.97713			6
2024.05.08	01:00:00.036	0.97714	0.97714			6
2024.05.08	01:00:00.096	0.97715	0.97715			6
2024.05.08	01:00:00.184	0.97716	0.97716			6
2024.05.08	01:00:00.214	0.97712	0.97712			6
2024.05.08	01:00:00.634	0.97710	0.97710			6
2024.05.08	01:00:00.664	0.97705	0.97705			6
2024.05.08	01:00:00.694	0.97704	0.97704			6
2024.05.08	01:00:00.785	0.97706	0.97706			6
2024.05.08	01:00:00.818	0.97707	0.97707			6
2024.05.08	01:00:01.294	0.97705	0.97705			6
2024.05.08	01:00:01.324	0.97704	0.97704			6
2024.05.08	01:00:01.383	0.97702	0.97702			6
2024.05.08	01:00:01.504	0.97700	0.97700			6
2024.05.08	01:00:01.535	0.97698	0.97698			6
2024.05.08	01:00:01.775	0.97697	0.97697			6
2024.05.08	01:00:01.805	0.97698	0.97698			6
2024.05.08	01:00:02.075	0.97700	0.97700			6
2024.05.08	01:00:02.136	0.97703	0.97703			6
2024.05.08	01:00:03.955	0.97702	0.97702			6
2024.05.08	01:00:04.136	0.97701	0.97701			6
2024.05.08	01:00:04.836	0.97700	0.97700			6
2024.05.08	01:00:09.795	0.97699	0.97699			6
2024.05.08	01:00:09.854	0.97698	0.97698			6
2024.05.08	01:00:10.266	0.97697	0.97697			6
2024.05.08	01:00:10.476	0.97695	0.97695			6
2024.05.08	01:00:10.596	0.97686	0.97686			6
2024.05.08	01:00:10.626	0.97688	0.97688			6
2024.05.08	01:00:10.687	0.97686	0.97686			6
2024.05.08	01:00:10.716	0.97688	0.97688			6
2024.05.08	01:00:10.956	0.97687	0.97687			6
2024.05.08	01:00:11.318	0.97685	0.97685			6
2024.05.08	01:00:11.409	0.97684	0.97684			6
2024.05.08	01:00:11.739	0.97682	0.97682			6
2024.05.08	01:00:11.769	0.97683	0.97683			6
2024.05.08	01:00:11.859	0.97677	0.97677			6
2024.05.08	01:00:12.129	0.97678	0.97678			6
2024.05.08	01:00:12.788	0.97683	0.97683			6
2024.05.08	01:00:12.847	0.97681	0.97681			6
2024.05.08	01:00:13.237	0.97683	0.97683			6
2024.05.08	01:00:13.267	0.97681	0.97681			6
2024.05.08	01:00:13.492	0.97683	0.97683			6
2024.05.08	01:00:15.753	0.97684	0.97684			6
2024.05.08	01:00:15.904	0.97686	0.97686			6
2024.05.08	01:00:16.261	0.97684	0.97684			6
2024.05.08	01:00:17.623	0.97686	0.97686			6
2024.05.08	01:00:17.833	0.97688	0.97688			6
2024.05.08	01:00:17.863	0.97687	0.97687			6
2024.05.08	01:00:20.540	0.97686	0.97686			6
2024.05.08	01:00:25.764	0.97687	0.97687			6
2024.05.08	01:00:26.269	0.97688	0.97688			6
2024.05.08	01:00:26.301	0.97686	0.97686			6
2024.05.08	01:00:26.332	0.97688	0.97688			6
2024.05.08	01:00:26.361	0.97689	0.97689			6
2024.05.08	01:00:26.858	0.97690	0.97690			6
2024.05.08	01:00:33.065	0.97689	0.97689			6
2024.05.08	01:00:33.276	0.97690	0.97690			6
2024.05.08	01:00:33.335	0.97691	0.97691			6
2024.05.08	01:00:33.365	0.97692	0.97692			6
2024.05.08	01:00:33.395	0.97691	0.97691			6
2024.05.08	01:00:33.424	0.97692	0.97692			6
2024.05.08	01:00:33.455	0.97691	0.97691			6
2024.05.08	01:00:33.485	0.97692	0.97692			6
2024.05.08	01:00:33.515	0.97691	0.97691			6
2024.05.08	01:00:37.470	0.97693	0.97693			6
2024.05.08	01:00:37.529	0.97694	0.97694			6
2024.05.08	01:00:39.125	0.97691	0.97691			6
2024.05.08	01:00:39.459	0.97692	0.97692			6
2024.05.08	01:00:39.488	0.97691	0.97691			6
2024.05.08	01:00:42.124	0.97692	0.97692			6
2024.05.08	01:01:04.216	0.97693	0.97693			6
2024.05.08	01:01:31.848	0.97694	0.97694			6
2024.05.08	01:01:57.135	0.97693	0.97693			6
2024.05.08	01:01:59.402	0.97694	0.97694			6
2024.05.08	01:02:01.269	0.97687	0.97687			6
2024.05.08	01:02:06.264	0.97688	0.97688			6
2024.05.08	01:02:07.434	0.97689	0.97689			6
2024.05.08	01:02:08.464	0.97688	0.97688			6
2024.05.08	01:02:08.525	0.97687	0.97687			6
2024.05.08	01:02:08.766	0.97688	0.97688			6
2024.05.08	01:02:21.525	0.97687	0.97687			6
2024.05.08	01:02:22.263	0.97688	0.97688			6
2024.05.08	01:02:32.659	0.97689	0.97689			6
2024.05.08	01:02:39.219	0.97691	0.97691			6
2024.05.08	01:02:48.834	0.97690	0.97690			6
2024.05.08	01:02:50.320	0.97692	0.97692			6
2024.05.08	01:02:51.201	0.97691	0.97691			6
2024.05.08	01:02:52.581	0.97689	0.97689			6
2024.05.08	01:03:03.706	0.97690	0.97690			6
2024.05.08	01:03:04.304	0.97691	0.97691			6
2024.05.08	01:03:08.533	0.97690	0.97690			6
2024.05.08	01:03:17.329	0.97689	0.97689			6
2024.05.08	01:03:19.120	0.97690	0.97690			6
2024.05.08	01:03:54.819	0.97691	0.97691			6
2024.05.08	01:03:55.737	0.97693	0.97693			6
2024.05.08	01:03:56.323	0.97691	0.97691			6
2024.05.08	01:04:04.181	0.97693	0.97693			6
2024.05.08	01:04:04.682	0.97692	0.97692			6
2024.05.08	01:04:06.020	0.97693	0.97693			6
2024.05.08	01:04:06.193	0.97694	0.97694			6
2024.05.08	01:04:06.357	0.97696	0.97696			6
2024.05.08	01:04:07.189	0.97695	0.97695			6
2024.05.08	01:04:07.306	0.97696	0.97696			6
2024.05.08	01:04:07.738	0.97697	0.97697			6
2024.05.08	01:04:22.888	0.97698	0.97698			6
2024.05.08	01:04:23.129	0.97697	0.97697			6
2024.05.08	01:04:23.623	0.97698	0.97698			6
2024.05.08	01:04:23.943	0.97699	0.97699			6
2024.05.08	01:04:24.234	0.97700	0.97700			6
2024.05.08	01:04:28.534	0.97701	0.97701			6
2024.05.08	01:04:29.193	0.97700	0.97700			6
2024.05.08	01:04:30.216	0.97701	0.97701			6
2024.05.08	01:04:32.905	0.97700	0.97700			6
2024.05.08	01:04:38.634	0.97701	0.97701			6
2024.05.08	01:04:48.826	0.97702	0.97702			6
2024.05.08	01:04:50.019	0.97701	0.97701			6
2024.05.08	01:04:57.452	0.97700	0.97700			6
2024.05.08	01:04:58.402	0.97701	0.97701			6
2024.05.08	01:05:04.236	0.97702	0.97702			6
2024.05.08	01:05:04.718	0.97700	0.97700			6
2024.05.08	01:05:41.654	0.97699	0.97699			6
2024.05.08	01:05:51.236	0.97698	0.97698			6
2024.05.08	01:05:51.666	0.97699	0.97699			6
2024.05.08	01:05:52.987	0.97700	0.97700			6
2024.05.08	01:05:56.434	0.97701	0.97701			6
2024.05.08	01:05:56.494	0.97700	0.97700			6
2024.05.08	01:06:06.370	0.97698	0.97698			6
2024.05.08	01:06:06.639	0.97700	0.97700			6
2024.05.08	01:06:06.790	0.97696	0.97696			6
2024.05.08	01:06:06.821	0.97695	0.97695			6
2024.05.08	01:06:06.850	0.97694	0.97694			6
2024.05.08	01:06:07.233	0.97693	0.97693			6
2024.05.08	01:06:07.433	0.97694	0.97694			6
2024.05.08	01:06:17.524	0.97693	0.97693			6
2024.05.08	01:06:23.961	0.97694	0.97694			6
2024.05.08	01:06:24.218	0.97696	0.97696			6
2024.05.08	01:06:24.534	0.97695	0.97695			6
2024.05.08	01:06:28.961	0.97696	0.97696			6
2024.05.08	01:06:29.630	0.97695	0.97695			6
2024.05.08	01:06:35.503	0.97694	0.97694			6
2024.05.08	01:07:00.547	0.97695	0.97695			6
2024.05.08	01:07:03.693	0.97696	0.97696			6
2024.05.08	01:07:03.959	0.97697	0.97697			6
2024.05.08	01:07:04.568	0.97698	0.97698			6
2024.05.08	01:07:04.920	0.97697	0.97697			6
2024.05.08	01:07:04.979	0.97698	0.97698			6
2024.05.08	01:07:16.502	0.97697	0.97697			6
2024.05.08	01:07:16.532	0.97698	0.97698			6
2024.05.08	01:07:24.461	0.97697	0.97697			6
2024.05.08	01:07:25.417	0.97698	0.97698			6
2024.05.08	01:07:27.202	0.97697	0.97697			6
2024.05.08	01:07:30.059	0.97698	0.97698			6
2024.05.08	01:07:32.162	0.97697	0.97697			6
2024.05.08	01:07:33.293	0.97698	0.97698			6
2024.05.08	01:07:33.812	0.97697	0.97697			6
2024.05.08	01:07:38.016	0.97696	0.97696			6
2024.05.08	01:07:39.684	0.97695	0.97695			6
2024.05.08	01:07:47.367	0.97696	0.97696			6
2024.05.08	01:08:29.887	0.97696				2
2024.05.08	01:08:38.021	0.97695	0.97695			6
2024.05.08	01:08:40.587	0.97697	0.97697			6
2024.05.08	01:08:41.551	0.97698	0.97698			6
2024.05.08	01:08:44.004	0.97697	0.97697			6
2024.05.08	01:08:44.995	0.97698	0.97698			6
2024.05.08	01:08:45.392	0.97697	0.97697			6
2024.05.08	01:08:47.919	0.97699	0.97699			6
2024.05.08	01:08:47.950	0.97702	0.97702			6
2024.05.08	01:08:48.040	0.97701	0.97701			6
2024.05.08	01:08:48.099	0.97698	0.97698			6
2024.05.08	01:08:48.130	0.97696	0.97696			6
2024.05.08	01:08:48.516	0.97697	0.97697			6
2024.05.08	01:08:49.640	0.97696	0.97696			6
2024.05.08	01:08:50.553	0.97697	0.97697			6
2024.05.08	01:09:00.143	0.97698	0.97698			6
2024.05.08	01:09:44.016	0.97697	0.97697			6
2024.05.08	01:09:47.031	0.97698	0.97698			6
2024.05.08	01:09:49.986	0.97697	0.97697			6
2024.05.08	01:09:52.579	0.97698	0.97698			6
2024.05.08	01:10:04.737	0.97698				2
2024.05.08	01:10:09.792	0.97699	0.97699			6
2024.05.08	01:10:14.200	0.97698	0.97698			6
2024.05.08	01:10:21.831	0.97699	0.97699			6
2024.05.08	01:10:24.020	0.97698	0.97698			6
2024.05.08	01:10:30.515	0.97699	0.97699			6
2024.05.08	01:10:30.801	0.97701	0.97701			6
2024.05.08	01:10:31.065	0.97699	0.97699			6
2024.05.08	01:10:31.337	0.97696	0.97696			6
2024.05.08	01:10:31.367	0.97691	0.97691			6
2024.05.08	01:10:32.261	0.97690	0.97690			6
2024.05.08	01:10:32.291	0.97688	0.97688			6
2024.05.08	01:10:32.683	0.97690	0.97690			6
2024.05.08	01:10:34.926	0.97689	0.97689			6
2024.05.08	01:10:39.646	0.97690	0.97690			6
2024.05.08	01:10:45.812	0.97688	0.97688			6
2024.05.08	01:10:45.841	0.97687	0.97687			6
2024.05.08	01:10:46.660	0.97686	0.97686			6
2024.05.08	01:10:46.721	0.97687	0.97687			6
2024.05.08	01:10:52.491	0.97686	0.97686			6
2024.05.08	01:10:52.701	0.97691	0.97691			6
2024.05.08	01:10:53.063	0.97690	0.97690			6
2024.05.08	01:10:53.332	0.97689	0.97689			6
2024.05.08	01:10:54.436	0.97690	0.97690			6
2024.05.08	01:10:54.738	0.97691	0.97691			6
2024.05.08	01:10:55.083	0.97690	0.97690			6
2024.05.08	01:10:56.011	0.97691	0.97691			6
2024.05.08	01:10:59.192	0.97690	0.97690			6
2024.05.08	01:12:06.432	0.97691	0.97691			6
2024.05.08	01:12:06.914	0.97692	0.97692			6
2024.05.08	01:12:14.954	0.97693	0.97693			6
2024.05.08	01:12:15.073	0.97694	0.97694			6
2024.05.08	01:12:15.525	0.97695	0.97695			6
2024.05.08	01:12:24.932	0.97694	0.97694			6
2024.05.08	01:12:27.877	0.97695	0.97695			6
2024.05.08	01:12:29.613	0.97694	0.97694			6
2024.05.08	01:12:31.711	0.97695	0.97695			6
2024.05.08	01:12:33.231	0.97694	0.97694			6
2024.05.08	01:12:33.543	0.97695	0.97695			6
2024.05.08	01:12:40.166	0.97694	0.97694			6
2024.05.08	01:12:40.285	0.97692	0.97692			6
2024.05.08	01:12:40.347	0.97693	0.97693			6
2024.05.08	01:12:40.893	0.97694	0.97694			6
2024.05.08	01:12:44.332	0.97695	0.97695			6
2024.05.08	01:12:53.537	0.97694	0.97694			6
2024.05.08	01:12:54.503	0.97695	0.97695			6
2024.05.08	01:12:56.914	0.97694	0.97694			6
2024.05.08	01:13:00.062	0.97695	0.97695			6
2024.05.08	01:13:13.238	0.97694	0.97694			6
2024.05.08	01:13:21.263	0.97693	0.97693			6
2024.05.08	01:13:27.121	0.97694	0.97694			6
2024.05.08	01:13:27.151	0.97693	0.97693			6
2024.05.08	01:13:47.649	0.97694	0.97694			6
2024.05.08	01:13:47.960	0.97695	0.97695			6
2024.05.08	01:13:53.452	0.97694	0.97694			6
2024.05.08	01:13:57.089	0.97695	0.97695			6
2024.05.08	01:14:13.846	0.97695				2
2024.05.08	01:14:16.833	0.97694	0.97694			6
2024.05.08	01:14:41.113	0.97695	0.97695			6
2024.05.08	01:15:02.199	0.97695				2
2024.05.08	01:15:03.233	0.97696	0.97696			6
2024.05.08	01:15:18.348	0.97698	0.97698			6
2024.05.08	01:15:18.378	0.97700	0.97700			6
2024.05.08	01:15:18.409	0.97701	0.97701			6
2024.05.08	01:15:18.439	0.97700	0.97700			6
2024.05.08	01:15:18.558	0.97702	0.97702			6
2024.05.08	01:15:18.696	0.97701	0.97701			6
2024.05.08	01:15:25.000	0.97702	0.97702			6
2024.05.08	01:15:27.663	0.97701	0.97701			6
2024.05.08	01:15:40.791	0.97700	0.97700			6
2024.05.08	01:15:40.993	0.97702	0.97702			6
2024.05.08	01:15:41.053	0.97703	0.97703			6
2024.05.08	01:15:41.115	0.97702	0.97702			6
2024.05.08	01:15:41.236	0.97701	0.97701			6
2024.05.08	01:15:46.706	0.97702	0.97702			6
2024.05.08	01:15:55.732	0.97701	0.97701			6
2024.05.08	01:15:59.038	0.97695	0.97695			6
2024.05.08	01:15:59.067	0.97694	0.97694			6
2024.05.08	01:15:59.097	0.97693	0.97693			6
2024.05.08	01:15:59.156	0.97692	0.97692			6
2024.05.08	01:15:59.308	0.97693	0.97693			6
2024.05.08	01:16:00.543	0.97693				2
2024.05.08	01:16:03.562	0.97694	0.97694			6
2024.05.08	01:16:03.623	0.97695	0.97695			6
2024.05.08	01:16:03.653	0.97696	0.97696			6
2024.05.08	01:16:03.787	0.97697	0.97697			6
2024.05.08	01:16:08.723	0.97695	0.97695			6
2024.05.08	01:16:08.923	0.97696	0.97696			6
2024.05.08	01:16:10.104	0.97695	0.97695			6
2024.05.08	01:16:11.277	0.97696	0.97696			6
2024.05.08	01:16:15.169	0.97695	0.97695			6
2024.05.08	01:16:15.459	0.97696	0.97696			6
2024.05.08	01:16:21.160	0.97697	0.97697			6
2024.05.08	01:16:21.370	0.97696	0.97696			6
2024.05.08	01:16:29.593	0.97695	0.97695			6
2024.05.08	01:16:30.500	0.97696	0.97696			6
2024.05.08	01:16:34.753	0.97695	0.97695			6
2024.05.08	01:16:41.532	0.97694	0.97694			6
2024.05.08	01:16:41.887	0.97695	0.97695			6
2024.05.08	01:16:45.496	0.97694	0.97694			6
2024.05.08	01:16:45.992	0.97695	0.97695			6
2024.05.08	01:16:56.374	0.97696	0.97696			6
2024.05.08	01:16:59.604	0.97695	0.97695			6
2024.05.08	01:17:00.665	0.97696	0.97696			6
2024.05.08	01:17:01.700	0.97695	0.97695			6
2024.05.08	01:17:03.532	0.97696	0.97696			6
2024.05.08	01:17:03.819	0.97700	0.97700			6
2024.05.08	01:17:06.901	0.97701	0.97701			6
2024.05.08	01:17:10.961	0.97702	0.97702			6
2024.05.08	01:17:11.806	0.97703	0.97703			6
2024.05.08	01:17:12.712	0.97704	0.97704			6
2024.05.08	01:17:12.802	0.97706	0.97706			6
2024.05.08	01:17:12.862	0.97702	0.97702			6
2024.05.08	01:17:12.892	0.97698	0.97698			6
2024.05.08	01:17:12.953	0.97699	0.97699			6
2024.05.08	01:17:12.983	0.97698	0.97698			6
2024.05.08	01:17:13.291	0.97700	0.97700			6
2024.05.08	01:17:16.099	0.97701	0.97701			6
2024.05.08	01:17:19.182	0.97700	0.97700			6
2024.05.08	01:17:29.310	0.97701	0.97701			6
2024.05.08	01:17:42.217	0.97700	0.97700			6
2024.05.08	01:18:00.239	0.97700				2
2024.05.08	01:18:25.604	0.97699	0.97699			6
2024.05.08	01:18:29.260	0.97700	0.97700			6
2024.05.08	01:18:30.253	0.97699	0.97699			6
2024.05.08	01:18:35.873	0.97700	0.97700			6
2024.05.08	01:19:02.860	0.97699	0.97699			6
2024.05.08	01:19:04.971	0.97700	0.97700			6
2024.05.08	01:19:06.061	0.97699	0.97699			6
2024.05.08	01:19:06.861	0.97700	0.97700			6
2024.05.08	01:19:29.092	0.97701	0.97701			6
2024.05.08	01:19:35.198	0.97700	0.97700			6
2024.05.08	01:19:37.270	0.97701	0.97701			6
2024.05.08	01:19:43.511	0.97700	0.97700			6
2024.05.08	01:19:44.665	0.97701	0.97701			6
2024.05.08	01:19:45.602	0.97700	0.97700			6
2024.05.08	01:19:50.901	0.97701	0.97701			6
2024.05.08	01:19:51.791	0.97700	0.97700			6
2024.05.08	01:19:55.034	0.97701	0.97701			6
2024.05.08	01:19:55.939	0.97700	0.97700			6
2024.05.08	01:19:56.559	0.97705	0.97705			6
2024.05.08	01:19:57.626	0.97704	0.97704			6
2024.05.08	01:19:58.786	0.97705	0.97705			6
2024.05.08	01:19:59.189	0.97707	0.97707			6
2024.05.08	01:19:59.835	0.97708	0.97708			6
2024.05.08	01:20:00.153	0.97705	0.97705			6
2024.05.08	01:20:00.182	0.97703	0.97703			6
2024.05.08	01:20:00.459	0.97704	0.97704			6
2024.05.08	01:20:09.206	0.97703	0.97703			6
2024.05.08	01:20:12.428	0.97704	0.97704			6
2024.05.08	01:20:14.000	0.97703	0.97703			6
2024.05.08	01:20:19.561	0.97704	0.97704			6
2024.05.08	01:20:24.032	0.97703	0.97703			6
2024.05.08	01:20:24.681	0.97704	0.97704			6
2024.05.08	01:20:29.492	0.97706	0.97706			6
2024.05.08	01:20:32.164	0.97705	0.97705			6
2024.05.08	01:20:35.253	0.97706	0.97706			6
2024.05.08	01:20:36.302	0.97705	0.97705			6
2024.05.08	01:20:37.268	0.97706	0.97706			6
2024.05.08	01:20:39.556	0.97705	0.97705			6
2024.05.08	01:20:45.521	0.97706	0.97706			6
2024.05.08	01:20:50.601	0.97707	0.97707			6
2024.05.08	01:20:53.899	0.97706	0.97706			6
2024.05.08	01:20:58.980	0.97705	0.97705			6
2024.05.08	01:21:00.650	0.97702	0.97702			6
2024.05.08	01:21:00.680	0.97700	0.97700			6
2024.05.08	01:21:00.741	0.97699	0.97699			6
2024.05.08	01:21:01.046	0.97700	0.97700			6
2024.05.08	01:21:01.108	0.97699	0.97699			6
2024.05.08	01:21:10.401	0.97700	0.97700			6
2024.05.08	01:21:13.101	0.97699	0.97699			6
2024.05.08	01:21:20.485	0.97700	0.97700			6
2024.05.08	01:21:42.013	0.97699	0.97699			6
2024.05.08	01:21:46.420	0.97700	0.97700			6
2024.05.08	01:21:46.846	0.97699	0.97699			6
2024.05.08	01:21:57.790	0.97700	0.97700			6
2024.05.08	01:21:58.097	0.97699	0.97699			6
2024.05.08	01:22:10.084	0.97700	0.97700			6
2024.05.08	01:22:21.680	0.97701	0.97701			6
2024.05.08	01:22:23.633	0.97700	0.97700			6
2024.05.08	01:22:24.816	0.97701	0.97701			6
2024.05.08	01:22:26.675	0.97700	0.97700			6
2024.05.08	01:22:42.518	0.97701	0.97701			6
2024.05.08	01:22:42.901	0.97700	0.97700			6
2024.05.08	01:22:45.017	0.97699	0.97699			6
2024.05.08	01:22:46.415	0.97698	0.97698			6
2024.05.08	01:22:52.262	0.97699	0.97699			6
2024.05.08	01:22:56.783	0.97700	0.97700			6
2024.05.08	01:22:57.825	0.97699	0.97699			6
2024.05.08	01:23:10.255	0.97699				2
2024.05.08	01:23:10.374	0.97700	0.97700			6
2024.05.08	01:24:17.444	0.97700	0.97700			6
2024.05.08	01:24:37.479	0.97701	0.97701			6
2024.05.08	01:24:37.508	0.97702	0.97702			6
2024.05.08	01:24:38.506	0.97701	0.97701			6
2024.05.08	01:24:38.674	0.97702	0.97702			6
2024.05.08	01:24:39.498	0.97701	0.97701			6
2024.05.08	01:24:39.645	0.97702	0.97702			6
2024.05.08	01:24:40.564	0.97701	0.97701			6
2024.05.08	01:24:40.745	0.97702	0.97702			6
2024.05.08	01:24:41.569	0.97701	0.97701			6
2024.05.08	01:24:42.387	0.97700	0.97700			6
2024.05.08	01:24:43.942	0.97701	0.97701			6
2024.05.08	01:24:43.972	0.97700	0.97700			6
2024.05.08	01:24:44.111	0.97701	0.97701			6
2024.05.08	01:24:44.289	0.97700	0.97700			6
2024.05.08	01:24:45.199	0.97701	0.97701			6
2024.05.08	01:24:45.476	0.97700	0.97700			6
2024.05.08	01:24:50.136	0.97701	0.97701			6
2024.05.08	01:24:50.511	0.97700	0.97700			6
2024.05.08	01:24:51.186	0.97701	0.97701			6
2024.05.08	01:24:51.544	0.97700	0.97700			6
2024.05.08	01:24:51.698	0.97701	0.97701			6
2024.05.08	01:24:52.246	0.97700	0.97700			6
2024.05.08	01:25:05.832	0.97701	0.97701			6
2024.05.08	01:25:06.201	0.97700	0.97700			6
2024.05.08	01:25:06.883	0.97701	0.97701			6
2024.05.08	01:25:07.229	0.97700	0.97700			6
2024.05.08	01:25:07.396	0.97701	0.97701			6
2024.05.08	01:25:07.988	0.97702	0.97702			6
2024.05.08	01:25:08.272	0.97700	0.97700			6
2024.05.08	01:25:08.927	0.97701	0.97701			6
2024.05.08	01:25:09.829	0.97700	0.97700			6
2024.05.08	01:25:17.232	0.97701	0.97701			6
2024.05.08	01:25:17.905	0.97700	0.97700			6
2024.05.08	01:25:18.166	0.97701	0.97701			6
2024.05.08	01:25:18.404	0.97702	0.97702			6
2024.05.08	01:25:18.434	0.97700	0.97700			6
2024.05.08	01:25:22.768	0.97702	0.97702			6
2024.05.08	01:25:24.285	0.97703	0.97703			6
2024.05.08	01:25:25.489	0.97700	0.97700			6
2024.05.08	01:25:25.760	0.97702	0.97702			6
2024.05.08	01:25:26.576	0.97700	0.97700			6
2024.05.08	01:25:26.686	0.97702	0.97702			6
2024.05.08	01:25:27.604	0.97700	0.97700			6
2024.05.08	01:25:28.053	0.97702	0.97702			6
2024.05.08	01:25:28.473	0.97701	0.97701			6
2024.05.08	01:25:28.502	0.97702	0.97702			6
2024.05.08	01:25:28.531	0.97701	0.97701			6
2024.05.08	01:25:28.978	0.97702	0.97702			6
2024.05.08	01:25:30.824	0.97701	0.97701			6
2024.05.08	01:25:31.449	0.97702	0.97702			6
2024.05.08	01:25:31.718	0.97701	0.97701			6
2024.05.08	01:25:32.640	0.97702	0.97702			6
2024.05.08	01:25:32.670	0.97700	0.97700			6
2024.05.08	01:25:32.789	0.97702	0.97702			6
2024.05.08	01:25:33.681	0.97700	0.97700			6
2024.05.08	01:25:33.819	0.97702	0.97702			6
2024.05.08	01:25:34.689	0.97700	0.97700			6
2024.05.08	01:25:34.852	0.97702	0.97702			6
2024.05.08	01:25:35.776	0.97700	0.97700			6
2024.05.08	01:25:35.896	0.97702	0.97702			6
2024.05.08	01:25:36.789	0.97700	0.97700			6
2024.05.08	01:25:36.907	0.97701	0.97701			6
2024.05.08	01:25:37.151	0.97702	0.97702			6
2024.05.08	01:25:39.231	0.97701	0.97701			6
2024.05.08	01:25:39.856	0.97702	0.97702			6
2024.05.08	01:25:39.887	0.97700	0.97700			6
2024.05.08	01:25:40.026	0.97702	0.97702			6
2024.05.08	01:25:40.885	0.97700	0.97700			6
2024.05.08	01:25:41.058	0.97702	0.97702			6
2024.05.08	01:25:41.985	0.97701	0.97701			6
2024.05.08	01:25:42.331	0.97702	0.97702			6
2024.05.08	01:25:43.021	0.97700	0.97700			6
2024.05.08	01:25:43.159	0.97702	0.97702			6
2024.05.08	01:25:44.013	0.97700	0.97700			6
2024.05.08	01:25:44.185	0.97702	0.97702			6
2024.05.08	01:25:45.076	0.97700	0.97700			6
2024.05.08	01:25:45.230	0.97702	0.97702			6
2024.05.08	01:25:46.109	0.97700	0.97700			6
2024.05.08	01:25:46.244	0.97702	0.97702			6
2024.05.08	01:25:47.091	0.97701	0.97701			6
2024.05.08	01:25:47.390	0.97702	0.97702			6
2024.05.08	01:25:48.118	0.97701	0.97701			6
2024.05.08	01:25:48.417	0.97702	0.97702			6
2024.05.08	01:25:49.171	0.97701	0.97701			6
2024.05.08	01:25:49.459	0.97702	0.97702			6
2024.05.08	01:25:50.191	0.97701	0.97701			6
2024.05.08	01:25:50.516	0.97702	0.97702			6
2024.05.08	01:25:50.939	0.97700	0.97700			6
2024.05.08	01:25:51.090	0.97702	0.97702			6
2024.05.08	01:25:51.390	0.97701	0.97701			6
2024.05.08	01:25:51.952	0.97700	0.97700			6
2024.05.08	01:26:11.567	0.97702	0.97702			6
2024.05.08	01:26:12.360	0.97700	0.97700			6
2024.05.08	01:26:12.600	0.97701	0.97701			6
2024.05.08	01:26:13.430	0.97700	0.97700			6
2024.05.08	01:26:39.521	0.97701	0.97701			6
2024.05.08	01:26:39.730	0.97700	0.97700			6
2024.05.08	01:26:40.383	0.97701	0.97701			6
2024.05.08	01:26:40.636	0.97700	0.97700			6
2024.05.08	01:26:42.615	0.97701	0.97701			6
2024.05.08	01:26:43.603	0.97700	0.97700			6
2024.05.08	01:28:23.227	0.97702	0.97702			6
2024.05.08	01:28:23.970	0.97703	0.97703			6
2024.05.08	01:28:24.090	0.97702	0.97702			6
2024.05.08	01:28:24.121	0.97701	0.97701			6
2024.05.08	01:28:24.180	0.97696	0.97696			6
2024.05.08	01:28:24.211	0.97698	0.97698			6
2024.05.08	01:28:24.300	0.97697	0.97697			6
2024.05.08	01:28:24.421	0.97698	0.97698			6
2024.05.08	01:28:25.313	0.97696	0.97696			6
2024.05.08	01:28:25.501	0.97698	0.97698			6
2024.05.08	01:28:26.343	0.97697	0.97697			6
2024.05.08	01:28:26.724	0.97698	0.97698			6
2024.05.08	01:28:27.382	0.97697	0.97697			6
2024.05.08	01:28:28.188	0.97698	0.97698			6
2024.05.08	01:28:28.474	0.97696	0.97696			6
2024.05.08	01:28:28.636	0.97698	0.97698			6
2024.05.08	01:28:29.445	0.97697	0.97697			6
2024.05.08	01:28:29.839	0.97698	0.97698			6
2024.05.08	01:28:30.514	0.97696	0.97696			6
2024.05.08	01:28:30.682	0.97698	0.97698			6
2024.05.08	01:28:31.539	0.97696	0.97696			6
2024.05.08	01:28:31.654	0.97698	0.97698			6
2024.05.08	01:28:32.563	0.97696	0.97696			6
2024.05.08	01:28:32.691	0.97698	0.97698			6
2024.05.08	01:28:33.370	0.97699	0.97699			6
2024.05.08	01:28:33.612	0.97697	0.97697			6
2024.05.08	01:28:33.789	0.97699	0.97699			6
2024.05.08	01:28:34.666	0.97697	0.97697			6
2024.05.08	01:28:34.832	0.97699	0.97699			6
2024.05.08	01:28:35.700	0.97697	0.97697			6
2024.05.08	01:28:35.821	0.97699	0.97699			6
2024.05.08	01:28:36.737	0.97697	0.97697			6
2024.05.08	01:28:36.827	0.97699	0.97699			6
2024.05.08	01:28:37.761	0.97696	0.97696			6
2024.05.08	01:28:37.942	0.97699	0.97699			6
2024.05.08	01:28:38.824	0.97697	0.97697			6
2024.05.08	01:28:38.964	0.97699	0.97699			6
2024.05.08	01:28:39.844	0.97697	0.97697			6
2024.05.08	01:28:39.965	0.97699	0.97699			6
2024.05.08	01:28:40.869	0.97697	0.97697			6
2024.05.08	01:28:41.049	0.97699	0.97699			6
2024.05.08	01:28:41.915	0.97697	0.97697			6
2024.05.08	01:28:42.095	0.97699	0.97699			6
2024.05.08	01:28:42.155	0.97698	0.97698			6
2024.05.08	01:28:42.954	0.97696	0.97696			6
2024.05.08	01:28:43.130	0.97698	0.97698			6
2024.05.08	01:28:44.016	0.97696	0.97696			6
2024.05.08	01:28:44.168	0.97698	0.97698			6
2024.05.08	01:28:45.000	0.97696	0.97696			6
2024.05.08	01:28:45.120	0.97698	0.97698			6
2024.05.08	01:28:46.061	0.97696	0.97696			6
2024.05.08	01:28:46.212	0.97699	0.97699			6
2024.05.08	01:28:47.084	0.97698	0.97698			6
2024.05.08	01:28:48.039	0.97697	0.97697			6
2024.05.08	01:28:48.069	0.97696	0.97696			6
2024.05.08	01:28:48.373	0.97698	0.97698			6
2024.05.08	01:28:49.315	0.97697	0.97697			6
2024.05.08	01:28:49.375	0.97696	0.97696			6
2024.05.08	01:28:49.405	0.97698	0.97698			6
2024.05.08	01:28:50.340	0.97697	0.97697			6
2024.05.08	01:28:50.494	0.97698	0.97698			6
2024.05.08	01:28:51.812	0.97699	0.97699			6
2024.05.08	01:28:52.364	0.97698	0.97698			6
2024.05.08	01:28:53.397	0.97697	0.97697			6
2024.05.08	01:28:53.545	0.97698	0.97698			6
2024.05.08	01:28:53.884	0.97699	0.97699			6
2024.05.08	01:28:54.461	0.97698	0.97698			6
2024.05.08	01:28:56.374	0.97699	0.97699			6
2024.05.08	01:28:56.524	0.97697	0.97697			6
2024.05.08	01:28:56.716	0.97700	0.97700			6
2024.05.08	01:28:57.515	0.97698	0.97698			6
2024.05.08	01:28:57.544	0.97697	0.97697			6
2024.05.08	01:28:57.748	0.97698	0.97698			6
2024.05.08	01:28:58.774	0.97700	0.97700			6
2024.05.08	01:28:59.345	0.97698	0.97698			6
2024.05.08	01:29:00.660	0.97697	0.97697			6
2024.05.08	01:29:00.812	0.97698	0.97698			6
2024.05.08	01:29:05.068	0.97699	0.97699			6
2024.05.08	01:29:05.732	0.97698	0.97698			6
2024.05.08	01:29:05.958	0.97699	0.97699			6
2024.05.08	01:29:06.773	0.97700	0.97700			6
2024.05.08	01:29:06.803	0.97698	0.97698			6
2024.05.08	01:29:07.905	0.97697	0.97697			6
2024.05.08	01:29:08.044	0.97699	0.97699			6
2024.05.08	01:29:08.451	0.97698	0.97698			6
2024.05.08	01:29:09.008	0.97697	0.97697			6
2024.05.08	01:29:09.078	0.97698	0.97698			6
2024.05.08	01:29:09.385	0.97699	0.97699			6
2024.05.08	01:29:10.093	0.97700	0.97700			6
2024.05.08	01:29:10.928	0.97699	0.97699			6
2024.05.08	01:29:10.960	0.97698	0.97698			6
2024.05.08	01:29:11.021	0.97697	0.97697			6
2024.05.08	01:29:11.050	0.97698	0.97698			6
2024.05.08	01:29:11.140	0.97700	0.97700			6
2024.05.08	01:29:12.026	0.97699	0.97699			6
2024.05.08	01:29:12.131	0.97700	0.97700			6
2024.05.08	01:29:13.063	0.97699	0.97699			6
2024.05.08	01:29:13.191	0.97700	0.97700			6
2024.05.08	01:29:14.025	0.97698	0.97698			6
2024.05.08	01:29:14.184	0.97697	0.97697			6
2024.05.08	01:29:14.244	0.97700	0.97700			6
2024.05.08	01:29:15.076	0.97698	0.97698			6
2024.05.08	01:29:15.199	0.97697	0.97697			6
2024.05.08	01:29:15.269	0.97700	0.97700			6
2024.05.08	01:29:16.093	0.97698	0.97698			6
2024.05.08	01:29:16.173	0.97697	0.97697			6
2024.05.08	01:29:16.298	0.97699	0.97699			6
2024.05.08	01:29:17.089	0.97698	0.97698			6
2024.05.08	01:29:17.359	0.97699	0.97699			6
2024.05.08	01:29:17.554	0.97698	0.97698			6
2024.05.08	01:29:19.216	0.97700	0.97700			6
2024.05.08	01:29:19.246	0.97697	0.97697			6
2024.05.08	01:29:19.275	0.97698	0.97698			6
2024.05.08	01:29:19.415	0.97700	0.97700			6
2024.05.08	01:29:19.730	0.97698	0.97698			6
2024.05.08	01:29:23.444	0.97697	0.97697			6
2024.05.08	01:29:23.564	0.97699	0.97699			6
2024.05.08	01:29:24.404	0.97698	0.97698			6
2024.05.08	01:29:24.586	0.97700	0.97700			6
2024.05.08	01:29:25.485	0.97699	0.97699			6
2024.05.08	01:29:25.573	0.97700	0.97700			6
2024.05.08	01:29:26.197	0.97699	0.97699			6
2024.05.08	01:29:26.472	0.97698	0.97698			6
2024.05.08	01:29:26.503	0.97697	0.97697			6
2024.05.08	01:29:26.676	0.97699	0.97699			6
2024.05.08	01:29:27.490	0.97698	0.97698			6
2024.05.08	01:29:27.520	0.97697	0.97697			6
2024.05.08	01:29:27.710	0.97699	0.97699			6
2024.05.08	01:29:28.015	0.97698	0.97698			6
2024.05.08	01:29:28.622	0.97696	0.97696			6
2024.05.08	01:29:28.746	0.97699	0.97699			6
2024.05.08	01:29:29.555	0.97698	0.97698			6
2024.05.08	01:29:29.737	0.97697	0.97697			6
2024.05.08	01:29:29.767	0.97699	0.97699			6
2024.05.08	01:29:30.215	0.97698	0.97698			6
2024.05.08	01:29:30.631	0.97696	0.97696			6
2024.05.08	01:29:30.824	0.97699	0.97699			6
2024.05.08	01:29:31.107	0.97698	0.97698			6
2024.05.08	01:29:31.843	0.97699	0.97699			6
2024.05.08	01:29:32.684	0.97697	0.97697			6
2024.05.08	01:29:32.894	0.97699	0.97699			6
2024.05.08	01:29:33.230	0.97698	0.97698			6
2024.05.08	01:29:33.716	0.97697	0.97697			6
2024.05.08	01:29:33.928	0.97699	0.97699			6
2024.05.08	01:29:34.580	0.97698	0.97698			6
2024.05.08	01:29:34.769	0.97697	0.97697			6
2024.05.08	01:29:34.830	0.97696	0.97696			6
2024.05.08	01:29:34.963	0.97699	0.97699			6
2024.05.08	01:29:35.961	0.97697	0.97697			6
2024.05.08	01:29:35.991	0.97699	0.97699			6
2024.05.08	01:29:36.797	0.97698	0.97698			6
2024.05.08	01:29:36.828	0.97697	0.97697			6
2024.05.08	01:29:37.029	0.97699	0.97699			6
2024.05.08	01:29:37.882	0.97697	0.97697			6
2024.05.08	01:29:38.144	0.97699	0.97699			6
2024.05.08	01:29:38.891	0.97697	0.97697			6
2024.05.08	01:29:39.160	0.97699	0.97699			6
2024.05.08	01:29:39.897	0.97698	0.97698			6
2024.05.08	01:29:40.144	0.97699	0.97699			6
2024.05.08	01:29:40.911	0.97698	0.97698			6
2024.05.08	01:29:42.198	0.97699	0.97699			6
2024.05.08	01:29:42.946	0.97698	0.97698			6
2024.05.08	01:29:43.076	0.97697	0.97697			6
2024.05.08	01:29:43.241	0.97699	0.97699			6
2024.05.08	01:29:44.090	0.97698	0.97698			6
2024.05.08	01:29:44.300	0.97699	0.97699			6
2024.05.08	01:29:45.129	0.97698	0.97698			6
2024.05.08	01:29:45.318	0.97699	0.97699			6
2024.05.08	01:29:46.134	0.97698	0.97698			6
2024.05.08	01:29:46.429	0.97699	0.97699			6
2024.05.08	01:29:47.259	0.97697	0.97697			6
2024.05.08	01:29:47.360	0.97699	0.97699			6
2024.05.08	01:29:48.229	0.97697	0.97697			6
2024.05.08	01:29:48.435	0.97699	0.97699			6
2024.05.08	01:29:48.761	0.97698	0.97698			6
2024.05.08	01:29:49.430	0.97699	0.97699			6
2024.05.08	01:29:50.303	0.97698	0.97698			6
2024.05.08	01:29:50.836	0.97699	0.97699			6
2024.05.08	01:29:51.344	0.97697	0.97697			6
2024.05.08	01:29:51.489	0.97699	0.97699			6
2024.05.08	01:29:52.346	0.97697	0.97697			6
2024.05.08	01:29:52.376	0.97698	0.97698			6
2024.05.08	01:29:52.765	0.97699	0.97699			6
2024.05.08	01:29:53.489	0.97698	0.97698			6
2024.05.08	01:29:53.578	0.97699	0.97699			6
2024.05.08	01:29:56.534	0.97697	0.97697			6
2024.05.08	01:29:56.693	0.97699	0.97699			6
2024.05.08	01:29:57.565	0.97697	0.97697			6
2024.05.08	01:29:57.728	0.97699	0.97699			6
2024.05.08	01:30:01.049	0.97697	0.97697			6
2024.05.08	01:30:01.199	0.97700	0.97700			6
2024.05.08	01:30:01.953	0.97699	0.97699			6
2024.05.08	01:30:02.106	0.97698	0.97698			6
2024.05.08	01:30:02.165	0.97699	0.97699			6
2024.05.08	01:30:02.870	0.97698	0.97698			6
2024.05.08	01:30:02.963	0.97697	0.97697			6
2024.05.08	01:30:02.993	0.97698	0.97698			6
2024.05.08	01:30:03.153	0.97699	0.97699			6
2024.05.08	01:30:03.473	0.97698	0.97698			6
2024.05.08	01:30:03.891	0.97699	0.97699			6
2024.05.08	01:30:04.016	0.97698	0.97698			6
2024.05.08	01:30:04.196	0.97699	0.97699			6
2024.05.08	01:30:04.961	0.97698	0.97698			6
2024.05.08	01:30:05.051	0.97697	0.97697			6
2024.05.08	01:30:05.083	0.97698	0.97698			6
2024.05.08	01:30:05.207	0.97697	0.97697			6
2024.05.08	01:30:05.237	0.97698	0.97698			6
2024.05.08	01:30:07.785	0.97699	0.97699			6
2024.05.08	01:30:08.129	0.97698	0.97698			6
2024.05.08	01:30:08.345	0.97700	0.97700			6
2024.05.08	01:30:09.163	0.97699	0.97699			6
2024.05.08	01:30:09.367	0.97700	0.97700			6
2024.05.08	01:30:10.150	0.97701	0.97701			6
2024.05.08	01:30:10.210	0.97698	0.97698			6
2024.05.08	01:30:10.422	0.97701	0.97701			6
2024.05.08	01:30:11.237	0.97700	0.97700			6
2024.05.08	01:30:11.268	0.97699	0.97699			6
2024.05.08	01:30:11.430	0.97700	0.97700			6
2024.05.08	01:30:12.153	0.97701	0.97701			6
2024.05.08	01:30:12.303	0.97699	0.97699			6
2024.05.08	01:30:12.459	0.97700	0.97700			6
2024.05.08	01:30:13.312	0.97699	0.97699			6
2024.05.08	01:30:13.488	0.97700	0.97700			6
2024.05.08	01:30:14.368	0.97699	0.97699			6
2024.05.08	01:30:14.398	0.97697	0.97697			6
2024.05.08	01:30:14.567	0.97700	0.97700			6
2024.05.08	01:30:15.405	0.97699	0.97699			6
2024.05.08	01:30:15.557	0.97700	0.97700			6
2024.05.08	01:30:16.400	0.97697	0.97697			6
2024.05.08	01:30:16.686	0.97698	0.97698			6
2024.05.08	01:30:16.749	0.97700	0.97700			6
2024.05.08	01:30:17.428	0.97699	0.97699			6
2024.05.08	01:30:17.656	0.97698	0.97698			6
2024.05.08	01:30:17.854	0.97700	0.97700			6
2024.05.08	01:30:18.460	0.97698	0.97698			6
2024.05.08	01:30:18.865	0.97700	0.97700			6
2024.05.08	01:30:19.481	0.97699	0.97699			6
2024.05.08	01:30:19.715	0.97698	0.97698			6
2024.05.08	01:30:19.914	0.97700	0.97700			6
2024.05.08	01:30:20.515	0.97699	0.97699			6
2024.05.08	01:30:20.769	0.97698	0.97698			6
2024.05.08	01:30:20.944	0.97700	0.97700			6
2024.05.08	01:30:21.571	0.97698	0.97698			6
2024.05.08	01:30:22.745	0.97700	0.97700			6
2024.05.08	01:30:23.024	0.97698	0.97698			6
2024.05.08	01:30:24.058	0.97700	0.97700			6
2024.05.08	01:30:24.684	0.97698	0.97698			6
2024.05.08	01:30:25.083	0.97700	0.97700			6
2024.05.08	01:30:25.650	0.97698	0.97698			6
2024.05.08	01:30:25.715	0.97697	0.97697			6
2024.05.08	01:30:25.830	0.97698	0.97698			6
2024.05.08	01:30:26.737	0.97697	0.97697			6
2024.05.08	01:30:26.881	0.97700	0.97700			6
2024.05.08	01:30:27.798	0.97698	0.97698			6
2024.05.08	01:30:28.824	0.97697	0.97697			6
2024.05.08	01:30:28.954	0.97700	0.97700			6
2024.05.08	01:30:29.230	0.97698	0.97698			6
2024.05.08	01:30:29.859	0.97697	0.97697			6
2024.05.08	01:30:29.991	0.97698	0.97698			6
2024.05.08	01:30:30.284	0.97700	0.97700			6
2024.05.08	01:30:30.759	0.97698	0.97698			6
2024.05.08	01:30:30.897	0.97697	0.97697			6
2024.05.08	01:30:31.029	0.97700	0.97700			6
2024.05.08	01:30:31.149	0.97697	0.97697			6
2024.05.08	01:30:31.384	0.97699	0.97699			6
2024.05.08	01:30:32.140	0.97700	0.97700			6
2024.05.08	01:30:33.213	0.97699	0.97699			6
2024.05.08	01:30:33.242	0.97698	0.97698			6
2024.05.08	01:30:33.439	0.97700	0.97700			6
2024.05.08	01:30:35.044	0.97698	0.97698			6
2024.05.08	01:30:35.458	0.97700	0.97700			6
2024.05.08	01:30:36.289	0.97699	0.97699			6
2024.05.08	01:30:36.467	0.97698	0.97698			6
2024.05.08	01:30:36.498	0.97700	0.97700			6
2024.05.08	01:30:37.331	0.97699	0.97699			6
2024.05.08	01:30:37.361	0.97700	0.97700			6
2024.05.08	01:30:37.486	0.97698	0.97698			6
2024.05.08	01:30:37.516	0.97700	0.97700			6
2024.05.08	01:30:38.025	0.97701	0.97701			6
2024.05.08	01:30:38.444	0.97698	0.97698			6
2024.05.08	01:30:39.044	0.97697	0.97697			6
2024.05.08	01:31:00.151	0.97698	0.97698			6
2024.05.08	01:31:01.269	0.97699	0.97699			6
2024.05.08	01:31:02.361	0.97698	0.97698			6
2024.05.08	01:31:03.261	0.97699	0.97699			6
2024.05.08	01:31:06.091	0.97698	0.97698			6
2024.05.08	01:31:11.339	0.97699	0.97699			6
2024.05.08	01:31:12.461	0.97698	0.97698			6
2024.05.08	01:31:14.000	0.97697	0.97697			6
2024.05.08	01:31:15.229	0.97698	0.97698			6
2024.05.08	01:31:29.930	0.97697	0.97697			6
2024.05.08	01:31:44.099	0.97698	0.97698			6
2024.05.08	01:31:53.129	0.97697	0.97697			6
2024.05.08	01:31:54.299	0.97698	0.97698			6
2024.05.08	01:31:55.766	0.97697	0.97697			6
2024.05.08	01:32:00.542	0.97698	0.97698			6
2024.05.08	01:32:00.919	0.97699	0.97699			6
2024.05.08	01:32:01.704	0.97700	0.97700			6
2024.05.08	01:32:01.854	0.97702	0.97702			6
2024.05.08	01:32:01.915	0.97698	0.97698			6
2024.05.08	01:32:12.989	0.97696	0.97696			6
2024.05.08	01:32:13.049	0.97695	0.97695			6
2024.05.08	01:32:13.109	0.97696	0.97696			6
2024.05.08	01:32:13.629	0.97695	0.97695			6
2024.05.08	01:32:14.190	0.97697	0.97697			6
2024.05.08	01:32:14.645	0.97696	0.97696			6
2024.05.08	01:32:15.692	0.97695	0.97695			6
2024.05.08	01:32:16.253	0.97697	0.97697			6
2024.05.08	01:32:17.759	0.97695	0.97695			6
2024.05.08	01:32:18.769	0.97696	0.97696			6
2024.05.08	01:32:18.829	0.97695	0.97695			6
2024.05.08	01:32:18.921	0.97696	0.97696			6
2024.05.08	01:32:19.826	0.97695	0.97695			6
2024.05.08	01:32:20.019	0.97696	0.97696			6
2024.05.08	01:32:20.352	0.97695	0.97695			6
2024.05.08	01:32:22.417	0.97696	0.97696			6
2024.05.08	01:32:22.446	0.97695	0.97695			6
2024.05.08	01:32:22.571	0.97696	0.97696			6
2024.05.08	01:32:22.827	0.97697	0.97697			6
2024.05.08	01:32:23.456	0.97695	0.97695			6
2024.05.08	01:32:24.627	0.97696	0.97696			6
2024.05.08	01:32:25.527	0.97695	0.97695			6
2024.05.08	01:32:25.659	0.97696	0.97696			6
2024.05.08	01:32:25.721	0.97697	0.97697			6
2024.05.08	01:32:27.598	0.97695	0.97695			6
2024.05.08	01:32:27.801	0.97696	0.97696			6
2024.05.08	01:32:28.613	0.97695	0.97695			6
2024.05.08	01:32:28.752	0.97696	0.97696			6
2024.05.08	01:32:29.676	0.97695	0.97695			6
2024.05.08	01:32:29.831	0.97696	0.97696			6
2024.05.08	01:32:30.702	0.97695	0.97695			6
2024.05.08	01:32:30.813	0.97696	0.97696			6
2024.05.08	01:32:31.698	0.97697	0.97697			6
2024.05.08	01:32:31.760	0.97695	0.97695			6
2024.05.08	01:32:31.931	0.97697	0.97697			6
2024.05.08	01:32:32.764	0.97695	0.97695			6
2024.05.08	01:32:32.900	0.97697	0.97697			6
2024.05.08	01:32:33.519	0.97695	0.97695			6
2024.05.08	01:32:33.913	0.97697	0.97697			6
2024.05.08	01:32:34.829	0.97696	0.97696			6
2024.05.08	01:32:34.859	0.97695	0.97695			6
2024.05.08	01:32:35.013	0.97696	0.97696			6
2024.05.08	01:32:35.898	0.97695	0.97695			6
2024.05.08	01:32:36.048	0.97696	0.97696			6
2024.05.08	01:32:36.930	0.97695	0.97695			6
2024.05.08	01:32:37.031	0.97696	0.97696			6
2024.05.08	01:32:37.557	0.97697	0.97697			6
2024.05.08	01:32:37.897	0.97698	0.97698			6
2024.05.08	01:32:37.958	0.97697	0.97697			6
2024.05.08	01:32:38.117	0.97698	0.97698			6
2024.05.08	01:32:38.614	0.97696	0.97696			6
2024.05.08	01:32:39.429	0.97698	0.97698			6
2024.05.08	01:32:40.044	0.97697	0.97697			6
2024.05.08	01:32:40.200	0.97698	0.97698			6
2024.05.08	01:32:40.836	0.97696	0.97696			6
2024.05.08	01:32:43.072	0.97697	0.97697			6
2024.05.08	01:32:43.148	0.97696	0.97696			6
2024.05.08	01:32:43.300	0.97697	0.97697			6
2024.05.08	01:32:44.185	0.97696	0.97696			6
2024.05.08	01:32:44.346	0.97697	0.97697			6
2024.05.08	01:32:45.218	0.97696	0.97696			6
2024.05.08	01:32:45.358	0.97697	0.97697			6
2024.05.08	01:32:46.212	0.97698	0.97698			6
2024.05.08	01:32:46.241	0.97696	0.97696			6
2024.05.08	01:32:46.602	0.97698	0.97698			6
2024.05.08	01:32:47.161	0.97696	0.97696			6
2024.05.08	01:32:48.164	0.97698	0.97698			6
2024.05.08	01:32:48.316	0.97697	0.97697			6
2024.05.08	01:32:49.076	0.97698	0.97698			6
2024.05.08	01:32:49.347	0.97695	0.97695			6
2024.05.08	01:32:49.509	0.97696	0.97696			6
2024.05.08	01:32:49.539	0.97697	0.97697			6
2024.05.08	01:32:51.445	0.97696	0.97696			6
2024.05.08	01:32:51.716	0.97698	0.97698			6
2024.05.08	01:32:52.449	0.97697	0.97697			6
2024.05.08	01:32:52.480	0.97696	0.97696			6
2024.05.08	01:32:53.042	0.97698	0.97698			6
2024.05.08	01:32:53.497	0.97696	0.97696			6
2024.05.08	01:32:53.685	0.97697	0.97697			6
2024.05.08	01:32:54.553	0.97696	0.97696			6
2024.05.08	01:32:55.150	0.97698	0.97698			6
2024.05.08	01:32:55.592	0.97696	0.97696			6
2024.05.08	01:32:55.741	0.97697	0.97697			6
2024.05.08	01:32:56.131	0.97698	0.97698			6
2024.05.08	01:32:56.622	0.97696	0.97696			6
2024.05.08	01:32:56.755	0.97697	0.97697			6
2024.05.08	01:32:57.120	0.97698	0.97698			6
2024.05.08	01:32:57.639	0.97696	0.97696			6
2024.05.08	01:32:57.820	0.97697	0.97697			6
2024.05.08	01:32:57.849	0.97698	0.97698			6
2024.05.08	01:32:57.879	0.97699	0.97699			6
2024.05.08	01:32:58.195	0.97698	0.97698			6
2024.05.08	01:33:19.630	0.97699	0.97699			6
2024.05.08	01:33:25.093	0.97700	0.97700			6
2024.05.08	01:33:27.796	0.97699	0.97699			6
2024.05.08	01:33:36.697	0.97698	0.97698			6
2024.05.08	01:33:39.474	0.97696	0.97696			6
2024.05.08	01:33:40.467	0.97697	0.97697			6
2024.05.08	01:33:44.955	0.97696	0.97696			6
2024.05.08	01:33:46.584	0.97697	0.97697			6
2024.05.08	01:33:49.728	0.97696	0.97696			6
2024.05.08	01:33:53.614	0.97697	0.97697			6
2024.05.08	01:33:55.312	0.97696	0.97696			6
2024.05.08	01:33:55.861	0.97697	0.97697			6
2024.05.08	01:33:58.066	0.97696	0.97696			6
2024.05.08	01:34:01.160	0.97698	0.97698			6
2024.05.08	01:34:01.758	0.97696	0.97696			6
2024.05.08	01:34:02.839	0.97698	0.97698			6
2024.05.08	01:34:03.360	0.97696	0.97696			6
2024.05.08	01:34:07.398	0.97697	0.97697			6
2024.05.08	01:34:08.756	0.97696	0.97696			6
2024.05.08	01:34:12.477	0.97698	0.97698			6
2024.05.08	01:34:13.490	0.97696	0.97696			6
2024.05.08	01:34:14.093	0.97698	0.97698			6
2024.05.08	01:34:14.497	0.97696	0.97696			6
2024.05.08	01:34:15.012	0.97698	0.97698			6
2024.05.08	01:34:15.120	0.97696	0.97696			6
2024.05.08	01:34:18.329	0.97698	0.97698			6
2024.05.08	01:34:19.215	0.97696	0.97696			6
2024.05.08	01:34:19.335	0.97698	0.97698			6
2024.05.08	01:34:20.259	0.97696	0.97696			6
2024.05.08	01:34:20.377	0.97698	0.97698			6
2024.05.08	01:34:21.258	0.97696	0.97696			6
2024.05.08	01:34:21.380	0.97698	0.97698			6
2024.05.08	01:34:22.264	0.97696	0.97696			6
2024.05.08	01:34:22.383	0.97698	0.97698			6
2024.05.08	01:34:23.287	0.97696	0.97696			6
2024.05.08	01:34:24.180	0.97698	0.97698			6
2024.05.08	01:34:24.315	0.97696	0.97696			6
2024.05.08	01:34:24.428	0.97698	0.97698			6
2024.05.08	01:34:25.331	0.97696	0.97696			6
2024.05.08	01:34:25.425	0.97698	0.97698			6
2024.05.08	01:34:25.455	0.97696	0.97696			6
2024.05.08	01:34:33.778	0.97697	0.97697			6
2024.05.08	01:34:34.835	0.97696	0.97696			6
2024.05.08	01:34:48.529	0.97697	0.97697			6
2024.05.08	01:34:51.270	0.97696	0.97696			6
2024.05.08	01:34:55.865	0.97698	0.97698			6
2024.05.08	01:34:57.105	0.97699	0.97699			6
2024.05.08	01:34:59.450	0.97698	0.97698			6
2024.05.08	01:35:01.168	0.97699	0.97699			6
2024.05.08	01:35:01.410	0.97698	0.97698			6
2024.05.08	01:35:09.278	0.97699	0.97699			6
2024.05.08	01:35:10.614	0.97698	0.97698			6
2024.05.08	01:35:17.060	0.97699	0.97699			6
2024.05.08	01:35:20.777	0.97698	0.97698			6
2024.05.08	01:35:39.119	0.97697	0.97697			6
2024.05.08	01:35:40.226	0.97698	0.97698			6
2024.05.08	01:35:40.611	0.97699	0.97699			6
2024.05.08	01:35:44.852	0.97698	0.97698			6
2024.05.08	01:35:55.293	0.97697	0.97697			6
2024.05.08	01:35:57.312	0.97698	0.97698			6
2024.05.08	01:35:59.162	0.97697	0.97697			6
2024.05.08	01:36:04.210	0.97698	0.97698			6
2024.05.08	01:36:06.146	0.97697	0.97697			6
2024.05.08	01:36:14.344	0.97696	0.97696			6
2024.05.08	01:36:15.687	0.97697	0.97697			6
2024.05.08	01:36:16.102	0.97696	0.97696			6
2024.05.08	01:36:16.131	0.97695	0.97695			6
2024.05.08	01:36:16.193	0.97694	0.97694			6
2024.05.08	01:36:26.377	0.97695	0.97695			6
2024.05.08	01:36:27.131	0.97694	0.97694			6
2024.05.08	01:36:27.406	0.97695	0.97695			6
2024.05.08	01:36:28.169	0.97694	0.97694			6
2024.05.08	01:36:28.959	0.97695	0.97695			6
2024.05.08	01:36:29.195	0.97694	0.97694			6
2024.05.08	01:36:41.011	0.97695	0.97695			6
2024.05.08	01:37:00.968	0.97694	0.97694			6
2024.05.08	01:37:01.371	0.97695	0.97695			6
2024.05.08	01:37:15.241	0.97694	0.97694			6
2024.05.08	01:37:22.832	0.97695	0.97695			6
2024.05.08	01:37:25.619	0.97697	0.97697			6
2024.05.08	01:37:25.866	0.97696	0.97696			6
2024.05.08	01:37:26.340	0.97695	0.97695			6
2024.05.08	01:37:26.657	0.97696	0.97696			6
2024.05.08	01:37:26.857	0.97697	0.97697			6
2024.05.08	01:37:27.659	0.97696	0.97696			6
2024.05.08	01:37:27.887	0.97697	0.97697			6
2024.05.08	01:37:28.686	0.97696	0.97696			6
2024.05.08	01:37:28.827	0.97695	0.97695			6
2024.05.08	01:37:28.857	0.97696	0.97696			6
2024.05.08	01:37:30.983	0.97697	0.97697			6
2024.05.08	01:37:31.806	0.97696	0.97696			6
2024.05.08	01:37:32.016	0.97697	0.97697			6
2024.05.08	01:37:32.868	0.97696	0.97696			6
2024.05.08	01:37:33.052	0.97697	0.97697			6
2024.05.08	01:37:33.878	0.97696	0.97696			6
2024.05.08	01:37:34.103	0.97697	0.97697			6
2024.05.08	01:37:34.932	0.97696	0.97696			6
2024.05.08	01:37:35.129	0.97697	0.97697			6
2024.05.08	01:37:35.965	0.97696	0.97696			6
2024.05.08	01:37:36.178	0.97697	0.97697			6
2024.05.08	01:37:37.019	0.97695	0.97695			6
2024.05.08	01:37:37.079	0.97696	0.97696			6
2024.05.08	01:37:37.199	0.97697	0.97697			6
2024.05.08	01:37:38.030	0.97695	0.97695			6
2024.05.08	01:37:38.245	0.97697	0.97697			6
2024.05.08	01:37:39.080	0.97695	0.97695			6
2024.05.08	01:37:39.284	0.97696	0.97696			6
2024.05.08	01:37:39.804	0.97695	0.97695			6
2024.05.08	01:37:40.059	0.97696	0.97696			6
2024.05.08	01:37:40.158	0.97695	0.97695			6
2024.05.08	01:37:40.315	0.97698	0.97698			6
2024.05.08	01:37:41.174	0.97695	0.97695			6
2024.05.08	01:37:41.336	0.97697	0.97697			6
2024.05.08	01:37:41.636	0.97698	0.97698			6
2024.05.08	01:37:42.189	0.97696	0.97696			6
2024.05.08	01:37:42.372	0.97697	0.97697			6
2024.05.08	01:37:43.007	0.97698	0.97698			6
2024.05.08	01:37:43.288	0.97695	0.97695			6
2024.05.08	01:37:43.408	0.97698	0.97698			6
2024.05.08	01:37:44.258	0.97697	0.97697			6
2024.05.08	01:37:44.384	0.97694	0.97694			6
2024.05.08	01:37:44.444	0.97697	0.97697			6
2024.05.08	01:37:45.484	0.97698	0.97698			6
2024.05.08	01:37:46.214	0.97697	0.97697			6
2024.05.08	01:37:47.215	0.97696	0.97696			6
2024.05.08	01:37:47.291	0.97697	0.97697			6
2024.05.08	01:37:47.366	0.97695	0.97695			6
2024.05.08	01:37:47.545	0.97698	0.97698			6
2024.05.08	01:37:48.383	0.97696	0.97696			6
2024.05.08	01:37:49.472	0.97695	0.97695			6
2024.05.08	01:37:49.622	0.97698	0.97698			6
2024.05.08	01:37:50.472	0.97696	0.97696			6
2024.05.08	01:37:50.502	0.97695	0.97695			6
2024.05.08	01:37:50.665	0.97696	0.97696			6
2024.05.08	01:37:51.558	0.97695	0.97695			6
2024.05.08	01:37:51.689	0.97696	0.97696			6
2024.05.08	01:37:52.530	0.97695	0.97695			6
2024.05.08	01:37:52.728	0.97697	0.97697			6
2024.05.08	01:37:53.583	0.97695	0.97695			6
2024.05.08	01:37:53.750	0.97696	0.97696			6
2024.05.08	01:37:53.780	0.97697	0.97697			6
2024.05.08	01:37:54.619	0.97695	0.97695			6
