<DATE>	<TIME>	<BID>	<ASK>	<LAST>	<VOLUME>	<FLAGS>
2024.05.02	00:00:00.287	0.98119	0.98119			6
2024.05.02	00:00:01.854	0.98117	0.98117			6
2024.05.02	00:00:02.856	0.98111	0.98111			6
2024.05.02	00:00:02.857	0.98107	0.98107			6
2024.05.02	00:00:03.678	0.98112	0.98112			6
2024.05.02	00:00:05.775	0.98114	0.98114			6
2024.05.02	00:00:05.824	0.98112	0.98112			6
2024.05.02	00:01:34.228	0.98092	0.98092			6
2024.05.02	00:02:08.676	0.98103	0.98103			6
2024.05.02	00:02:35.129	0.98146	0.98146			6
2024.05.02	00:02:39.307	0.98154	0.98154			6
2024.05.02	00:02:45.409	0.98149	0.98149			6
2024.05.02	00:03:20.119	0.98143	0.98143			6
2024.05.02	00:04:48.575	0.98149	0.98149			6
2024.05.02	00:04:53.116	0.98148	0.98148			6
2024.05.02	00:07:30.856	0.98150	0.98150			6
2024.05.02	00:07:31.608	0.98148	0.98148			6
2024.05.02	00:07:37.298	0.98150	0.98150			6
2024.05.02	00:07:38.058	0.98147	0.98147			6
2024.05.02	00:07:39.493	0.98149	0.98149			6
2024.05.02	00:08:18.718	0.98148	0.98148			6
2024.05.02	00:08:30.483	0.98149	0.98149			6
2024.05.02	00:08:31.205	0.98147	0.98147			6
2024.05.02	00:08:47.446	0.98113	0.98113			6
2024.05.02	00:08:59.146	0.98112	0.98112			6
2024.05.02	00:09:12.948	0.98111	0.98111			6
2024.05.02	00:09:28.830	0.98110	0.98110			6
2024.05.02	00:09:38.405	0.98108	0.98108			6
2024.05.02	00:09:56.451	0.98107	0.98107			6
2024.05.02	00:10:05.575	0.98106	0.98106			6
2024.05.02	00:10:08.785	0.98094	0.98094			6
2024.05.02	00:10:09.530	0.98106	0.98106			6
2024.05.02	00:10:14.944	0.98105	0.98105			6
2024.05.02	00:10:41.493	0.98108	0.98108			6
2024.05.02	00:10:46.697	0.98104	0.98104			6
2024.05.02	00:10:57.280	0.98106	0.98106			6
2024.05.02	00:10:59.506	0.98109	0.98109			6
2024.05.02	00:11:09.346	0.98106	0.98106			6
2024.05.02	00:11:09.375	0.98105	0.98105			6
2024.05.02	00:11:11.063	0.98104	0.98104			6
2024.05.02	00:11:15.825	0.98103	0.98103			6
2024.05.02	00:11:16.929	0.98108	0.98108			6
2024.05.02	00:11:28.394	0.98104	0.98104			6
2024.05.02	00:11:34.475	0.98098	0.98098			6
2024.05.02	00:11:43.210	0.98097	0.98097			6
2024.05.02	00:11:50.924	0.98094	0.98094			6
2024.05.02	00:11:52.394	0.98095	0.98095			6
2024.05.02	00:11:53.655	0.98090	0.98090			6
2024.05.02	00:12:01.269	0.98094	0.98094			6
2024.05.02	00:12:01.300	0.98095	0.98095			6
2024.05.02	00:12:07.184	0.98103	0.98103			6
2024.05.02	00:12:10.363	0.98097	0.98097			6
2024.05.02	00:12:19.369	0.98103	0.98103			6
2024.05.02	00:12:19.717	0.98100	0.98100			6
2024.05.02	00:12:22.235	0.98103	0.98103			6
2024.05.02	00:12:25.184	0.98100	0.98100			6
2024.05.02	00:12:31.774	0.98099	0.98099			6
2024.05.02	00:12:49.743	0.98100	0.98100			6
2024.05.02	00:12:54.355	0.98102	0.98102			6
2024.05.02	00:12:54.385	0.98107	0.98107			6
2024.05.02	00:12:57.777	0.98105	0.98105			6
2024.05.02	00:12:59.347	0.98110	0.98110			6
2024.05.02	00:13:09.076	0.98113	0.98113			6
2024.05.02	00:13:17.909	0.98112	0.98112			6
2024.05.02	00:13:49.166	0.98110	0.98110			6
2024.05.02	00:13:49.738	0.98112	0.98112			6
2024.05.02	00:13:49.768	0.98110	0.98110			6
2024.05.02	00:13:49.999	0.98115	0.98115			6
2024.05.02	00:13:50.299	0.98110	0.98110			6
2024.05.02	00:13:51.375	0.98112	0.98112			6
2024.05.02	00:13:51.406	0.98108	0.98108			6
2024.05.02	00:13:51.527	0.98110	0.98110			6
2024.05.02	00:13:51.557	0.98108	0.98108			6
2024.05.02	00:13:53.545	0.98110	0.98110			6
2024.05.02	00:13:53.575	0.98108	0.98108			6
2024.05.02	00:13:57.451	0.98113	0.98113			6
2024.05.02	00:13:57.481	0.98108	0.98108			6
2024.05.02	00:13:57.926	0.98113	0.98113			6
2024.05.02	00:13:57.956	0.98110	0.98110			6
2024.05.02	00:13:58.788	0.98109	0.98109			6
2024.05.02	00:14:07.302	0.98113	0.98113			6
2024.05.02	00:14:07.332	0.98109	0.98109			6
2024.05.02	00:14:07.478	0.98108	0.98108			6
2024.05.02	00:14:36.002	0.98110	0.98110			6
2024.05.02	00:14:36.031	0.98116	0.98116			6
2024.05.02	00:14:37.946	0.98117	0.98117			6
2024.05.02	00:14:41.778	0.98116	0.98116			6
2024.05.02	00:14:42.198	0.98117	0.98117			6
2024.05.02	00:14:46.225	0.98123	0.98123			6
2024.05.02	00:14:58.683	0.98117	0.98117			6
2024.05.02	00:15:00.109	0.98109	0.98109			6
2024.05.02	00:15:00.591	0.98103	0.98103			6
2024.05.02	00:15:02.289	0.98104	0.98104			6
2024.05.02	00:15:02.350	0.98103	0.98103			6
2024.05.02	00:15:06.175	0.98101	0.98101			6
2024.05.02	00:15:06.928	0.98103	0.98103			6
2024.05.02	00:15:10.945	0.98102	0.98102			6
2024.05.02	00:15:11.708	0.98103	0.98103			6
2024.05.02	00:15:26.182	0.98102	0.98102			6
2024.05.02	00:15:26.938	0.98103	0.98103			6
2024.05.02	00:15:30.137	0.98105	0.98105			6
2024.05.02	00:15:30.403	0.98107	0.98107			6
2024.05.02	00:15:30.492	0.98109	0.98109			6
2024.05.02	00:15:34.736	0.98115	0.98115			6
2024.05.02	00:16:00.767	0.98110	0.98110			6
2024.05.02	00:16:00.797	0.98120	0.98120			6
2024.05.02	00:16:00.856	0.98128	0.98128			6
2024.05.02	00:16:02.129	0.98127	0.98127			6
2024.05.02	00:16:07.952	0.98125	0.98125			6
2024.05.02	00:16:09.042	0.98127	0.98127			6
2024.05.02	00:16:12.119	0.98128	0.98128			6
2024.05.02	00:16:17.992	0.98129	0.98129			6
2024.05.02	00:16:21.557	0.98131	0.98131			6
2024.05.02	00:16:21.612	0.98132	0.98132			6
2024.05.02	00:16:28.594	0.98138	0.98138			6
2024.05.02	00:16:28.624	0.98132	0.98132			6
2024.05.02	00:16:29.031	0.98130	0.98130			6
2024.05.02	00:17:46.282	0.98129	0.98129			6
2024.05.02	00:17:58.109	0.98130	0.98130			6
2024.05.02	00:18:01.439	0.98129	0.98129			6
2024.05.02	00:18:01.703	0.98131	0.98131			6
2024.05.02	00:18:03.797	0.98140	0.98140			6
2024.05.02	00:18:06.825	0.98138	0.98138			6
2024.05.02	00:18:09.120	0.98137	0.98137			6
2024.05.02	00:18:14.369	0.98136	0.98136			6
2024.05.02	00:18:16.366	0.98134	0.98134			6
2024.05.02	00:18:19.374	0.98135	0.98135			6
2024.05.02	00:18:19.494	0.98134	0.98134			6
2024.05.02	00:18:28.124	0.98133	0.98133			6
2024.05.02	00:18:31.944	0.98131	0.98131			6
2024.05.02	00:18:49.035	0.98113	0.98113			6
2024.05.02	00:18:49.093	0.98114	0.98114			6
2024.05.02	00:18:49.124	0.98113	0.98113			6
2024.05.02	00:18:50.116	0.98112	0.98112			6
2024.05.02	00:18:53.362	0.98111	0.98111			6
2024.05.02	00:18:53.803	0.98110	0.98110			6
2024.05.02	00:18:55.081	0.98111	0.98111			6
2024.05.02	00:18:57.866	0.98110	0.98110			6
2024.05.02	00:18:58.582	0.98112	0.98112			6
2024.05.02	00:18:58.612	0.98106	0.98106			6
2024.05.02	00:19:01.060	0.98107	0.98107			6
2024.05.02	00:19:01.148	0.98103	0.98103			6
2024.05.02	00:19:01.630	0.98101	0.98101			6
2024.05.02	00:19:01.659	0.98097	0.98097			6
2024.05.02	00:19:02.400	0.98092	0.98092			6
2024.05.02	00:19:02.863	0.98097	0.98097			6
2024.05.02	00:19:03.134	0.98100	0.98100			6
2024.05.02	00:19:03.163	0.98108	0.98108			6
2024.05.02	00:19:03.283	0.98109	0.98109			6
2024.05.02	00:19:04.241	0.98108	0.98108			6
2024.05.02	00:19:05.332	0.98107	0.98107			6
2024.05.02	00:19:06.604	0.98108	0.98108			6
2024.05.02	00:19:06.664	0.98103	0.98103			6
2024.05.02	00:19:07.103	0.98106	0.98106			6
2024.05.02	00:19:07.284	0.98109	0.98109			6
2024.05.02	00:19:07.313	0.98114	0.98114			6
2024.05.02	00:19:08.056	0.98111	0.98111			6
2024.05.02	00:19:09.046	0.98114	0.98114			6
2024.05.02	00:19:11.099	0.98111	0.98111			6
2024.05.02	00:19:11.130	0.98106	0.98106			6
2024.05.02	00:19:11.327	0.98099	0.98099			6
2024.05.02	00:19:11.356	0.98103	0.98103			6
2024.05.02	00:19:11.387	0.98102	0.98102			6
2024.05.02	00:19:11.952	0.98103	0.98103			6
2024.05.02	00:19:12.774	0.98102	0.98102			6
2024.05.02	00:19:15.301	0.98104	0.98104			6
2024.05.02	00:19:19.926	0.98105	0.98105			6
2024.05.02	00:19:29.943	0.98104	0.98104			6
2024.05.02	00:19:30.003	0.98101	0.98101			6
2024.05.02	00:19:30.033	0.98100	0.98100			6
2024.05.02	00:19:35.397	0.98103	0.98103			6
2024.05.02	00:19:35.507	0.98107	0.98107			6
2024.05.02	00:19:35.811	0.98108	0.98108			6
2024.05.02	00:19:35.960	0.98107	0.98107			6
2024.05.02	00:19:36.454	0.98104	0.98104			6
2024.05.02	00:19:40.071	0.98103	0.98103			6
2024.05.02	00:19:40.101	0.98104	0.98104			6
2024.05.02	00:19:40.131	0.98102	0.98102			6
2024.05.02	00:19:42.892	0.98103	0.98103			6
2024.05.02	00:19:42.922	0.98105	0.98105			6
2024.05.02	00:19:44.493	0.98114	0.98114			6
2024.05.02	00:19:46.104	0.98113	0.98113			6
2024.05.02	00:19:47.179	0.98119	0.98119			6
2024.05.02	00:19:51.094	0.98117	0.98117			6
2024.05.02	00:19:52.373	0.98118	0.98118			6
2024.05.02	00:19:54.904	0.98119	0.98119			6
2024.05.02	00:19:54.934	0.98120	0.98120			6
2024.05.02	00:19:56.117	0.98121	0.98121			6
2024.05.02	00:19:57.513	0.98128	0.98128			6
2024.05.02	00:19:57.544	0.98127	0.98127			6
2024.05.02	00:19:57.573	0.98129	0.98129			6
2024.05.02	00:19:57.604	0.98131	0.98131			6
2024.05.02	00:19:57.970	0.98130	0.98130			6
2024.05.02	00:20:00.567	0.98129	0.98129			6
2024.05.02	00:20:01.278	0.98130	0.98130			6
2024.05.02	00:20:01.308	0.98129	0.98129			6
2024.05.02	00:20:01.677	0.98130	0.98130			6
2024.05.02	00:20:01.708	0.98129	0.98129			6
2024.05.02	00:20:01.798	0.98130	0.98130			6
2024.05.02	00:20:01.859	0.98129	0.98129			6
2024.05.02	00:20:01.888	0.98130	0.98130			6
2024.05.02	00:20:01.918	0.98129	0.98129			6
2024.05.02	00:20:01.949	0.98130	0.98130			6
2024.05.02	00:20:02.069	0.98129	0.98129			6
2024.05.02	00:20:02.100	0.98130	0.98130			6
2024.05.02	00:20:02.160	0.98129	0.98129			6
2024.05.02	00:20:02.190	0.98130	0.98130			6
2024.05.02	00:20:02.370	0.98129	0.98129			6
2024.05.02	00:20:02.400	0.98130	0.98130			6
2024.05.02	00:20:02.460	0.98129	0.98129			6
2024.05.02	00:20:02.522	0.98130	0.98130			6
2024.05.02	00:20:02.583	0.98129	0.98129			6
2024.05.02	00:20:02.643	0.98130	0.98130			6
2024.05.02	00:20:03.687	0.98129	0.98129			6
2024.05.02	00:20:03.717	0.98130	0.98130			6
2024.05.02	00:20:03.837	0.98131	0.98131			6
2024.05.02	00:20:03.898	0.98130	0.98130			6
2024.05.02	00:20:03.930	0.98131	0.98131			6
2024.05.02	00:20:03.959	0.98130	0.98130			6
2024.05.02	00:20:03.988	0.98131	0.98131			6
2024.05.02	00:20:04.018	0.98130	0.98130			6
2024.05.02	00:20:04.056	0.98131	0.98131			6
2024.05.02	00:20:04.187	0.98130	0.98130			6
2024.05.02	00:20:06.711	0.98131	0.98131			6
2024.05.02	00:20:06.800	0.98130	0.98130			6
2024.05.02	00:20:06.830	0.98131	0.98131			6
2024.05.02	00:20:06.890	0.98130	0.98130			6
2024.05.02	00:20:06.920	0.98131	0.98131			6
2024.05.02	00:20:06.980	0.98130	0.98130			6
2024.05.02	00:20:07.010	0.98131	0.98131			6
2024.05.02	00:20:08.397	0.98130	0.98130			6
2024.05.02	00:20:08.427	0.98131	0.98131			6
2024.05.02	00:20:11.539	0.98130	0.98130			6
2024.05.02	00:20:11.599	0.98131	0.98131			6
2024.05.02	00:20:12.634	0.98130	0.98130			6
2024.05.02	00:20:12.663	0.98131	0.98131			6
2024.05.02	00:20:13.856	0.98130	0.98130			6
2024.05.02	00:20:13.916	0.98131	0.98131			6
2024.05.02	00:20:16.687	0.98130	0.98130			6
2024.05.02	00:20:16.718	0.98131	0.98131			6
2024.05.02	00:20:16.748	0.98130	0.98130			6
2024.05.02	00:20:16.808	0.98131	0.98131			6
2024.05.02	00:20:16.838	0.98130	0.98130			6
2024.05.02	00:20:16.868	0.98131	0.98131			6
2024.05.02	00:20:16.898	0.98130	0.98130			6
2024.05.02	00:20:16.928	0.98131	0.98131			6
2024.05.02	00:20:16.961	0.98130	0.98130			6
2024.05.02	00:20:16.991	0.98131	0.98131			6
2024.05.02	00:20:17.111	0.98130	0.98130			6
2024.05.02	00:20:17.141	0.98131	0.98131			6
2024.05.02	00:20:17.171	0.98130	0.98130			6
2024.05.02	00:20:17.201	0.98131	0.98131			6
2024.05.02	00:20:17.445	0.98130	0.98130			6
2024.05.02	00:20:17.476	0.98131	0.98131			6
2024.05.02	00:20:17.506	0.98130	0.98130			6
2024.05.02	00:20:17.537	0.98131	0.98131			6
2024.05.02	00:20:17.596	0.98130	0.98130			6
2024.05.02	00:20:27.375	0.98129	0.98129			6
2024.05.02	00:20:30.765	0.98130	0.98130			6
2024.05.02	00:20:40.952	0.98129	0.98129			6
2024.05.02	00:20:44.118	0.98130	0.98130			6
2024.05.02	00:21:12.238	0.98129	0.98129			6
2024.05.02	00:21:16.241	0.98128	0.98128			6
2024.05.02	00:21:40.865	0.98127	0.98127			6
2024.05.02	00:22:05.050	0.98125	0.98125			6
2024.05.02	00:22:05.170	0.98127	0.98127			6
2024.05.02	00:22:12.113	0.98126	0.98126			6
2024.05.02	00:22:22.262	0.98127	0.98127			6
2024.05.02	00:22:27.561	0.98181	0.98181			6
2024.05.02	00:22:28.536	0.98182	0.98182			6
2024.05.02	00:22:28.566	0.98185	0.98185			6
2024.05.02	00:22:31.588	0.98181	0.98181			6
2024.05.02	00:22:31.648	0.98182	0.98182			6
2024.05.02	00:22:31.709	0.98181	0.98181			6
2024.05.02	00:22:31.825	0.98183	0.98183			6
2024.05.02	00:22:31.854	0.98181	0.98181			6
2024.05.02	00:22:31.915	0.98182	0.98182			6
2024.05.02	00:22:32.018	0.98181	0.98181			6
2024.05.02	00:22:32.048	0.98182	0.98182			6
2024.05.02	00:22:32.079	0.98181	0.98181			6
2024.05.02	00:22:32.109	0.98182	0.98182			6
2024.05.02	00:22:32.139	0.98181	0.98181			6
2024.05.02	00:22:32.178	0.98183	0.98183			6
2024.05.02	00:22:32.208	0.98181	0.98181			6
2024.05.02	00:22:32.267	0.98183	0.98183			6
2024.05.02	00:22:32.328	0.98181	0.98181			6
2024.05.02	00:22:32.375	0.98183	0.98183			6
2024.05.02	00:22:32.405	0.98181	0.98181			6
2024.05.02	00:22:32.466	0.98183	0.98183			6
2024.05.02	00:22:32.496	0.98181	0.98181			6
2024.05.02	00:22:32.556	0.98183	0.98183			6
2024.05.02	00:22:32.647	0.98181	0.98181			6
2024.05.02	00:22:32.678	0.98183	0.98183			6
2024.05.02	00:22:32.707	0.98184	0.98184			6
2024.05.02	00:22:32.737	0.98181	0.98181			6
2024.05.02	00:22:32.768	0.98184	0.98184			6
2024.05.02	00:22:32.797	0.98181	0.98181			6
2024.05.02	00:22:32.828	0.98184	0.98184			6
2024.05.02	00:22:32.858	0.98182	0.98182			6
2024.05.02	00:22:32.900	0.98184	0.98184			6
2024.05.02	00:22:32.961	0.98182	0.98182			6
2024.05.02	00:22:33.037	0.98184	0.98184			6
2024.05.02	00:22:33.077	0.98182	0.98182			6
2024.05.02	00:22:33.108	0.98184	0.98184			6
2024.05.02	00:22:33.138	0.98182	0.98182			6
2024.05.02	00:22:33.229	0.98185	0.98185			6
2024.05.02	00:22:33.338	0.98182	0.98182			6
2024.05.02	00:22:33.368	0.98183	0.98183			6
2024.05.02	00:22:33.473	0.98185	0.98185			6
2024.05.02	00:22:33.574	0.98183	0.98183			6
2024.05.02	00:22:33.605	0.98185	0.98185			6
2024.05.02	00:22:33.754	0.98183	0.98183			6
2024.05.02	00:22:33.798	0.98186	0.98186			6
2024.05.02	00:22:33.858	0.98183	0.98183			6
2024.05.02	00:22:33.888	0.98186	0.98186			6
2024.05.02	00:22:33.978	0.98183	0.98183			6
2024.05.02	00:22:34.007	0.98186	0.98186			6
2024.05.02	00:22:34.068	0.98184	0.98184			6
2024.05.02	00:22:34.098	0.98186	0.98186			6
2024.05.02	00:22:34.129	0.98184	0.98184			6
2024.05.02	00:22:34.249	0.98186	0.98186			6
2024.05.02	00:22:34.879	0.98194	0.98194			6
2024.05.02	00:22:35.284	0.98184	0.98184			6
2024.05.02	00:22:35.315	0.98186	0.98186			6
2024.05.02	00:22:36.289	0.98184	0.98184			6
2024.05.02	00:22:36.319	0.98186	0.98186			6
2024.05.02	00:22:37.301	0.98184	0.98184			6
2024.05.02	00:22:37.333	0.98186	0.98186			6
2024.05.02	00:22:38.331	0.98184	0.98184			6
2024.05.02	00:22:38.361	0.98186	0.98186			6
2024.05.02	00:22:40.373	0.98185	0.98185			6
2024.05.02	00:22:40.402	0.98186	0.98186			6
2024.05.02	00:22:42.423	0.98187	0.98187			6
2024.05.02	00:22:43.420	0.98185	0.98185			6
2024.05.02	00:22:43.450	0.98187	0.98187			6
2024.05.02	00:22:44.454	0.98185	0.98185			6
2024.05.02	00:22:44.484	0.98187	0.98187			6
2024.05.02	00:22:45.476	0.98185	0.98185			6
2024.05.02	00:22:45.506	0.98187	0.98187			6
2024.05.02	00:22:46.327	0.98193	0.98193			6
2024.05.02	00:22:46.844	0.98195	0.98195			6
2024.05.02	00:22:47.509	0.98185	0.98185			6
2024.05.02	00:22:47.539	0.98188	0.98188			6
2024.05.02	00:22:48.542	0.98185	0.98185			6
2024.05.02	00:22:48.572	0.98188	0.98188			6
2024.05.02	00:22:49.578	0.98186	0.98186			6
2024.05.02	00:22:49.607	0.98188	0.98188			6
2024.05.02	00:22:50.118	0.98193	0.98193			6
2024.05.02	00:22:50.499	0.98188	0.98188			6
2024.05.02	00:22:51.602	0.98186	0.98186			6
2024.05.02	00:22:51.633	0.98188	0.98188			6
2024.05.02	00:22:52.631	0.98186	0.98186			6
2024.05.02	00:22:52.660	0.98188	0.98188			6
2024.05.02	00:22:53.644	0.98186	0.98186			6
2024.05.02	00:22:53.673	0.98188	0.98188			6
2024.05.02	00:22:54.653	0.98186	0.98186			6
2024.05.02	00:22:54.684	0.98188	0.98188			6
2024.05.02	00:22:55.684	0.98186	0.98186			6
2024.05.02	00:22:55.714	0.98188	0.98188			6
2024.05.02	00:22:55.805	0.98186	0.98186			6
2024.05.02	00:22:55.864	0.98188	0.98188			6
2024.05.02	00:22:55.924	0.98186	0.98186			6
2024.05.02	00:22:55.985	0.98188	0.98188			6
2024.05.02	00:22:56.015	0.98189	0.98189			6
2024.05.02	00:22:56.046	0.98186	0.98186			6
2024.05.02	00:22:56.119	0.98189	0.98189			6
2024.05.02	00:22:56.179	0.98186	0.98186			6
2024.05.02	00:22:56.269	0.98189	0.98189			6
2024.05.02	00:22:56.329	0.98186	0.98186			6
2024.05.02	00:22:56.359	0.98189	0.98189			6
2024.05.02	00:22:56.388	0.98186	0.98186			6
2024.05.02	00:22:56.513	0.98189	0.98189			6
2024.05.02	00:22:56.543	0.98187	0.98187			6
2024.05.02	00:22:56.598	0.98189	0.98189			6
2024.05.02	00:22:56.629	0.98187	0.98187			6
2024.05.02	00:22:56.688	0.98189	0.98189			6
2024.05.02	00:22:56.795	0.98187	0.98187			6
2024.05.02	00:23:07.449	0.98183	0.98183			6
2024.05.02	00:23:07.479	0.98176	0.98176			6
2024.05.02	00:23:07.509	0.98178	0.98178			6
2024.05.02	00:23:08.131	0.98180	0.98180			6
2024.05.02	00:23:08.503	0.98176	0.98176			6
2024.05.02	00:23:08.533	0.98177	0.98177			6
2024.05.02	00:23:09.520	0.98176	0.98176			6
2024.05.02	00:23:09.549	0.98178	0.98178			6
2024.05.02	00:23:09.580	0.98177	0.98177			6
2024.05.02	00:23:10.532	0.98176	0.98176			6
2024.05.02	00:23:10.561	0.98178	0.98178			6
2024.05.02	00:23:10.592	0.98176	0.98176			6
2024.05.02	00:23:10.621	0.98178	0.98178			6
2024.05.02	00:23:11.628	0.98177	0.98177			6
2024.05.02	00:23:11.658	0.98176	0.98176			6
2024.05.02	00:23:11.687	0.98174	0.98174			6
2024.05.02	00:23:11.717	0.98175	0.98175			6
2024.05.02	00:23:11.747	0.98178	0.98178			6
2024.05.02	00:23:14.102	0.98179	0.98179			6
2024.05.02	00:23:14.797	0.98177	0.98177			6
2024.05.02	00:23:14.826	0.98179	0.98179			6
2024.05.02	00:23:16.844	0.98177	0.98177			6
2024.05.02	00:23:16.873	0.98179	0.98179			6
2024.05.02	00:23:18.880	0.98175	0.98175			6
2024.05.02	00:23:18.910	0.98179	0.98179			6
2024.05.02	00:23:19.904	0.98178	0.98178			6
2024.05.02	00:23:19.934	0.98179	0.98179			6
2024.05.02	00:23:20.918	0.98178	0.98178			6
2024.05.02	00:23:20.949	0.98179	0.98179			6
2024.05.02	00:23:21.923	0.98180	0.98180			6
2024.05.02	00:23:22.375	0.98181	0.98181			6
2024.05.02	00:23:22.744	0.98180	0.98180			6
2024.05.02	00:23:22.999	0.98177	0.98177			6
2024.05.02	00:23:23.028	0.98179	0.98179			6
2024.05.02	00:23:23.059	0.98178	0.98178			6
2024.05.02	00:23:23.089	0.98180	0.98180			6
2024.05.02	00:23:23.119	0.98179	0.98179			6
2024.05.02	00:23:23.148	0.98178	0.98178			6
2024.05.02	00:23:23.178	0.98179	0.98179			6
2024.05.02	00:23:23.209	0.98178	0.98178			6
2024.05.02	00:23:23.239	0.98179	0.98179			6
2024.05.02	00:23:23.373	0.98178	0.98178			6
2024.05.02	00:23:23.432	0.98177	0.98177			6
2024.05.02	00:23:23.462	0.98179	0.98179			6
2024.05.02	00:23:23.522	0.98177	0.98177			6
2024.05.02	00:23:23.833	0.98178	0.98178			6
2024.05.02	00:23:24.094	0.98177	0.98177			6
2024.05.02	00:23:29.251	0.98175	0.98175			6
2024.05.02	00:23:34.108	0.98176	0.98176			6
2024.05.02	00:23:37.833	0.98175	0.98175			6
2024.05.02	00:23:38.937	0.98184	0.98184			6
2024.05.02	00:23:39.058	0.98206	0.98206			6
2024.05.02	00:23:41.081	0.98155	0.98155			6
2024.05.02	00:23:41.110	0.98156	0.98156			6
2024.05.02	00:23:45.634	0.98155	0.98155			6
2024.05.02	00:23:46.372	0.98157	0.98157			6
2024.05.02	00:23:46.438	0.98156	0.98156			6
2024.05.02	00:23:48.147	0.98155	0.98155			6
2024.05.02	00:23:50.080	0.98154	0.98154			6
2024.05.02	00:23:51.089	0.98155	0.98155			6
2024.05.02	00:23:52.278	0.98154	0.98154			6
2024.05.02	00:23:53.457	0.98152	0.98152			6
2024.05.02	00:23:57.043	0.98151	0.98151			6
2024.05.02	00:24:01.443	0.98150	0.98150			6
2024.05.02	00:24:04.538	0.98149	0.98149			6
2024.05.02	00:24:06.373	0.98152	0.98152			6
2024.05.02	00:24:17.149	0.98151	0.98151			6
2024.05.02	00:24:24.788	0.98143	0.98143			6
2024.05.02	00:24:26.399	0.98149	0.98149			6
2024.05.02	00:24:36.321	0.98144	0.98144			6
2024.05.02	00:24:47.637	0.98143	0.98143			6
2024.05.02	00:24:50.589	0.98144	0.98144			6
2024.05.02	00:24:52.674	0.98146	0.98146			6
2024.05.02	00:24:56.723	0.98145	0.98145			6
2024.05.02	00:25:01.443	0.98143	0.98143			6
2024.05.02	00:25:03.726	0.98153	0.98153			6
2024.05.02	00:25:04.144	0.98157	0.98157			6
2024.05.02	00:25:14.644	0.98156	0.98156			6
2024.05.02	00:25:16.861	0.98155	0.98155			6
2024.05.02	00:25:17.822	0.98157	0.98157			6
2024.05.02	00:25:18.873	0.98158	0.98158			6
2024.05.02	00:25:23.820	0.98155	0.98155			6
2024.05.02	00:25:23.972	0.98154	0.98154			6
2024.05.02	00:25:28.862	0.98152	0.98152			6
2024.05.02	00:25:32.735	0.98153	0.98153			6
2024.05.02	00:25:36.635	0.98152	0.98152			6
2024.05.02	00:25:38.100	0.98151	0.98151			6
2024.05.02	00:25:43.934	0.98152	0.98152			6
2024.05.02	00:25:44.988	0.98151	0.98151			6
2024.05.02	00:25:46.044	0.98145	0.98145			6
2024.05.02	00:25:46.319	0.98146	0.98146			6
2024.05.02	00:25:57.808	0.98145	0.98145			6
2024.05.02	00:25:59.142	0.98148	0.98148			6
2024.05.02	00:26:02.726	0.98147	0.98147			6
2024.05.02	00:26:03.693	0.98146	0.98146			6
2024.05.02	00:26:03.724	0.98144	0.98144			6
2024.05.02	00:26:05.415	0.98146	0.98146			6
2024.05.02	00:26:11.142	0.98145	0.98145			6
2024.05.02	00:26:53.295	0.98146	0.98146			6
2024.05.02	00:26:54.842	0.98145	0.98145			6
2024.05.02	00:27:08.602	0.98146	0.98146			6
2024.05.02	00:27:48.167	0.98144	0.98144			6
2024.05.02	00:28:09.072	0.98143	0.98143			6
2024.05.02	00:28:09.162	0.98145	0.98145			6
2024.05.02	00:28:16.828	0.98144	0.98144			6
2024.05.02	00:28:25.698	0.98143	0.98143			6
2024.05.02	00:28:28.162	0.98144	0.98144			6
2024.05.02	00:28:30.112	0.98158	0.98158			6
2024.05.02	00:28:31.042	0.98159	0.98159			6
2024.05.02	00:28:34.041	0.98149	0.98149			6
2024.05.02	00:28:34.071	0.98144	0.98144			6
2024.05.02	00:28:34.103	0.98143	0.98143			6
2024.05.02	00:28:34.441	0.98146	0.98146			6
2024.05.02	00:28:38.759	0.98141	0.98141			6
2024.05.02	00:28:38.789	0.98142	0.98142			6
2024.05.02	00:28:39.157	0.98141	0.98141			6
2024.05.02	00:28:41.126	0.98140	0.98140			6
2024.05.02	00:28:42.420	0.98139	0.98139			6
2024.05.02	00:28:44.433	0.98140	0.98140			6
2024.05.02	00:29:00.982	0.98139	0.98139			6
2024.05.02	00:29:06.531	0.98138	0.98138			6
2024.05.02	00:29:08.203	0.98139	0.98139			6
2024.05.02	00:29:12.365	0.98138	0.98138			6
2024.05.02	00:29:16.792	0.98140	0.98140			6
2024.05.02	00:29:39.262	0.98139	0.98139			6
2024.05.02	00:29:39.794	0.98143	0.98143			6
2024.05.02	00:29:39.824	0.98142	0.98142			6
2024.05.02	00:29:42.622	0.98140	0.98140			6
2024.05.02	00:29:42.652	0.98138	0.98138			6
2024.05.02	00:29:46.439	0.98136	0.98136			6
2024.05.02	00:29:46.469	0.98130	0.98130			6
2024.05.02	00:29:47.348	0.98131	0.98131			6
2024.05.02	00:29:48.597	0.98130	0.98130			6
2024.05.02	00:29:56.271	0.98128	0.98128			6
2024.05.02	00:29:56.301	0.98129	0.98129			6
2024.05.02	00:29:58.240	0.98128	0.98128			6
2024.05.02	00:30:00.402	0.98127	0.98127			6
2024.05.02	00:30:00.463	0.98130	0.98130			6
2024.05.02	00:30:00.522	0.98129	0.98129			6
2024.05.02	00:30:00.771	0.98126	0.98126			6
2024.05.02	00:30:01.402	0.98125	0.98125			6
2024.05.02	00:30:03.126	0.98123	0.98123			6
2024.05.02	00:30:04.161	0.98124	0.98124			6
2024.05.02	00:30:04.222	0.98122	0.98122			6
2024.05.02	00:30:06.716	0.98121	0.98121			6
2024.05.02	00:30:06.746	0.98122	0.98122			6
2024.05.02	00:30:09.005	0.98121	0.98121			6
2024.05.02	00:30:09.063	0.98120	0.98120			6
2024.05.02	00:30:13.045	0.98119	0.98119			6
2024.05.02	00:30:13.255	0.98118	0.98118			6
2024.05.02	00:30:15.194	0.98123	0.98123			6
2024.05.02	00:30:16.760	0.98122	0.98122			6
2024.05.02	00:30:16.821	0.98121	0.98121			6
2024.05.02	00:30:16.851	0.98119	0.98119			6
2024.05.02	00:30:17.365	0.98121	0.98121			6
2024.05.02	00:30:22.137	0.98122	0.98122			6
2024.05.02	00:30:24.912	0.98124	0.98124			6
2024.05.02	00:30:27.911	0.98127	0.98127			6
2024.05.02	00:30:31.404	0.98126	0.98126			6
2024.05.02	00:30:33.142	0.98125	0.98125			6
2024.05.02	00:30:34.048	0.98123	0.98123			6
2024.05.02	00:30:37.205	0.98124	0.98124			6
2024.05.02	00:30:37.236	0.98127	0.98127			6
2024.05.02	00:30:37.267	0.98125	0.98125			6
2024.05.02	00:30:38.243	0.98124	0.98124			6
2024.05.02	00:30:46.537	0.98123	0.98123			6
2024.05.02	00:30:47.384	0.98125	0.98125			6
2024.05.02	00:30:56.238	0.98124	0.98124			6
2024.05.02	00:30:56.341	0.98125	0.98125			6
2024.05.02	00:31:14.149	0.98126	0.98126			6
2024.05.02	00:31:17.242	0.98125	0.98125			6
2024.05.02	00:31:17.303	0.98124	0.98124			6
2024.05.02	00:31:17.334	0.98125	0.98125			6
2024.05.02	00:31:17.394	0.98127	0.98127			6
2024.05.02	00:31:17.542	0.98126	0.98126			6
2024.05.02	00:31:23.873	0.98186	0.98186			6
2024.05.02	00:31:24.093	0.98187	0.98187			6
2024.05.02	00:31:26.304	0.98189	0.98189			6
2024.05.02	00:31:29.697	0.98186	0.98186			6
2024.05.02	00:31:30.351	0.98187	0.98187			6
2024.05.02	00:31:30.718	0.98189	0.98189			6
2024.05.02	00:31:31.548	0.98188	0.98188			6
2024.05.02	00:31:31.802	0.98193	0.98193			6
2024.05.02	00:31:38.850	0.98192	0.98192			6
2024.05.02	00:31:40.629	0.98193	0.98193			6
2024.05.02	00:31:41.756	0.98187	0.98187			6
2024.05.02	00:31:44.155	0.98188	0.98188			6
2024.05.02	00:31:46.233	0.98187	0.98187			6
2024.05.02	00:31:46.348	0.98189	0.98189			6
2024.05.02	00:31:47.362	0.98181	0.98181			6
2024.05.02	00:31:47.422	0.98183	0.98183			6
2024.05.02	00:31:47.451	0.98181	0.98181			6
2024.05.02	00:31:48.227	0.98183	0.98183			6
2024.05.02	00:31:48.599	0.98185	0.98185			6
2024.05.02	00:31:49.253	0.98184	0.98184			6
2024.05.02	00:31:49.637	0.98185	0.98185			6
2024.05.02	00:31:51.238	0.98186	0.98186			6
2024.05.02	00:31:51.326	0.98196	0.98196			6
2024.05.02	00:31:51.770	0.98198	0.98198			6
2024.05.02	00:31:54.557	0.98197	0.98197			6
2024.05.02	00:31:55.443	0.98198	0.98198			6
2024.05.02	00:31:55.473	0.98197	0.98197			6
2024.05.02	00:31:55.834	0.98196	0.98196			6
2024.05.02	00:32:15.528	0.98160	0.98160			6
2024.05.02	00:32:28.660	0.98158	0.98158			6
2024.05.02	00:32:29.435	0.98157	0.98157			6
2024.05.02	00:32:42.172	0.98155	0.98155			6
2024.05.02	00:32:44.643	0.98156	0.98156			6
2024.05.02	00:32:44.672	0.98155	0.98155			6
2024.05.02	00:32:49.121	0.98158	0.98158			6
2024.05.02	00:32:49.183	0.98155	0.98155			6
2024.05.02	00:32:50.955	0.98158	0.98158			6
2024.05.02	00:33:15.512	0.98157	0.98157			6
2024.05.02	00:33:15.782	0.98161	0.98161			6
2024.05.02	00:33:43.259	0.98162	0.98162			6
2024.05.02	00:33:43.289	0.98159	0.98159			6
2024.05.02	00:33:48.030	0.98166	0.98166			6
2024.05.02	00:33:48.743	0.98167	0.98167			6
2024.05.02	00:33:48.773	0.98169	0.98169			6
2024.05.02	00:33:56.024	0.98173	0.98173			6
2024.05.02	00:33:58.127	0.98172	0.98172			6
2024.05.02	00:34:00.783	0.98170	0.98170			6
2024.05.02	00:34:00.842	0.98169	0.98169			6
2024.05.02	00:34:17.784	0.98183	0.98183			6
2024.05.02	00:34:18.275	0.98181	0.98181			6
2024.05.02	00:34:20.931	0.98185	0.98185			6
2024.05.02	00:34:20.962	0.98186	0.98186			6
2024.05.02	00:34:25.119	0.98187	0.98187			6
2024.05.02	00:34:28.127	0.98189	0.98189			6
2024.05.02	00:34:29.452	0.98190	0.98190			6
2024.05.02	00:34:54.883	0.98191	0.98191			6
2024.05.02	00:34:54.943	0.98195	0.98195			6
2024.05.02	00:34:54.973	0.98196	0.98196			6
2024.05.02	00:34:58.160	0.98195	0.98195			6
2024.05.02	00:35:04.970	0.98196	0.98196			6
2024.05.02	00:35:06.097	0.98195	0.98195			6
2024.05.02	00:35:08.883	0.98193	0.98193			6
2024.05.02	00:35:09.324	0.98194	0.98194			6
2024.05.02	00:35:09.384	0.98193	0.98193			6
2024.05.02	00:35:22.394	0.98192	0.98192			6
2024.05.02	00:35:32.441	0.98193	0.98193			6
2024.05.02	00:35:50.957	0.98192	0.98192			6
2024.05.02	00:35:56.966	0.98191	0.98191			6
2024.05.02	00:35:57.026	0.98190	0.98190			6
2024.05.02	00:36:01.101	0.98189	0.98189			6
2024.05.02	00:36:22.527	0.98191	0.98191			6
2024.05.02	00:36:22.557	0.98189	0.98189			6
2024.05.02	00:36:27.519	0.98187	0.98187			6
2024.05.02	00:36:27.548	0.98188	0.98188			6
2024.05.02	00:36:27.578	0.98189	0.98189			6
2024.05.02	00:36:27.607	0.98184	0.98184			6
2024.05.02	00:36:27.637	0.98182	0.98182			6
2024.05.02	00:36:28.612	0.98152	0.98152			6
2024.05.02	00:36:28.644	0.98151	0.98151			6
2024.05.02	00:36:28.741	0.98152	0.98152			6
2024.05.02	00:36:32.229	0.98153	0.98153			6
2024.05.02	00:36:34.254	0.98152	0.98152			6
2024.05.02	00:36:34.285	0.98153	0.98153			6
2024.05.02	00:36:36.327	0.98152	0.98152			6
2024.05.02	00:36:40.080	0.98151	0.98151			6
2024.05.02	00:36:40.111	0.98152	0.98152			6
2024.05.02	00:36:40.466	0.98153	0.98153			6
2024.05.02	00:36:40.495	0.98154	0.98154			6
2024.05.02	00:36:40.526	0.98158	0.98158			6
2024.05.02	00:36:40.585	0.98156	0.98156			6
2024.05.02	00:36:40.616	0.98157	0.98157			6
2024.05.02	00:36:40.863	0.98156	0.98156			6
2024.05.02	00:36:40.894	0.98157	0.98157			6
2024.05.02	00:36:41.084	0.98155	0.98155			6
2024.05.02	00:36:41.114	0.98157	0.98157			6
2024.05.02	00:36:45.517	0.98158	0.98158			6
2024.05.02	00:36:45.578	0.98154	0.98154			6
2024.05.02	00:36:45.608	0.98152	0.98152			6
2024.05.02	00:36:45.637	0.98153	0.98153			6
2024.05.02	00:36:46.318	0.98154	0.98154			6
2024.05.02	00:36:47.500	0.98158	0.98158			6
2024.05.02	00:36:47.532	0.98159	0.98159			6
2024.05.02	00:36:47.561	0.98163	0.98163			6
2024.05.02	00:36:47.642	0.98173	0.98173			6
2024.05.02	00:36:47.672	0.98181	0.98181			6
2024.05.02	00:36:47.978	0.98179	0.98179			6
2024.05.02	00:36:55.830	0.98226	0.98226			6
2024.05.02	00:37:00.931	0.98225	0.98225			6
2024.05.02	00:37:03.339	0.98224	0.98224			6
2024.05.02	00:37:05.735	0.98223	0.98223			6
2024.05.02	00:37:07.153	0.98224	0.98224			6
2024.05.02	00:37:08.748	0.98223	0.98223			6
2024.05.02	00:37:10.833	0.98222	0.98222			6
2024.05.02	00:37:11.746	0.98221	0.98221			6
2024.05.02	00:37:12.312	0.98223	0.98223			6
2024.05.02	00:37:15.883	0.98224	0.98224			6
2024.05.02	00:37:15.973	0.98221	0.98221			6
2024.05.02	00:37:16.093	0.98222	0.98222			6
2024.05.02	00:37:16.802	0.98221	0.98221			6
2024.05.02	00:37:20.731	0.98220	0.98220			6
2024.05.02	00:37:24.055	0.98219	0.98219			6
2024.05.02	00:37:28.530	0.98218	0.98218			6
2024.05.02	00:37:29.753	0.98219	0.98219			6
2024.05.02	00:37:32.123	0.98218	0.98218			6
2024.05.02	00:37:32.540	0.98217	0.98217			6
2024.05.02	00:37:39.035	0.98216	0.98216			6
2024.05.02	00:37:39.308	0.98219	0.98219			6
2024.05.02	00:37:43.039	0.98218	0.98218			6
2024.05.02	00:37:43.539	0.98219	0.98219			6
2024.05.02	00:37:44.159	0.98218	0.98218			6
2024.05.02	00:37:44.756	0.98217	0.98217			6
2024.05.02	00:37:45.630	0.98216	0.98216			6
2024.05.02	00:37:46.859	0.98215	0.98215			6
2024.05.02	00:37:47.450	0.98212	0.98212			6
2024.05.02	00:37:47.480	0.98211	0.98211			6
2024.05.02	00:37:48.046	0.98208	0.98208			6
2024.05.02	00:37:48.342	0.98207	0.98207			6
2024.05.02	00:37:48.786	0.98206	0.98206			6
2024.05.02	00:37:49.256	0.98205	0.98205			6
2024.05.02	00:37:49.405	0.98204	0.98204			6
2024.05.02	00:37:49.702	0.98203	0.98203			6
2024.05.02	00:37:50.211	0.98204	0.98204			6
2024.05.02	00:37:50.602	0.98203	0.98203			6
2024.05.02	00:37:50.802	0.98202	0.98202			6
2024.05.02	00:37:51.710	0.98201	0.98201			6
2024.05.02	00:37:52.383	0.98203	0.98203			6
2024.05.02	00:37:54.651	0.98196	0.98196			6
2024.05.02	00:38:06.309	0.98197	0.98197			6
2024.05.02	00:38:06.339	0.98203	0.98203			6
2024.05.02	00:38:06.460	0.98202	0.98202			6
2024.05.02	00:38:07.755	0.98199	0.98199			6
2024.05.02	00:38:07.816	0.98198	0.98198			6
2024.05.02	00:38:13.344	0.98199	0.98199			6
2024.05.02	00:38:14.586	0.98201	0.98201			6
2024.05.02	00:38:14.616	0.98199	0.98199			6
2024.05.02	00:38:22.252	0.98189	0.98189			6
2024.05.02	00:38:23.171	0.98195	0.98195			6
2024.05.02	00:38:26.383	0.98194	0.98194			6
2024.05.02	00:38:26.502	0.98195	0.98195			6
2024.05.02	00:38:42.188	0.98194	0.98194			6
2024.05.02	00:38:47.465	0.98192	0.98192			6
2024.05.02	00:38:47.928	0.98194	0.98194			6
2024.05.02	00:39:02.837	0.98195	0.98195			6
2024.05.02	00:39:24.748	0.98196	0.98196			6
2024.05.02	00:39:34.444	0.98197	0.98197			6
2024.05.02	00:39:34.567	0.98199	0.98199			6
2024.05.02	00:39:34.597	0.98197	0.98197			6
2024.05.02	00:39:37.360	0.98196	0.98196			6
2024.05.02	00:39:38.969	0.98188	0.98188			6
2024.05.02	00:39:39.030	0.98196	0.98196			6
2024.05.02	00:39:40.635	0.98195	0.98195			6
2024.05.02	00:39:40.757	0.98196	0.98196			6
2024.05.02	00:39:46.221	0.98195	0.98195			6
2024.05.02	00:39:55.481	0.98196	0.98196			6
2024.05.02	00:40:41.990	0.98197	0.98197			6
2024.05.02	00:40:42.021	0.98199	0.98199			6
2024.05.02	00:40:42.141	0.98197	0.98197			6
2024.05.02	00:40:42.240	0.98196	0.98196			6
2024.05.02	00:40:42.535	0.98198	0.98198			6
2024.05.02	00:40:42.716	0.98199	0.98199			6
2024.05.02	00:40:43.278	0.98196	0.98196			6
2024.05.02	00:40:46.229	0.98195	0.98195			6
2024.05.02	00:40:55.403	0.98194	0.98194			6
2024.05.02	00:40:56.727	0.98190	0.98190			6
2024.05.02	00:40:56.756	0.98191	0.98191			6
2024.05.02	00:40:56.830	0.98190	0.98190			6
2024.05.02	00:40:57.211	0.98185	0.98185			6
2024.05.02	00:40:57.271	0.98182	0.98182			6
2024.05.02	00:40:57.301	0.98185	0.98185			6
2024.05.02	00:40:57.719	0.98186	0.98186			6
2024.05.02	00:40:58.308	0.98185	0.98185			6
2024.05.02	00:40:58.338	0.98186	0.98186			6
2024.05.02	00:40:58.368	0.98185	0.98185			6
2024.05.02	00:40:58.726	0.98184	0.98184			6
2024.05.02	00:41:06.868	0.98175	0.98175			6
2024.05.02	00:41:06.897	0.98168	0.98168			6
2024.05.02	00:41:09.709	0.98165	0.98165			6
2024.05.02	00:41:09.739	0.98168	0.98168			6
2024.05.02	00:41:15.032	0.98171	0.98171			6
2024.05.02	00:41:15.077	0.98170	0.98170			6
2024.05.02	00:41:26.389	0.98167	0.98167			6
2024.05.02	00:41:39.973	0.98168	0.98168			6
2024.05.02	00:41:40.396	0.98167	0.98167			6
2024.05.02	00:41:40.961	0.98170	0.98170			6
2024.05.02	00:41:43.051	0.98169	0.98169			6
2024.05.02	00:41:50.003	0.98201	0.98201			6
2024.05.02	00:42:01.072	0.98200	0.98200			6
2024.05.02	00:42:09.451	0.98151	0.98151			6
2024.05.02	00:42:13.201	0.98177	0.98177			6
2024.05.02	00:42:13.593	0.98176	0.98176			6
2024.05.02	00:42:13.653	0.98177	0.98177			6
2024.05.02	00:42:16.580	0.98170	0.98170			6
2024.05.02	00:42:17.997	0.98174	0.98174			6
2024.05.02	00:42:18.270	0.98178	0.98178			6
2024.05.02	00:42:18.331	0.98180	0.98180			6
2024.05.02	00:42:18.695	0.98181	0.98181			6
2024.05.02	00:42:18.757	0.98182	0.98182			6
2024.05.02	00:42:20.572	0.98183	0.98183			6
2024.05.02	00:42:24.269	0.98184	0.98184			6
2024.05.02	00:42:27.771	0.98188	0.98188			6
2024.05.02	00:42:29.718	0.98184	0.98184			6
2024.05.02	00:42:31.947	0.98183	0.98183			6
2024.05.02	00:42:32.176	0.98184	0.98184			6
2024.05.02	00:42:33.701	0.98183	0.98183			6
2024.05.02	00:42:34.605	0.98182	0.98182			6
2024.05.02	00:42:39.628	0.98181	0.98181			6
2024.05.02	00:42:42.163	0.98180	0.98180			6
2024.05.02	00:42:42.252	0.98181	0.98181			6
2024.05.02	00:42:46.322	0.98180	0.98180			6
2024.05.02	00:42:51.038	0.98179	0.98179			6
2024.05.02	00:42:52.434	0.98178	0.98178			6
2024.05.02	00:42:59.145	0.98177	0.98177			6
2024.05.02	00:43:03.144	0.98175	0.98175			6
2024.05.02	00:43:03.202	0.98174	0.98174			6
2024.05.02	00:43:03.233	0.98175	0.98175			6
2024.05.02	00:43:06.157	0.98174	0.98174			6
2024.05.02	00:43:13.322	0.98173	0.98173			6
2024.05.02	00:43:14.519	0.98174	0.98174			6
2024.05.02	00:43:23.740	0.98173	0.98173			6
2024.05.02	00:43:36.642	0.98172	0.98172			6
2024.05.02	00:43:46.882	0.98171	0.98171			6
2024.05.02	00:43:59.181	0.98172	0.98172			6
2024.05.02	00:44:03.475	0.98173	0.98173			6
2024.05.02	00:44:04.913	0.98172	0.98172			6
2024.05.02	00:44:06.316	0.98170	0.98170			6
2024.05.02	00:44:07.441	0.98171	0.98171			6
2024.05.02	00:44:17.909	0.98170	0.98170			6
2024.05.02	00:44:23.061	0.98171	0.98171			6
2024.05.02	00:44:34.925	0.98170	0.98170			6
2024.05.02	00:44:35.192	0.98171	0.98171			6
2024.05.02	00:44:37.746	0.98170	0.98170			6
2024.05.02	00:44:39.543	0.98173	0.98173			6
2024.05.02	00:44:44.632	0.98171	0.98171			6
2024.05.02	00:45:00.191	0.98170	0.98170			6
2024.05.02	00:45:00.442	0.98156	0.98156			6
2024.05.02	00:45:02.143	0.98157	0.98157			6
2024.05.02	00:45:04.316	0.98158	0.98158			6
2024.05.02	00:45:04.504	0.98159	0.98159			6
2024.05.02	00:45:09.617	0.98160	0.98160			6
2024.05.02	00:45:14.713	0.98161	0.98161			6
2024.05.02	00:45:20.143	0.98160	0.98160			6
2024.05.02	00:45:21.212	0.98161	0.98161			6
2024.05.02	00:45:21.437	0.98164	0.98164			6
2024.05.02	00:45:21.467	0.98163	0.98163			6
2024.05.02	00:45:22.316	0.98162	0.98162			6
2024.05.02	00:45:22.376	0.98163	0.98163			6
2024.05.02	00:45:24.931	0.98164	0.98164			6
2024.05.02	00:45:27.271	0.98163	0.98163			6
2024.05.02	00:45:31.132	0.98162	0.98162			6
2024.05.02	00:45:31.828	0.98163	0.98163			6
2024.05.02	00:45:31.859	0.98162	0.98162			6
2024.05.02	00:45:31.888	0.98163	0.98163			6
2024.05.02	00:45:31.919	0.98164	0.98164			6
2024.05.02	00:45:32.577	0.98162	0.98162			6
2024.05.02	00:45:32.668	0.98163	0.98163			6
2024.05.02	00:45:32.841	0.98162	0.98162			6
2024.05.02	00:45:35.624	0.98163	0.98163			6
2024.05.02	00:45:36.727	0.98162	0.98162			6
2024.05.02	00:45:40.411	0.98163	0.98163			6
2024.05.02	00:45:43.873	0.98164	0.98164			6
2024.05.02	00:45:43.935	0.98163	0.98163			6
2024.05.02	00:45:43.994	0.98164	0.98164			6
2024.05.02	00:45:44.024	0.98163	0.98163			6
2024.05.02	00:45:47.333	0.98162	0.98162			6
2024.05.02	00:45:51.342	0.98163	0.98163			6
2024.05.02	00:45:52.463	0.98164	0.98164			6
2024.05.02	00:45:56.168	0.98163	0.98163			6
2024.05.02	00:45:56.257	0.98164	0.98164			6
2024.05.02	00:45:56.317	0.98163	0.98163			6
2024.05.02	00:45:56.781	0.98162	0.98162			6
2024.05.02	00:45:57.341	0.98163	0.98163			6
2024.05.02	00:45:57.915	0.98165	0.98165			6
2024.05.02	00:46:01.168	0.98168	0.98168			6
2024.05.02	00:46:01.735	0.98171	0.98171			6
2024.05.02	00:46:02.396	0.98170	0.98170			6
2024.05.02	00:46:02.938	0.98172	0.98172			6
2024.05.02	00:46:03.837	0.98171	0.98171			6
2024.05.02	00:46:03.868	0.98172	0.98172			6
2024.05.02	00:46:04.017	0.98163	0.98163			6
2024.05.02	00:46:05.008	0.98169	0.98169			6
2024.05.02	00:46:07.197	0.98170	0.98170			6
2024.05.02	00:46:07.409	0.98171	0.98171			6
2024.05.02	00:46:10.359	0.98174	0.98174			6
2024.05.02	00:46:10.600	0.98169	0.98169			6
2024.05.02	00:46:12.483	0.98168	0.98168			6
2024.05.02	00:46:13.657	0.98169	0.98169			6
2024.05.02	00:46:15.165	0.98168	0.98168			6
2024.05.02	00:46:15.224	0.98159	0.98159			6
2024.05.02	00:46:16.466	0.98163	0.98163			6
2024.05.02	00:46:17.296	0.98161	0.98161			6
2024.05.02	00:46:18.175	0.98156	0.98156			6
2024.05.02	00:46:22.413	0.98155	0.98155			6
2024.05.02	00:46:23.413	0.98158	0.98158			6
2024.05.02	00:46:35.302	0.98160	0.98160			6
2024.05.02	00:46:35.605	0.98158	0.98158			6
2024.05.02	00:46:43.282	0.98160	0.98160			6
2024.05.02	00:46:43.312	0.98159	0.98159			6
2024.05.02	00:46:43.376	0.98160	0.98160			6
2024.05.02	00:46:44.034	0.98159	0.98159			6
2024.05.02	00:46:47.639	0.98157	0.98157			6
2024.05.02	00:46:48.829	0.98162	0.98162			6
2024.05.02	00:46:49.191	0.98158	0.98158			6
2024.05.02	00:46:50.516	0.98171	0.98171			6
2024.05.02	00:46:50.849	0.98174	0.98174			6
2024.05.02	00:46:51.155	0.98161	0.98161			6
2024.05.02	00:46:53.406	0.98159	0.98159			6
2024.05.02	00:46:53.749	0.98163	0.98163			6
2024.05.02	00:46:54.666	0.98160	0.98160			6
2024.05.02	00:46:55.284	0.98163	0.98163			6
2024.05.02	00:46:55.666	0.98160	0.98160			6
2024.05.02	00:46:56.249	0.98157	0.98157			6
2024.05.02	00:46:57.190	0.98158	0.98158			6
2024.05.02	00:46:57.460	0.98160	0.98160			6
2024.05.02	00:47:01.239	0.98161	0.98161			6
2024.05.02	00:47:01.635	0.98160	0.98160			6
2024.05.02	00:47:03.399	0.98155	0.98155			6
2024.05.02	00:47:13.499	0.98156	0.98156			6
2024.05.02	00:47:16.436	0.98155	0.98155			6
2024.05.02	00:47:16.779	0.98156	0.98156			6
2024.05.02	00:47:17.461	0.98153	0.98153			6
2024.05.02	00:47:18.024	0.98152	0.98152			6
2024.05.02	00:47:39.641	0.98148	0.98148			6
2024.05.02	00:47:39.825	0.98151	0.98151			6
2024.05.02	00:47:39.944	0.98156	0.98156			6
2024.05.02	00:47:40.364	0.98151	0.98151			6
2024.05.02	00:47:46.691	0.98149	0.98149			6
2024.05.02	00:48:05.759	0.98149				2
2024.05.02	00:48:05.879	0.98152	0.98152			6
2024.05.02	00:48:05.909	0.98149	0.98149			6
2024.05.02	00:48:05.939	0.98146	0.98146			6
2024.05.02	00:48:06.150	0.98148	0.98148			6
2024.05.02	00:48:06.459	0.98146	0.98146			6
2024.05.02	00:48:09.169	0.98143	0.98143			6
2024.05.02	00:48:12.025	0.98142	0.98142			6
2024.05.02	00:48:18.966	0.98143	0.98143			6
2024.05.02	00:48:50.038	0.98156	0.98156			6
2024.05.02	00:48:50.068	0.98151	0.98151			6
2024.05.02	00:48:50.551	0.98142	0.98142			6
2024.05.02	00:48:56.613	0.98144	0.98144			6
2024.05.02	00:48:57.628	0.98152	0.98152			6
2024.05.02	00:49:13.853	0.98158	0.98158			6
2024.05.02	00:49:18.745	0.98152	0.98152			6
2024.05.02	00:49:19.441	0.98145	0.98145			6
2024.05.02	00:49:19.682	0.98143	0.98143			6
2024.05.02	00:49:19.782	0.98144	0.98144			6
2024.05.02	00:49:19.812	0.98143	0.98143			6
2024.05.02	00:49:19.927	0.98144	0.98144			6
2024.05.02	00:49:19.958	0.98152	0.98152			6
2024.05.02	00:49:21.528	0.98150	0.98150			6
2024.05.02	00:49:21.559	0.98142	0.98142			6
2024.05.02	00:49:21.830	0.98144	0.98144			6
2024.05.02	00:49:22.275	0.98142	0.98142			6
2024.05.02	00:49:22.560	0.98143	0.98143			6
2024.05.02	00:49:22.589	0.98145	0.98145			6
2024.05.02	00:49:26.860	0.98158	0.98158			6
2024.05.02	00:49:26.989	0.98159	0.98159			6
2024.05.02	00:49:27.049	0.98160	0.98160			6
2024.05.02	00:49:27.337	0.98158	0.98158			6
2024.05.02	00:49:33.656	0.98152	0.98152			6
2024.05.02	00:49:33.684	0.98147	0.98147			6
2024.05.02	00:49:34.967	0.98145	0.98145			6
2024.05.02	00:49:54.810	0.98159	0.98159			6
2024.05.02	00:49:54.841	0.98162	0.98162			6
2024.05.02	00:49:54.871	0.98161	0.98161			6
2024.05.02	00:49:54.901	0.98162	0.98162			6
2024.05.02	00:49:57.544	0.98161	0.98161			6
2024.05.02	00:49:58.205	0.98160	0.98160			6
2024.05.02	00:49:58.358	0.98161	0.98161			6
2024.05.02	00:49:58.479	0.98162	0.98162			6
2024.05.02	00:49:58.509	0.98161	0.98161			6
2024.05.02	00:49:58.771	0.98158	0.98158			6
2024.05.02	00:49:58.832	0.98157	0.98157			6
2024.05.02	00:50:00.738	0.98151	0.98151			6
2024.05.02	00:50:00.887	0.98162	0.98162			6
2024.05.02	00:50:00.917	0.98151	0.98151			6
2024.05.02	00:50:00.978	0.98157	0.98157			6
2024.05.02	00:50:01.128	0.98156	0.98156			6
2024.05.02	00:50:01.158	0.98157	0.98157			6
2024.05.02	00:50:01.218	0.98166	0.98166			6
2024.05.02	00:50:01.247	0.98160	0.98160			6
2024.05.02	00:50:01.278	0.98165	0.98165			6
2024.05.02	00:50:01.647	0.98187	0.98187			6
2024.05.02	00:50:01.677	0.98186	0.98186			6
2024.05.02	00:50:01.798	0.98187	0.98187			6
2024.05.02	00:50:01.827	0.98186	0.98186			6
2024.05.02	00:50:03.037	0.98188	0.98188			6
2024.05.02	00:50:03.312	0.98187	0.98187			6
2024.05.02	00:50:04.530	0.98186	0.98186			6
2024.05.02	00:50:05.110	0.98193	0.98193			6
2024.05.02	00:50:05.407	0.98194	0.98194			6
2024.05.02	00:50:05.603	0.98195	0.98195			6
2024.05.02	00:50:05.633	0.98196	0.98196			6
2024.05.02	00:50:05.729	0.98195	0.98195			6
2024.05.02	00:50:07.989	0.98201	0.98201			6
2024.05.02	00:50:08.019	0.98202	0.98202			6
2024.05.02	00:50:08.050	0.98203	0.98203			6
2024.05.02	00:50:09.312	0.98202	0.98202			6
2024.05.02	00:50:09.343	0.98203	0.98203			6
2024.05.02	00:50:09.404	0.98206	0.98206			6
2024.05.02	00:50:09.464	0.98203	0.98203			6
2024.05.02	00:50:10.071	0.98204	0.98204			6
2024.05.02	00:50:10.968	0.98205	0.98205			6
2024.05.02	00:50:11.813	0.98204	0.98204			6
2024.05.02	00:50:11.843	0.98196	0.98196			6
2024.05.02	00:50:11.903	0.98195	0.98195			6
2024.05.02	00:50:11.933	0.98194	0.98194			6
2024.05.02	00:50:12.693	0.98193	0.98193			6
2024.05.02	00:50:14.338	0.98192	0.98192			6
2024.05.02	00:50:14.368	0.98193	0.98193			6
2024.05.02	00:50:14.810	0.98194	0.98194			6
2024.05.02	00:50:14.841	0.98193	0.98193			6
2024.05.02	00:50:14.870	0.98194	0.98194			6
2024.05.02	00:50:15.021	0.98193	0.98193			6
2024.05.02	00:50:15.199	0.98194	0.98194			6
2024.05.02	00:50:15.272	0.98193	0.98193			6
2024.05.02	00:50:15.302	0.98194	0.98194			6
2024.05.02	00:50:15.332	0.98193	0.98193			6
2024.05.02	00:50:15.968	0.98194	0.98194			6
2024.05.02	00:50:16.027	0.98193	0.98193			6
2024.05.02	00:50:16.241	0.98192	0.98192			6
2024.05.02	00:50:16.272	0.98193	0.98193			6
2024.05.02	00:50:16.513	0.98192	0.98192			6
2024.05.02	00:50:16.573	0.98193	0.98193			6
2024.05.02	00:50:16.603	0.98192	0.98192			6
2024.05.02	00:50:16.722	0.98191	0.98191			6
2024.05.02	00:50:16.752	0.98190	0.98190			6
2024.05.02	00:50:17.010	0.98191	0.98191			6
2024.05.02	00:50:17.103	0.98190	0.98190			6
2024.05.02	00:50:17.335	0.98191	0.98191			6
2024.05.02	00:50:17.364	0.98192	0.98192			6
2024.05.02	00:50:17.428	0.98191	0.98191			6
2024.05.02	00:50:17.459	0.98192	0.98192			6
2024.05.02	00:50:17.488	0.98191	0.98191			6
2024.05.02	00:50:17.518	0.98192	0.98192			6
2024.05.02	00:50:17.994	0.98191	0.98191			6
2024.05.02	00:50:18.115	0.98192	0.98192			6
2024.05.02	00:50:18.775	0.98191	0.98191			6
2024.05.02	00:50:19.300	0.98201	0.98201			6
2024.05.02	00:50:19.502	0.98203	0.98203			6
2024.05.02	00:50:19.533	0.98202	0.98202			6
2024.05.02	00:50:19.653	0.98203	0.98203			6
2024.05.02	00:50:19.802	0.98202	0.98202			6
2024.05.02	00:50:20.057	0.98208	0.98208			6
2024.05.02	00:50:21.137	0.98204	0.98204			6
2024.05.02	00:50:21.197	0.98205	0.98205			6
2024.05.02	00:50:21.227	0.98204	0.98204			6
2024.05.02	00:50:22.297	0.98205	0.98205			6
2024.05.02	00:50:23.030	0.98207	0.98207			6
2024.05.02	00:50:23.059	0.98205	0.98205			6
2024.05.02	00:50:23.120	0.98206	0.98206			6
2024.05.02	00:50:23.179	0.98204	0.98204			6
2024.05.02	00:50:23.420	0.98205	0.98205			6
2024.05.02	00:50:23.449	0.98204	0.98204			6
2024.05.02	00:50:24.967	0.98207	0.98207			6
2024.05.02	00:50:24.998	0.98204	0.98204			6
2024.05.02	00:50:25.127	0.98207	0.98207			6
2024.05.02	00:50:25.159	0.98203	0.98203			6
2024.05.02	00:50:25.289	0.98204	0.98204			6
2024.05.02	00:50:25.318	0.98202	0.98202			6
2024.05.02	00:50:25.425	0.98204	0.98204			6
2024.05.02	00:50:25.485	0.98202	0.98202			6
2024.05.02	00:50:25.632	0.98204	0.98204			6
2024.05.02	00:50:25.661	0.98202	0.98202			6
2024.05.02	00:50:25.774	0.98203	0.98203			6
2024.05.02	00:50:25.803	0.98202	0.98202			6
2024.05.02	00:50:25.914	0.98203	0.98203			6
2024.05.02	00:50:25.944	0.98202	0.98202			6
2024.05.02	00:50:27.059	0.98199	0.98199			6
2024.05.02	00:50:27.119	0.98198	0.98198			6
2024.05.02	00:50:27.270	0.98201	0.98201			6
2024.05.02	00:50:27.369	0.98202	0.98202			6
2024.05.02	00:50:27.459	0.98201	0.98201			6
2024.05.02	00:50:27.699	0.98202	0.98202			6
2024.05.02	00:50:28.072	0.98201	0.98201			6
2024.05.02	00:50:28.132	0.98203	0.98203			6
2024.05.02	00:50:28.427	0.98202	0.98202			6
2024.05.02	00:50:29.179	0.98201	0.98201			6
2024.05.02	00:50:29.238	0.98202	0.98202			6
2024.05.02	00:50:29.272	0.98203	0.98203			6
2024.05.02	00:50:29.687	0.98204	0.98204			6
2024.05.02	00:50:29.836	0.98205	0.98205			6
2024.05.02	00:50:29.866	0.98203	0.98203			6
2024.05.02	00:50:30.729	0.98205	0.98205			6
2024.05.02	00:50:31.648	0.98204	0.98204			6
2024.05.02	00:50:31.871	0.98203	0.98203			6
2024.05.02	00:50:31.992	0.98205	0.98205			6
2024.05.02	00:50:32.927	0.98209	0.98209			6
2024.05.02	00:50:32.985	0.98210	0.98210			6
2024.05.02	00:50:33.016	0.98209	0.98209			6
2024.05.02	00:50:34.215	0.98207	0.98207			6
2024.05.02	00:50:34.277	0.98208	0.98208			6
2024.05.02	00:50:34.336	0.98207	0.98207			6
2024.05.02	00:50:34.692	0.98208	0.98208			6
2024.05.02	00:50:35.452	0.98206	0.98206			6
2024.05.02	00:50:35.657	0.98205	0.98205			6
2024.05.02	00:50:35.719	0.98203	0.98203			6
2024.05.02	00:50:35.782	0.98210	0.98210			6
2024.05.02	00:50:36.040	0.98211	0.98211			6
2024.05.02	00:50:36.389	0.98210	0.98210			6
2024.05.02	00:50:37.708	0.98211	0.98211			6
2024.05.02	00:50:38.175	0.98217	0.98217			6
2024.05.02	00:50:38.205	0.98216	0.98216			6
2024.05.02	00:50:38.235	0.98214	0.98214			6
2024.05.02	00:50:38.295	0.98213	0.98213			6
2024.05.02	00:50:39.320	0.98214	0.98214			6
2024.05.02	00:50:39.988	0.98213	0.98213			6
2024.05.02	00:50:41.860	0.98214	0.98214			6
2024.05.02	00:50:41.923	0.98213	0.98213			6
2024.05.02	00:50:41.953	0.98214	0.98214			6
2024.05.02	00:50:42.104	0.98215	0.98215			6
2024.05.02	00:50:42.164	0.98214	0.98214			6
2024.05.02	00:50:43.734	0.98213	0.98213			6
2024.05.02	00:50:44.196	0.98214	0.98214			6
2024.05.02	00:50:44.225	0.98213	0.98213			6
2024.05.02	00:50:44.843	0.98193	0.98193			6
2024.05.02	00:50:44.873	0.98191	0.98191			6
2024.05.02	00:50:44.963	0.98193	0.98193			6
2024.05.02	00:50:45.138	0.98195	0.98195			6
2024.05.02	00:50:45.168	0.98197	0.98197			6
2024.05.02	00:50:45.198	0.98196	0.98196			6
2024.05.02	00:50:45.227	0.98195	0.98195			6
2024.05.02	00:50:45.287	0.98194	0.98194			6
2024.05.02	00:50:45.806	0.98193	0.98193			6
2024.05.02	00:50:45.838	0.98192	0.98192			6
2024.05.02	00:50:46.196	0.98193	0.98193			6
2024.05.02	00:50:46.947	0.98195	0.98195			6
2024.05.02	00:50:47.007	0.98194	0.98194			6
2024.05.02	00:50:47.505	0.98191	0.98191			6
2024.05.02	00:50:47.746	0.98190	0.98190			6
2024.05.02	00:50:48.086	0.98189	0.98189			6
2024.05.02	00:50:48.272	0.98190	0.98190			6
2024.05.02	00:50:48.302	0.98195	0.98195			6
2024.05.02	00:50:48.432	0.98196	0.98196			6
2024.05.02	00:50:48.912	0.98194	0.98194			6
2024.05.02	00:50:49.002	0.98193	0.98193			6
2024.05.02	00:50:49.061	0.98195	0.98195			6
2024.05.02	00:50:49.129	0.98206	0.98206			6
2024.05.02	00:50:49.158	0.98207	0.98207			6
2024.05.02	00:50:49.188	0.98208	0.98208			6
2024.05.02	00:50:49.249	0.98209	0.98209			6
2024.05.02	00:50:49.279	0.98210	0.98210			6
2024.05.02	00:50:49.518	0.98212	0.98212			6
2024.05.02	00:50:49.548	0.98210	0.98210			6
2024.05.02	00:50:49.669	0.98209	0.98209			6
2024.05.02	00:50:49.758	0.98210	0.98210			6
2024.05.02	00:50:49.789	0.98209	0.98209			6
2024.05.02	00:50:49.848	0.98210	0.98210			6
2024.05.02	00:50:51.058	0.98212	0.98212			6
2024.05.02	00:50:51.089	0.98209	0.98209			6
2024.05.02	00:50:52.527	0.98211	0.98211			6
2024.05.02	00:50:52.557	0.98210	0.98210			6
2024.05.02	00:50:52.678	0.98213	0.98213			6
2024.05.02	00:50:52.707	0.98210	0.98210			6
2024.05.02	00:50:52.827	0.98212	0.98212			6
2024.05.02	00:50:52.857	0.98210	0.98210			6
2024.05.02	00:50:52.947	0.98209	0.98209			6
2024.05.02	00:50:53.038	0.98210	0.98210			6
2024.05.02	00:50:53.139	0.98212	0.98212			6
2024.05.02	00:50:53.168	0.98211	0.98211			6
2024.05.02	00:50:53.290	0.98212	0.98212			6
2024.05.02	00:50:53.350	0.98213	0.98213			6
2024.05.02	00:50:53.410	0.98212	0.98212			6
2024.05.02	00:50:53.440	0.98213	0.98213			6
2024.05.02	00:50:53.470	0.98212	0.98212			6
2024.05.02	00:50:53.531	0.98213	0.98213			6
2024.05.02	00:50:53.682	0.98211	0.98211			6
2024.05.02	00:50:53.712	0.98213	0.98213			6
2024.05.02	00:50:53.773	0.98215	0.98215			6
2024.05.02	00:50:53.802	0.98213	0.98213			6
2024.05.02	00:50:53.865	0.98216	0.98216			6
2024.05.02	00:50:54.190	0.98212	0.98212			6
2024.05.02	00:50:54.558	0.98214	0.98214			6
2024.05.02	00:50:54.587	0.98212	0.98212			6
2024.05.02	00:50:55.142	0.98210	0.98210			6
2024.05.02	00:50:55.172	0.98208	0.98208			6
2024.05.02	00:50:55.571	0.98210	0.98210			6
2024.05.02	00:50:57.178	0.98209	0.98209			6
2024.05.02	00:50:57.208	0.98210	0.98210			6
2024.05.02	00:50:57.268	0.98207	0.98207			6
2024.05.02	00:50:57.440	0.98210	0.98210			6
2024.05.02	00:50:57.774	0.98207	0.98207			6
2024.05.02	00:50:58.066	0.98209	0.98209			6
2024.05.02	00:50:59.218	0.98207	0.98207			6
2024.05.02	00:50:59.496	0.98209	0.98209			6
2024.05.02	00:50:59.526	0.98207	0.98207			6
2024.05.02	00:50:59.646	0.98208	0.98208			6
2024.05.02	00:50:59.676	0.98207	0.98207			6
2024.05.02	00:51:00.188	0.98208	0.98208			6
2024.05.02	00:51:00.218	0.98207	0.98207			6
2024.05.02	00:51:00.310	0.98208	0.98208			6
2024.05.02	00:51:00.341	0.98206	0.98206			6
2024.05.02	00:51:00.557	0.98209	0.98209			6
2024.05.02	00:51:01.124	0.98211	0.98211			6
2024.05.02	00:51:01.184	0.98210	0.98210			6
2024.05.02	00:51:03.351	0.98211	0.98211			6
2024.05.02	00:51:03.956	0.98209	0.98209			6
2024.05.02	00:51:03.995	0.98207	0.98207			6
2024.05.02	00:51:04.054	0.98205	0.98205			6
2024.05.02	00:51:04.475	0.98207	0.98207			6
2024.05.02	00:51:04.505	0.98206	0.98206			6
2024.05.02	00:51:04.636	0.98205	0.98205			6
2024.05.02	00:51:04.725	0.98207	0.98207			6
2024.05.02	00:51:04.755	0.98206	0.98206			6
2024.05.02	00:51:04.900	0.98207	0.98207			6
2024.05.02	00:51:05.035	0.98206	0.98206			6
2024.05.02	00:51:06.507	0.98207	0.98207			6
2024.05.02	00:51:10.348	0.98208	0.98208			6
2024.05.02	00:51:10.440	0.98207	0.98207			6
2024.05.02	00:51:10.796	0.98208	0.98208			6
2024.05.02	00:51:10.971	0.98207	0.98207			6
2024.05.02	00:51:11.062	0.98208	0.98208			6
2024.05.02	00:51:11.634	0.98207	0.98207			6
2024.05.02	00:51:11.756	0.98208	0.98208			6
2024.05.02	00:51:12.047	0.98207	0.98207			6
2024.05.02	00:51:12.176	0.98208	0.98208			6
2024.05.02	00:51:12.205	0.98207	0.98207			6
2024.05.02	00:51:12.434	0.98206	0.98206			6
2024.05.02	00:51:12.501	0.98208	0.98208			6
2024.05.02	00:51:12.621	0.98206	0.98206			6
2024.05.02	00:51:12.712	0.98207	0.98207			6
2024.05.02	00:51:12.741	0.98206	0.98206			6
2024.05.02	00:51:14.480	0.98207	0.98207			6
2024.05.02	00:51:14.599	0.98206	0.98206			6
2024.05.02	00:51:16.012	0.98208	0.98208			6
2024.05.02	00:51:16.041	0.98206	0.98206			6
2024.05.02	00:51:16.108	0.98208	0.98208			6
2024.05.02	00:51:16.138	0.98207	0.98207			6
2024.05.02	00:51:16.198	0.98205	0.98205			6
2024.05.02	00:51:16.228	0.98206	0.98206			6
2024.05.02	00:51:16.290	0.98208	0.98208			6
2024.05.02	00:51:16.379	0.98201	0.98201			6
2024.05.02	00:51:16.409	0.98206	0.98206			6
2024.05.02	00:51:16.643	0.98207	0.98207			6
2024.05.02	00:51:16.704	0.98206	0.98206			6
2024.05.02	00:51:19.163	0.98204	0.98204			6
2024.05.02	00:51:19.253	0.98206	0.98206			6
2024.05.02	00:51:19.475	0.98209	0.98209			6
2024.05.02	00:51:19.565	0.98207	0.98207			6
2024.05.02	00:51:19.715	0.98208	0.98208			6
2024.05.02	00:51:19.745	0.98207	0.98207			6
2024.05.02	00:51:19.836	0.98209	0.98209			6
2024.05.02	00:51:19.865	0.98207	0.98207			6
2024.05.02	00:51:19.959	0.98206	0.98206			6
2024.05.02	00:51:20.049	0.98207	0.98207			6
2024.05.02	00:51:20.578	0.98206	0.98206			6
2024.05.02	00:51:20.607	0.98207	0.98207			6
2024.05.02	00:51:20.651	0.98209	0.98209			6
2024.05.02	00:51:20.680	0.98207	0.98207			6
2024.05.02	00:51:20.801	0.98209	0.98209			6
2024.05.02	00:51:20.831	0.98207	0.98207			6
2024.05.02	00:51:21.072	0.98209	0.98209			6
2024.05.02	00:51:21.102	0.98207	0.98207			6
2024.05.02	00:51:21.193	0.98210	0.98210			6
2024.05.02	00:51:21.253	0.98207	0.98207			6
2024.05.02	00:51:21.343	0.98209	0.98209			6
2024.05.02	00:51:21.373	0.98207	0.98207			6
2024.05.02	00:51:23.145	0.98208	0.98208			6
2024.05.02	00:51:23.816	0.98209	0.98209			6
2024.05.02	00:51:24.767	0.98210	0.98210			6
2024.05.02	00:51:25.138	0.98212	0.98212			6
2024.05.02	00:51:25.228	0.98208	0.98208			6
2024.05.02	00:51:25.736	0.98209	0.98209			6
2024.05.02	00:51:26.166	0.98210	0.98210			6
2024.05.02	00:51:26.196	0.98209	0.98209			6
2024.05.02	00:51:26.285	0.98208	0.98208			6
2024.05.02	00:51:26.598	0.98211	0.98211			6
2024.05.02	00:51:28.927	0.98213	0.98213			6
2024.05.02	00:51:29.319	0.98211	0.98211			6
2024.05.02	00:51:29.379	0.98206	0.98206			6
2024.05.02	00:51:29.409	0.98210	0.98210			6
2024.05.02	00:51:30.716	0.98209	0.98209			6
2024.05.02	00:51:32.166	0.98210	0.98210			6
2024.05.02	00:51:32.196	0.98211	0.98211			6
2024.05.02	00:51:32.227	0.98209	0.98209			6
2024.05.02	00:51:33.328	0.98210	0.98210			6
2024.05.02	00:51:33.387	0.98212	0.98212			6
2024.05.02	00:51:33.747	0.98208	0.98208			6
2024.05.02	00:51:34.793	0.98209	0.98209			6
2024.05.02	00:51:35.063	0.98213	0.98213			6
2024.05.02	00:51:35.123	0.98212	0.98212			6
2024.05.02	00:51:35.448	0.98214	0.98214			6
2024.05.02	00:51:35.900	0.98212	0.98212			6
2024.05.02	00:51:38.308	0.98214	0.98214			6
2024.05.02	00:51:40.376	0.98213	0.98213			6
2024.05.02	00:51:45.193	0.98215	0.98215			6
2024.05.02	00:51:45.254	0.98216	0.98216			6
2024.05.02	00:51:45.706	0.98217	0.98217			6
2024.05.02	00:51:45.769	0.98218	0.98218			6
2024.05.02	00:51:46.906	0.98219	0.98219			6
2024.05.02	00:51:47.568	0.98222	0.98222			6
2024.05.02	00:51:48.015	0.98219	0.98219			6
2024.05.02	00:51:48.206	0.98220	0.98220			6
2024.05.02	00:51:48.640	0.98217	0.98217			6
2024.05.02	00:51:49.966	0.98218	0.98218			6
2024.05.02	00:51:50.445	0.98217	0.98217			6
2024.05.02	00:51:50.839	0.98218	0.98218			6
2024.05.02	00:51:51.162	0.98219	0.98219			6
2024.05.02	00:51:51.192	0.98221	0.98221			6
2024.05.02	00:51:51.313	0.98219	0.98219			6
2024.05.02	00:51:51.343	0.98218	0.98218			6
2024.05.02	00:51:51.373	0.98219	0.98219			6
2024.05.02	00:51:52.264	0.98218	0.98218			6
2024.05.02	00:51:53.112	0.98217	0.98217			6
2024.05.02	00:51:53.968	0.98218	0.98218			6
2024.05.02	00:51:53.998	0.98219	0.98219			6
2024.05.02	00:51:54.178	0.98218	0.98218			6
2024.05.02	00:51:55.394	0.98219	0.98219			6
2024.05.02	00:51:55.483	0.98218	0.98218			6
2024.05.02	00:51:55.856	0.98216	0.98216			6
2024.05.02	00:51:55.885	0.98217	0.98217			6
2024.05.02	00:51:56.256	0.98218	0.98218			6
2024.05.02	00:51:57.902	0.98216	0.98216			6
2024.05.02	00:51:58.326	0.98218	0.98218			6
2024.05.02	00:51:59.078	0.98195	0.98195			6
2024.05.02	00:51:59.138	0.98199	0.98199			6
2024.05.02	00:51:59.169	0.98198	0.98198			6
2024.05.02	00:51:59.198	0.98197	0.98197			6
2024.05.02	00:51:59.228	0.98198	0.98198			6
2024.05.02	00:51:59.389	0.98197	0.98197			6
2024.05.02	00:51:59.449	0.98198	0.98198			6
2024.05.02	00:51:59.767	0.98186	0.98186			6
2024.05.02	00:51:59.790	0.98193	0.98193			6
2024.05.02	00:51:59.820	0.98197	0.98197			6
2024.05.02	00:51:59.850	0.98199	0.98199			6
2024.05.02	00:51:59.911	0.98198	0.98198			6
2024.05.02	00:52:00.258	0.98186	0.98186			6
2024.05.02	00:52:00.378	0.98185	0.98185			6
2024.05.02	00:52:00.498	0.98199	0.98199			6
2024.05.02	00:52:00.782	0.98200	0.98200			6
2024.05.02	00:52:00.932	0.98199	0.98199			6
2024.05.02	00:52:00.962	0.98198	0.98198			6
2024.05.02	00:52:00.992	0.98197	0.98197			6
2024.05.02	00:52:01.084	0.98196	0.98196			6
2024.05.02	00:52:01.382	0.98193	0.98193			6
2024.05.02	00:52:01.533	0.98192	0.98192			6
2024.05.02	00:52:01.618	0.98193	0.98193			6
2024.05.02	00:52:04.957	0.98195	0.98195			6
2024.05.02	00:52:05.258	0.98196	0.98196			6
2024.05.02	00:52:06.228	0.98189	0.98189			6
2024.05.02	00:52:06.318	0.98186	0.98186			6
2024.05.02	00:52:06.439	0.98183	0.98183			6
2024.05.02	00:52:06.468	0.98184	0.98184			6
2024.05.02	00:52:06.727	0.98179	0.98179			6
2024.05.02	00:52:07.597	0.98180	0.98180			6
2024.05.02	00:52:08.463	0.98179	0.98179			6
2024.05.02	00:52:08.596	0.98180	0.98180			6
2024.05.02	00:52:08.626	0.98179	0.98179			6
2024.05.02	00:52:08.687	0.98180	0.98180			6
2024.05.02	00:52:08.746	0.98181	0.98181			6
2024.05.02	00:52:08.958	0.98180	0.98180			6
2024.05.02	00:52:09.047	0.98179	0.98179			6
2024.05.02	00:52:09.429	0.98177	0.98177			6
2024.05.02	00:52:10.098	0.98178	0.98178			6
2024.05.02	00:52:10.519	0.98181	0.98181			6
2024.05.02	00:52:10.939	0.98180	0.98180			6
2024.05.02	00:52:11.935	0.98175	0.98175			6
2024.05.02	00:52:11.997	0.98176	0.98176			6
2024.05.02	00:52:12.027	0.98175	0.98175			6
2024.05.02	00:52:12.057	0.98177	0.98177			6
2024.05.02	00:52:12.201	0.98172	0.98172			6
2024.05.02	00:52:12.290	0.98173	0.98173			6
2024.05.02	00:52:13.009	0.98174	0.98174			6
2024.05.02	00:52:15.271	0.98173	0.98173			6
2024.05.02	00:52:15.480	0.98174	0.98174			6
2024.05.02	00:52:15.752	0.98173	0.98173			6
2024.05.02	00:52:15.872	0.98172	0.98172			6
2024.05.02	00:52:16.326	0.98173	0.98173			6
2024.05.02	00:52:16.385	0.98172	0.98172			6
2024.05.02	00:52:16.476	0.98173	0.98173			6
2024.05.02	00:52:16.507	0.98178	0.98178			6
2024.05.02	00:52:16.537	0.98179	0.98179			6
2024.05.02	00:52:16.778	0.98180	0.98180			6
2024.05.02	00:52:16.838	0.98181	0.98181			6
2024.05.02	00:52:16.869	0.98189	0.98189			6
2024.05.02	00:52:16.898	0.98190	0.98190			6
2024.05.02	00:52:17.227	0.98187	0.98187			6
2024.05.02	00:52:17.317	0.98186	0.98186			6
2024.05.02	00:52:17.383	0.98188	0.98188			6
2024.05.02	00:52:17.412	0.98187	0.98187			6
2024.05.02	00:52:17.471	0.98188	0.98188			6
2024.05.02	00:52:17.981	0.98187	0.98187			6
2024.05.02	00:52:18.040	0.98188	0.98188			6
2024.05.02	00:52:18.130	0.98189	0.98189			6
2024.05.02	00:52:18.161	0.98188	0.98188			6
2024.05.02	00:52:19.393	0.98187	0.98187			6
2024.05.02	00:52:19.819	0.98188	0.98188			6
2024.05.02	00:52:20.182	0.98186	0.98186			6
2024.05.02	00:52:21.157	0.98167	0.98167			6
2024.05.02	00:52:21.366	0.98166	0.98166			6
2024.05.02	00:52:21.636	0.98198	0.98198			6
2024.05.02	00:52:21.665	0.98200	0.98200			6
2024.05.02	00:52:21.765	0.98201	0.98201			6
2024.05.02	00:52:21.855	0.98200	0.98200			6
2024.05.02	00:52:22.368	0.98201	0.98201			6
2024.05.02	00:52:22.429	0.98208	0.98208			6
2024.05.02	00:52:22.549	0.98209	0.98209			6
2024.05.02	00:52:22.796	0.98210	0.98210			6
2024.05.02	00:52:22.916	0.98211	0.98211			6
2024.05.02	00:52:23.031	0.98209	0.98209			6
2024.05.02	00:52:23.522	0.98211	0.98211			6
2024.05.02	00:52:24.070	0.98210	0.98210			6
2024.05.02	00:52:24.160	0.98216	0.98216			6
2024.05.02	00:52:24.190	0.98220	0.98220			6
2024.05.02	00:52:24.250	0.98221	0.98221			6
2024.05.02	00:52:24.310	0.98218	0.98218			6
2024.05.02	00:52:24.960	0.98216	0.98216			6
2024.05.02	00:52:25.258	0.98217	0.98217			6
2024.05.02	00:52:25.289	0.98220	0.98220			6
2024.05.02	00:52:25.593	0.98219	0.98219			6
2024.05.02	00:52:26.041	0.98221	0.98221			6
2024.05.02	00:52:26.341	0.98218	0.98218			6
2024.05.02	00:52:27.024	0.98219	0.98219			6
2024.05.02	00:52:28.033	0.98220	0.98220			6
2024.05.02	00:52:28.420	0.98219	0.98219			6
2024.05.02	00:52:29.870	0.98217	0.98217			6
2024.05.02	00:52:29.901	0.98214	0.98214			6
2024.05.02	00:52:30.081	0.98216	0.98216			6
2024.05.02	00:52:30.281	0.98213	0.98213			6
2024.05.02	00:52:30.551	0.98211	0.98211			6
2024.05.02	00:52:31.055	0.98210	0.98210			6
2024.05.02	00:52:31.185	0.98211	0.98211			6
2024.05.02	00:52:31.243	0.98210	0.98210			6
2024.05.02	00:52:31.560	0.98212	0.98212			6
2024.05.02	00:52:31.821	0.98216	0.98216			6
2024.05.02	00:52:32.261	0.98213	0.98213			6
2024.05.02	00:52:32.691	0.98214	0.98214			6
2024.05.02	00:52:32.847	0.98213	0.98213			6
2024.05.02	00:52:32.989	0.98212	0.98212			6
2024.05.02	00:52:33.159	0.98213	0.98213			6
2024.05.02	00:52:33.189	0.98212	0.98212			6
2024.05.02	00:52:33.250	0.98213	0.98213			6
2024.05.02	00:52:33.280	0.98212	0.98212			6
2024.05.02	00:52:33.636	0.98211	0.98211			6
2024.05.02	00:52:34.023	0.98212	0.98212			6
2024.05.02	00:52:34.333	0.98213	0.98213			6
2024.05.02	00:52:35.436	0.98212	0.98212			6
2024.05.02	00:52:35.987	0.98211	0.98211			6
2024.05.02	00:52:36.389	0.98210	0.98210			6
2024.05.02	00:52:36.419	0.98205	0.98205			6
2024.05.02	00:52:36.652	0.98202	0.98202			6
2024.05.02	00:52:37.185	0.98201	0.98201			6
2024.05.02	00:52:37.244	0.98202	0.98202			6
2024.05.02	00:52:38.044	0.98201	0.98201			6
2024.05.02	00:52:38.436	0.98202	0.98202			6
2024.05.02	00:52:38.496	0.98201	0.98201			6
2024.05.02	00:52:38.773	0.98202	0.98202			6
2024.05.02	00:52:39.144	0.98200	0.98200			6
2024.05.02	00:52:39.264	0.98201	0.98201			6
2024.05.02	00:52:41.575	0.98200	0.98200			6
2024.05.02	00:52:41.636	0.98198	0.98198			6
2024.05.02	00:52:41.726	0.98199	0.98199			6
2024.05.02	00:52:41.937	0.98201	0.98201			6
2024.05.02	00:52:42.037	0.98200	0.98200			6
2024.05.02	00:52:42.096	0.98201	0.98201			6
2024.05.02	00:52:42.965	0.98200	0.98200			6
2024.05.02	00:52:43.211	0.98199	0.98199			6
2024.05.02	00:52:43.505	0.98198	0.98198			6
2024.05.02	00:52:43.880	0.98199	0.98199			6
2024.05.02	00:52:45.020	0.98198	0.98198			6
2024.05.02	00:52:45.081	0.98199	0.98199			6
2024.05.02	00:52:46.939	0.98198	0.98198			6
2024.05.02	00:52:47.387	0.98199	0.98199			6
2024.05.02	00:52:47.417	0.98198	0.98198			6
2024.05.02	00:52:48.156	0.98199	0.98199			6
2024.05.02	00:52:48.563	0.98198	0.98198			6
2024.05.02	00:52:50.075	0.98199	0.98199			6
2024.05.02	00:52:50.105	0.98200	0.98200			6
2024.05.02	00:52:50.135	0.98199	0.98199			6
2024.05.02	00:52:50.488	0.98198	0.98198			6
2024.05.02	00:52:50.907	0.98184	0.98184			6
2024.05.02	00:52:50.996	0.98183	0.98183			6
2024.05.02	00:52:51.147	0.98182	0.98182			6
2024.05.02	00:52:52.047	0.98195	0.98195			6
2024.05.02	00:52:52.553	0.98197	0.98197			6
2024.05.02	00:52:52.613	0.98198	0.98198			6
2024.05.02	00:52:52.643	0.98197	0.98197			6
2024.05.02	00:52:52.989	0.98198	0.98198			6
2024.05.02	00:52:55.425	0.98197	0.98197			6
2024.05.02	00:52:56.700	0.98198	0.98198			6
2024.05.02	00:52:57.018	0.98197	0.98197			6
2024.05.02	00:52:58.133	0.98198	0.98198			6
2024.05.02	00:52:58.170	0.98197	0.98197			6
2024.05.02	00:52:58.201	0.98198	0.98198			6
2024.05.02	00:52:58.306	0.98197	0.98197			6
2024.05.02	00:52:58.335	0.98198	0.98198			6
2024.05.02	00:53:01.752	0.98196	0.98196			6
2024.05.02	00:53:04.629	0.98191	0.98191			6
2024.05.02	00:53:04.659	0.98183	0.98183			6
2024.05.02	00:53:04.718	0.98181	0.98181			6
2024.05.02	00:53:05.135	0.98176	0.98176			6
2024.05.02	00:53:06.628	0.98168	0.98168			6
2024.05.02	00:53:06.658	0.98165	0.98165			6
2024.05.02	00:53:06.687	0.98164	0.98164			6
2024.05.02	00:53:06.998	0.98162	0.98162			6
2024.05.02	00:53:07.731	0.98163	0.98163			6
2024.05.02	00:53:08.107	0.98160	0.98160			6
2024.05.02	00:53:08.830	0.98159	0.98159			6
2024.05.02	00:53:08.921	0.98160	0.98160			6
2024.05.02	00:53:08.951	0.98159	0.98159			6
2024.05.02	00:53:09.175	0.98158	0.98158			6
2024.05.02	00:53:10.591	0.98157	0.98157			6
2024.05.02	00:53:10.622	0.98155	0.98155			6
2024.05.02	00:53:10.682	0.98156	0.98156			6
2024.05.02	00:53:10.711	0.98155	0.98155			6
2024.05.02	00:53:11.171	0.98152	0.98152			6
2024.05.02	00:53:11.241	0.98153	0.98153			6
2024.05.02	00:53:12.218	0.98151	0.98151			6
2024.05.02	00:53:12.983	0.98152	0.98152			6
2024.05.02	00:53:14.403	0.98151	0.98151			6
2024.05.02	00:53:15.337	0.98153	0.98153			6
2024.05.02	00:53:15.600	0.98157	0.98157			6
2024.05.02	00:53:15.629	0.98158	0.98158			6
2024.05.02	00:53:15.689	0.98162	0.98162			6
2024.05.02	00:53:15.718	0.98163	0.98163			6
2024.05.02	00:53:15.778	0.98164	0.98164			6
2024.05.02	00:53:15.929	0.98165	0.98165			6
2024.05.02	00:53:16.143	0.98166	0.98166			6
2024.05.02	00:53:16.173	0.98163	0.98163			6
2024.05.02	00:53:16.294	0.98164	0.98164			6
2024.05.02	00:53:16.612	0.98167	0.98167			6
2024.05.02	00:53:18.443	0.98176	0.98176			6
2024.05.02	00:53:18.474	0.98190	0.98190			6
2024.05.02	00:53:18.919	0.98191	0.98191			6
2024.05.02	00:53:19.658	0.98192	0.98192			6
2024.05.02	00:53:20.846	0.98193	0.98193			6
2024.05.02	00:53:23.458	0.98197	0.98197			6
2024.05.02	00:53:24.194	0.98198	0.98198			6
2024.05.02	00:53:24.810	0.98199	0.98199			6
2024.05.02	00:53:24.840	0.98198	0.98198			6
2024.05.02	00:53:24.901	0.98199	0.98199			6
2024.05.02	00:53:25.582	0.98197	0.98197			6
2024.05.02	00:53:25.822	0.98199	0.98199			6
2024.05.02	00:53:25.911	0.98200	0.98200			6
2024.05.02	00:53:28.705	0.98201	0.98201			6
2024.05.02	00:53:29.045	0.98200	0.98200			6
2024.05.02	00:53:29.106	0.98201	0.98201			6
2024.05.02	00:53:29.135	0.98200	0.98200			6
2024.05.02	00:53:31.024	0.98197	0.98197			6
2024.05.02	00:53:31.084	0.98196	0.98196			6
2024.05.02	00:53:31.234	0.98195	0.98195			6
2024.05.02	00:53:31.264	0.98186	0.98186			6
2024.05.02	00:53:31.355	0.98185	0.98185			6
2024.05.02	00:53:31.564	0.98187	0.98187			6
2024.05.02	00:53:31.595	0.98188	0.98188			6
2024.05.02	00:53:31.626	0.98189	0.98189			6
2024.05.02	00:53:31.687	0.98188	0.98188			6
2024.05.02	00:53:31.806	0.98190	0.98190			6
2024.05.02	00:53:32.122	0.98191	0.98191			6
2024.05.02	00:53:33.244	0.98190	0.98190			6
2024.05.02	00:53:33.566	0.98189	0.98189			6
2024.05.02	00:53:34.236	0.98188	0.98188			6
2024.05.02	00:53:34.329	0.98187	0.98187			6
2024.05.02	00:53:34.358	0.98188	0.98188			6
2024.05.02	00:53:34.623	0.98187	0.98187			6
2024.05.02	00:53:34.687	0.98188	0.98188			6
2024.05.02	00:53:34.927	0.98187	0.98187			6
2024.05.02	00:53:35.048	0.98186	0.98186			6
2024.05.02	00:53:35.184	0.98196	0.98196			6
2024.05.02	00:53:35.213	0.98191	0.98191			6
2024.05.02	00:53:35.243	0.98194	0.98194			6
2024.05.02	00:53:35.304	0.98188	0.98188			6
2024.05.02	00:53:35.423	0.98189	0.98189			6
2024.05.02	00:53:36.113	0.98188	0.98188			6
2024.05.02	00:53:36.327	0.98187	0.98187			6
2024.05.02	00:53:36.357	0.98186	0.98186			6
2024.05.02	00:53:36.717	0.98185	0.98185			6
2024.05.02	00:53:37.128	0.98184	0.98184			6
2024.05.02	00:53:37.248	0.98185	0.98185			6
2024.05.02	00:53:37.512	0.98186	0.98186			6
2024.05.02	00:53:37.806	0.98183	0.98183			6
2024.05.02	00:53:38.235	0.98184	0.98184			6
2024.05.02	00:53:38.706	0.98183	0.98183			6
2024.05.02	00:53:38.858	0.98182	0.98182			6
2024.05.02	00:53:39.826	0.98181	0.98181			6
2024.05.02	00:53:39.857	0.98180	0.98180			6
2024.05.02	00:53:39.887	0.98179	0.98179			6
2024.05.02	00:53:39.917	0.98184	0.98184			6
2024.05.02	00:53:39.948	0.98185	0.98185			6
2024.05.02	00:53:39.978	0.98178	0.98178			6
2024.05.02	00:53:40.548	0.98180	0.98180			6
2024.05.02	00:53:40.609	0.98179	0.98179			6
2024.05.02	00:53:40.781	0.98180	0.98180			6
2024.05.02	00:53:41.082	0.98179	0.98179			6
2024.05.02	00:53:41.172	0.98178	0.98178			6
2024.05.02	00:53:41.230	0.98179	0.98179			6
2024.05.02	00:53:41.261	0.98175	0.98175			6
2024.05.02	00:53:41.351	0.98189	0.98189			6
2024.05.02	00:53:41.381	0.98194	0.98194			6
2024.05.02	00:53:41.411	0.98181	0.98181			6
2024.05.02	00:53:42.182	0.98198	0.98198			6
2024.05.02	00:53:42.271	0.98197	0.98197			6
2024.05.02	00:53:42.303	0.98196	0.98196			6
2024.05.02	00:53:42.363	0.98197	0.98197			6
2024.05.02	00:53:42.423	0.98194	0.98194			6
2024.05.02	00:53:42.589	0.98192	0.98192			6
2024.05.02	00:53:42.619	0.98184	0.98184			6
2024.05.02	00:53:42.680	0.98181	0.98181			6
2024.05.02	00:53:42.710	0.98182	0.98182			6
2024.05.02	00:53:42.740	0.98181	0.98181			6
2024.05.02	00:53:42.800	0.98180	0.98180			6
2024.05.02	00:53:42.829	0.98182	0.98182			6
2024.05.02	00:53:42.860	0.98184	0.98184			6
2024.05.02	00:53:42.889	0.98180	0.98180			6
2024.05.02	00:53:43.145	0.98178	0.98178			6
2024.05.02	00:53:43.265	0.98179	0.98179			6
2024.05.02	00:53:43.447	0.98182	0.98182			6
2024.05.02	00:53:43.695	0.98183	0.98183			6
2024.05.02	00:53:44.239	0.98185	0.98185			6
2024.05.02	00:53:44.780	0.98184	0.98184			6
2024.05.02	00:53:44.871	0.98185	0.98185			6
2024.05.02	00:53:44.900	0.98184	0.98184			6
2024.05.02	00:53:44.931	0.98185	0.98185			6
2024.05.02	00:53:45.081	0.98187	0.98187			6
2024.05.02	00:53:45.236	0.98188	0.98188			6
2024.05.02	00:53:45.868	0.98189	0.98189			6
2024.05.02	00:53:46.171	0.98179	0.98179			6
2024.05.02	00:53:46.235	0.98180	0.98180			6
2024.05.02	00:53:46.326	0.98179	0.98179			6
2024.05.02	00:53:46.631	0.98188	0.98188			6
2024.05.02	00:53:46.812	0.98189	0.98189			6
2024.05.02	00:53:46.902	0.98188	0.98188			6
2024.05.02	00:53:47.083	0.98185	0.98185			6
2024.05.02	00:53:48.062	0.98186	0.98186			6
2024.05.02	00:53:49.067	0.98187	0.98187			6
2024.05.02	00:53:49.930	0.98188	0.98188			6
2024.05.02	00:53:50.473	0.98189	0.98189			6
2024.05.02	00:53:50.503	0.98188	0.98188			6
2024.05.02	00:53:50.827	0.98189	0.98189			6
2024.05.02	00:53:50.894	0.98188	0.98188			6
2024.05.02	00:53:50.983	0.98189	0.98189			6
2024.05.02	00:53:51.073	0.98188	0.98188			6
2024.05.02	00:53:51.194	0.98184	0.98184			6
2024.05.02	00:53:52.079	0.98183	0.98183			6
2024.05.02	00:53:52.235	0.98184	0.98184			6
2024.05.02	00:53:52.691	0.98183	0.98183			6
2024.05.02	00:53:53.813	0.98184	0.98184			6
2024.05.02	00:53:54.061	0.98183	0.98183			6
2024.05.02	00:53:54.896	0.98182	0.98182			6
2024.05.02	00:53:55.324	0.98185	0.98185			6
2024.05.02	00:53:55.355	0.98184	0.98184			6
2024.05.02	00:53:55.595	0.98189	0.98189			6
2024.05.02	00:53:56.079	0.98187	0.98187			6
2024.05.02	00:53:56.520	0.98186	0.98186			6
2024.05.02	00:53:56.824	0.98182	0.98182			6
2024.05.02	00:53:56.853	0.98183	0.98183			6
2024.05.02	00:53:56.913	0.98182	0.98182			6
2024.05.02	00:53:58.061	0.98183	0.98183			6
2024.05.02	00:53:58.399	0.98184	0.98184			6
2024.05.02	00:53:59.713	0.98197	0.98197			6
2024.05.02	00:53:59.802	0.98199	0.98199			6
2024.05.02	00:53:59.833	0.98200	0.98200			6
2024.05.02	00:53:59.893	0.98199	0.98199			6
2024.05.02	00:53:59.924	0.98200	0.98200			6
2024.05.02	00:53:59.953	0.98201	0.98201			6
2024.05.02	00:54:00.043	0.98196	0.98196			6
2024.05.02	00:54:00.103	0.98197	0.98197			6
2024.05.02	00:54:00.193	0.98199	0.98199			6
2024.05.02	00:54:00.283	0.98198	0.98198			6
2024.05.02	00:54:00.567	0.98199	0.98199			6
2024.05.02	00:54:00.708	0.98200	0.98200			6
2024.05.02	00:54:00.836	0.98202	0.98202			6
2024.05.02	00:54:00.867	0.98205	0.98205			6
2024.05.02	00:54:00.926	0.98208	0.98208			6
2024.05.02	00:54:00.957	0.98213	0.98213			6
2024.05.02	00:54:01.217	0.98223	0.98223			6
2024.05.02	00:54:01.366	0.98224	0.98224			6
2024.05.02	00:54:01.427	0.98223	0.98223			6
2024.05.02	00:54:01.456	0.98224	0.98224			6
2024.05.02	00:54:01.487	0.98214	0.98214			6
2024.05.02	00:54:01.576	0.98215	0.98215			6
2024.05.02	00:54:01.606	0.98214	0.98214			6
2024.05.02	00:54:01.636	0.98215	0.98215			6
2024.05.02	00:54:02.720	0.98214	0.98214			6
2024.05.02	00:54:02.973	0.98221	0.98221			6
2024.05.02	00:54:03.091	0.98244	0.98244			6
2024.05.02	00:54:03.597	0.98245	0.98245			6
2024.05.02	00:54:04.090	0.98244	0.98244			6
2024.05.02	00:54:04.751	0.98245	0.98245			6
2024.05.02	00:54:05.597	0.98247	0.98247			6
2024.05.02	00:54:05.897	0.98245	0.98245			6
2024.05.02	00:54:06.047	0.98243	0.98243			6
2024.05.02	00:54:06.109	0.98241	0.98241			6
2024.05.02	00:54:06.168	0.98239	0.98239			6
2024.05.02	00:54:06.587	0.98238	0.98238			6
2024.05.02	00:54:06.821	0.98236	0.98236			6
2024.05.02	00:54:07.154	0.98239	0.98239			6
2024.05.02	00:54:07.243	0.98240	0.98240			6
2024.05.02	00:54:07.619	0.98239	0.98239			6
2024.05.02	00:54:07.978	0.98240	0.98240			6
2024.05.02	00:54:08.009	0.98238	0.98238			6
2024.05.02	00:54:08.038	0.98239	0.98239			6
2024.05.02	00:54:08.129	0.98232	0.98232			6
2024.05.02	00:54:08.436	0.98236	0.98236			6
2024.05.02	00:54:08.782	0.98235	0.98235			6
2024.05.02	00:54:08.844	0.98237	0.98237			6
2024.05.02	00:54:08.933	0.98236	0.98236			6
2024.05.02	00:54:08.963	0.98235	0.98235			6
2024.05.02	00:54:09.052	0.98233	0.98233			6
2024.05.02	00:54:09.453	0.98235	0.98235			6
2024.05.02	00:54:09.606	0.98233	0.98233			6
2024.05.02	00:54:09.635	0.98234	0.98234			6
2024.05.02	00:54:09.705	0.98233	0.98233			6
2024.05.02	00:54:09.897	0.98232	0.98232			6
2024.05.02	00:54:09.927	0.98233	0.98233			6
2024.05.02	00:54:10.450	0.98235	0.98235			6
2024.05.02	00:54:10.619	0.98234	0.98234			6
2024.05.02	00:54:10.649	0.98231	0.98231			6
2024.05.02	00:54:10.920	0.98233	0.98233			6
2024.05.02	00:54:11.237	0.98234	0.98234			6
2024.05.02	00:54:11.298	0.98233	0.98233			6
2024.05.02	00:54:11.328	0.98234	0.98234			6
2024.05.02	00:54:11.357	0.98233	0.98233			6
2024.05.02	00:54:11.447	0.98235	0.98235			6
2024.05.02	00:54:11.706	0.98234	0.98234			6
2024.05.02	00:54:11.990	0.98233	0.98233			6
2024.05.02	00:54:12.565	0.98231	0.98231			6
2024.05.02	00:54:13.191	0.98232	0.98232			6
2024.05.02	00:54:13.305	0.98233	0.98233			6
2024.05.02	00:54:13.593	0.98232	0.98232			6
2024.05.02	00:54:13.832	0.98234	0.98234			6
2024.05.02	00:54:13.952	0.98233	0.98233			6
2024.05.02	00:54:14.227	0.98234	0.98234			6
2024.05.02	00:54:14.286	0.98235	0.98235			6
2024.05.02	00:54:14.644	0.98234	0.98234			6
2024.05.02	00:54:14.764	0.98235	0.98235			6
2024.05.02	00:54:14.993	0.98236	0.98236			6
2024.05.02	00:54:15.053	0.98234	0.98234			6
2024.05.02	00:54:15.083	0.98236	0.98236			6
2024.05.02	00:54:15.114	0.98235	0.98235			6
2024.05.02	00:54:15.173	0.98236	0.98236			6
2024.05.02	00:54:15.325	0.98232	0.98232			6
2024.05.02	00:54:16.037	0.98236	0.98236			6
2024.05.02	00:54:16.069	0.98237	0.98237			6
2024.05.02	00:54:16.279	0.98236	0.98236			6
2024.05.02	00:54:16.381	0.98235	0.98235			6
2024.05.02	00:54:16.412	0.98237	0.98237			6
2024.05.02	00:54:17.182	0.98236	0.98236			6
2024.05.02	00:54:17.271	0.98237	0.98237			6
2024.05.02	00:54:17.300	0.98236	0.98236			6
2024.05.02	00:54:17.966	0.98235	0.98235			6
2024.05.02	00:54:18.027	0.98236	0.98236			6
2024.05.02	00:54:19.644	0.98234	0.98234			6
2024.05.02	00:54:20.563	0.98235	0.98235			6
2024.05.02	00:54:20.593	0.98236	0.98236			6
2024.05.02	00:54:20.652	0.98235	0.98235			6
2024.05.02	00:54:20.713	0.98234	0.98234			6
2024.05.02	00:54:20.743	0.98236	0.98236			6
2024.05.02	00:54:20.772	0.98234	0.98234			6
2024.05.02	00:54:20.894	0.98232	0.98232			6
2024.05.02	00:54:20.924	0.98222	0.98222			6
2024.05.02	00:54:20.954	0.98220	0.98220			6
2024.05.02	00:54:20.984	0.98221	0.98221			6
2024.05.02	00:54:22.172	0.98220	0.98220			6
2024.05.02	00:54:23.128	0.98221	0.98221			6
2024.05.02	00:54:23.835	0.98222	0.98222			6
2024.05.02	00:54:23.866	0.98227	0.98227			6
2024.05.02	00:54:23.926	0.98236	0.98236			6
2024.05.02	00:54:24.237	0.98233	0.98233			6
2024.05.02	00:54:24.863	0.98234	0.98234			6
2024.05.02	00:54:25.175	0.98235	0.98235			6
2024.05.02	00:54:26.092	0.98234	0.98234			6
2024.05.02	00:54:26.153	0.98235	0.98235			6
2024.05.02	00:54:26.564	0.98233	0.98233			6
2024.05.02	00:54:26.594	0.98232	0.98232			6
2024.05.02	00:54:27.072	0.98234	0.98234			6
2024.05.02	00:54:27.162	0.98235	0.98235			6
2024.05.02	00:54:27.926	0.98234	0.98234			6
2024.05.02	00:54:27.957	0.98236	0.98236			6
2024.05.02	00:54:28.768	0.98235	0.98235			6
2024.05.02	00:54:28.830	0.98234	0.98234			6
2024.05.02	00:54:28.919	0.98233	0.98233			6
2024.05.02	00:54:30.700	0.98232	0.98232			6
2024.05.02	00:54:31.137	0.98231	0.98231			6
2024.05.02	00:54:31.168	0.98233	0.98233			6
2024.05.02	00:54:31.227	0.98234	0.98234			6
2024.05.02	00:54:31.317	0.98233	0.98233			6
2024.05.02	00:54:31.609	0.98231	0.98231			6
2024.05.02	00:54:31.638	0.98233	0.98233			6
2024.05.02	00:54:32.509	0.98232	0.98232			6
2024.05.02	00:54:32.971	0.98233	0.98233			6
2024.05.02	00:54:33.682	0.98231	0.98231			6
2024.05.02	00:54:33.741	0.98233	0.98233			6
2024.05.02	00:54:33.802	0.98232	0.98232			6
2024.05.02	00:54:34.232	0.98231	0.98231			6
2024.05.02	00:54:34.292	0.98232	0.98232			6
2024.05.02	00:54:34.683	0.98231	0.98231			6
2024.05.02	00:54:35.848	0.98226	0.98226			6
2024.05.02	00:54:36.133	0.98225	0.98225			6
2024.05.02	00:54:36.223	0.98224	0.98224			6
2024.05.02	00:54:36.836	0.98226	0.98226			6
2024.05.02	00:54:36.895	0.98219	0.98219			6
2024.05.02	00:54:36.925	0.98221	0.98221			6
2024.05.02	00:54:36.984	0.98223	0.98223			6
2024.05.02	00:54:37.045	0.98220	0.98220			6
2024.05.02	00:54:37.075	0.98218	0.98218			6
2024.05.02	00:54:37.286	0.98216	0.98216			6
2024.05.02	00:54:37.316	0.98217	0.98217			6
2024.05.02	00:54:37.346	0.98216	0.98216			6
2024.05.02	00:54:37.407	0.98217	0.98217			6
2024.05.02	00:54:37.438	0.98218	0.98218			6
2024.05.02	00:54:37.496	0.98219	0.98219			6
2024.05.02	00:54:37.527	0.98220	0.98220			6
2024.05.02	00:54:37.677	0.98217	0.98217			6
2024.05.02	00:54:37.921	0.98220	0.98220			6
2024.05.02	00:54:37.951	0.98224	0.98224			6
2024.05.02	00:54:37.980	0.98223	0.98223			6
2024.05.02	00:54:38.193	0.98217	0.98217			6
2024.05.02	00:54:38.283	0.98215	0.98215			6
2024.05.02	00:54:38.312	0.98214	0.98214			6
2024.05.02	00:54:38.343	0.98217	0.98217			6
2024.05.02	00:54:38.462	0.98215	0.98215			6
2024.05.02	00:54:38.763	0.98216	0.98216			6
2024.05.02	00:54:39.285	0.98218	0.98218			6
2024.05.02	00:54:39.345	0.98216	0.98216			6
2024.05.02	00:54:39.828	0.98215	0.98215			6
2024.05.02	00:54:40.601	0.98214	0.98214			6
2024.05.02	00:54:40.627	0.98215	0.98215			6
2024.05.02	00:54:40.844	0.98213	0.98213			6
2024.05.02	00:54:41.134	0.98214	0.98214			6
2024.05.02	00:54:41.225	0.98215	0.98215			6
2024.05.02	00:54:41.288	0.98214	0.98214			6
2024.05.02	00:54:41.402	0.98213	0.98213			6
2024.05.02	00:54:41.809	0.98212	0.98212			6
2024.05.02	00:54:41.839	0.98213	0.98213			6
2024.05.02	00:54:41.869	0.98212	0.98212			6
2024.05.02	00:54:41.900	0.98213	0.98213			6
2024.05.02	00:54:42.177	0.98212	0.98212			6
2024.05.02	00:54:43.077	0.98211	0.98211			6
2024.05.02	00:54:43.108	0.98212	0.98212			6
2024.05.02	00:54:43.564	0.98213	0.98213			6
2024.05.02	00:54:44.142	0.98212	0.98212			6
2024.05.02	00:54:44.328	0.98211	0.98211			6
2024.05.02	00:54:44.389	0.98212	0.98212			6
2024.05.02	00:54:44.449	0.98211	0.98211			6
2024.05.02	00:54:44.508	0.98212	0.98212			6
2024.05.02	00:54:45.234	0.98211	0.98211			6
2024.05.02	00:54:45.264	0.98210	0.98210			6
2024.05.02	00:54:45.325	0.98211	0.98211			6
2024.05.02	00:54:45.716	0.98210	0.98210			6
2024.05.02	00:54:45.899	0.98211	0.98211			6
2024.05.02	00:54:46.183	0.98212	0.98212			6
2024.05.02	00:54:46.303	0.98213	0.98213			6
2024.05.02	00:54:46.406	0.98214	0.98214			6
2024.05.02	00:54:46.582	0.98215	0.98215			6
2024.05.02	00:54:46.642	0.98213	0.98213			6
2024.05.02	00:54:46.764	0.98214	0.98214			6
2024.05.02	00:54:47.106	0.98213	0.98213			6
2024.05.02	00:54:47.226	0.98212	0.98212			6
2024.05.02	00:54:47.286	0.98213	0.98213			6
2024.05.02	00:54:47.316	0.98212	0.98212			6
2024.05.02	00:54:47.406	0.98211	0.98211			6
2024.05.02	00:54:47.555	0.98210	0.98210			6
2024.05.02	00:54:49.018	0.98211	0.98211			6
2024.05.02	00:54:49.079	0.98212	0.98212			6
2024.05.02	00:54:49.139	0.98211	0.98211			6
2024.05.02	00:54:49.379	0.98210	0.98210			6
2024.05.02	00:54:49.409	0.98211	0.98211			6
2024.05.02	00:54:49.500	0.98210	0.98210			6
2024.05.02	00:54:49.591	0.98209	0.98209			6
2024.05.02	00:54:49.668	0.98210	0.98210			6
2024.05.02	00:54:49.729	0.98209	0.98209			6
2024.05.02	00:54:50.086	0.98210	0.98210			6
2024.05.02	00:54:50.208	0.98211	0.98211			6
2024.05.02	00:54:50.772	0.98210	0.98210			6
2024.05.02	00:54:50.983	0.98209	0.98209			6
2024.05.02	00:54:51.012	0.98210	0.98210			6
2024.05.02	00:54:51.366	0.98211	0.98211			6
2024.05.02	00:54:52.224	0.98212	0.98212			6
2024.05.02	00:54:52.315	0.98211	0.98211			6
2024.05.02	00:54:52.435	0.98209	0.98209			6
2024.05.02	00:54:52.467	0.98210	0.98210			6
2024.05.02	00:54:53.542	0.98216	0.98216			6
2024.05.02	00:54:53.758	0.98215	0.98215			6
2024.05.02	00:54:54.531	0.98216	0.98216			6
2024.05.02	00:54:54.561	0.98224	0.98224			6
2024.05.02	00:54:54.621	0.98225	0.98225			6
2024.05.02	00:54:55.065	0.98228	0.98228			6
2024.05.02	00:54:55.627	0.98229	0.98229			6
2024.05.02	00:54:55.657	0.98228	0.98228			6
2024.05.02	00:54:56.205	0.98229	0.98229			6
2024.05.02	00:54:56.481	0.98228	0.98228			6
2024.05.02	00:54:56.950	0.98229	0.98229			6
2024.05.02	00:54:57.728	0.98228	0.98228			6
2024.05.02	00:54:57.817	0.98229	0.98229			6
2024.05.02	00:54:57.878	0.98228	0.98228			6
2024.05.02	00:54:58.091	0.98231	0.98231			6
2024.05.02	00:55:01.396	0.98232	0.98232			6
2024.05.02	00:55:02.052	0.98231	0.98231			6
2024.05.02	00:55:04.490	0.98232	0.98232			6
2024.05.02	00:55:06.628	0.98233	0.98233			6
2024.05.02	00:55:07.073	0.98234	0.98234			6
2024.05.02	00:55:07.104	0.98235	0.98235			6
2024.05.02	00:55:07.135	0.98236	0.98236			6
2024.05.02	00:55:07.164	0.98235	0.98235			6
2024.05.02	00:55:08.940	0.98236	0.98236			6
2024.05.02	00:55:10.060	0.98235	0.98235			6
2024.05.02	00:55:10.091	0.98234	0.98234			6
2024.05.02	00:55:10.121	0.98231	0.98231			6
2024.05.02	00:55:10.271	0.98214	0.98214			6
2024.05.02	00:55:10.331	0.98212	0.98212			6
2024.05.02	00:55:10.421	0.98217	0.98217			6
2024.05.02	00:55:10.933	0.98220	0.98220			6
2024.05.02	00:55:10.992	0.98221	0.98221			6
2024.05.02	00:55:11.082	0.98220	0.98220			6
2024.05.02	00:55:11.202	0.98221	0.98221			6
2024.05.02	00:55:11.347	0.98219	0.98219			6
2024.05.02	00:55:11.935	0.98218	0.98218			6
2024.05.02	00:55:11.994	0.98220	0.98220			6
2024.05.02	00:55:12.025	0.98219	0.98219			6
2024.05.02	00:55:12.055	0.98220	0.98220			6
2024.05.02	00:55:12.085	0.98222	0.98222			6
2024.05.02	00:55:12.115	0.98214	0.98214			6
2024.05.02	00:55:12.204	0.98213	0.98213			6
2024.05.02	00:55:12.235	0.98212	0.98212			6
2024.05.02	00:55:12.265	0.98214	0.98214			6
2024.05.02	00:55:12.703	0.98211	0.98211			6
2024.05.02	00:55:12.734	0.98210	0.98210			6
2024.05.02	00:55:12.765	0.98212	0.98212			6
2024.05.02	00:55:12.975	0.98206	0.98206			6
2024.05.02	00:55:13.185	0.98185	0.98185			6
2024.05.02	00:55:13.216	0.98197	0.98197			6
2024.05.02	00:55:13.245	0.98196	0.98196			6
2024.05.02	00:55:13.395	0.98197	0.98197			6
2024.05.02	00:55:13.424	0.98196	0.98196			6
2024.05.02	00:55:13.455	0.98197	0.98197			6
2024.05.02	00:55:13.484	0.98196	0.98196			6
2024.05.02	00:55:13.606	0.98197	0.98197			6
2024.05.02	00:55:13.635	0.98195	0.98195			6
2024.05.02	00:55:13.695	0.98188	0.98188			6
2024.05.02	00:55:13.755	0.98187	0.98187			6
2024.05.02	00:55:14.034	0.98190	0.98190			6
2024.05.02	00:55:14.416	0.98188	0.98188			6
2024.05.02	00:55:14.775	0.98189	0.98189			6
2024.05.02	00:55:15.375	0.98190	0.98190			6
2024.05.02	00:55:16.667	0.98211	0.98211			6
2024.05.02	00:55:17.865	0.98183	0.98183			6
2024.05.02	00:55:17.896	0.98182	0.98182			6
2024.05.02	00:55:18.328	0.98186	0.98186			6
2024.05.02	00:55:18.786	0.98187	0.98187			6
2024.05.02	00:55:20.322	0.98179	0.98179			6
2024.05.02	00:55:20.352	0.98180	0.98180			6
2024.05.02	00:55:20.597	0.98184	0.98184			6
2024.05.02	00:55:20.787	0.98182	0.98182			6
2024.05.02	00:55:21.180	0.98181	0.98181			6
2024.05.02	00:55:21.755	0.98182	0.98182			6
2024.05.02	00:55:23.182	0.98181	0.98181			6
2024.05.02	00:55:24.758	0.98180	0.98180			6
2024.05.02	00:55:24.928	0.98179	0.98179			6
2024.05.02	00:55:25.191	0.98176	0.98176			6
2024.05.02	00:55:25.921	0.98186	0.98186			6
2024.05.02	00:55:26.344	0.98176	0.98176			6
2024.05.02	00:55:26.403	0.98187	0.98187			6
2024.05.02	00:55:26.682	0.98176	0.98176			6
2024.05.02	00:55:26.969	0.98179	0.98179			6
2024.05.02	00:55:28.025	0.98176	0.98176			6
2024.05.02	00:55:28.462	0.98177	0.98177			6
2024.05.02	00:55:30.419	0.98176	0.98176			6
2024.05.02	00:55:30.569	0.98175	0.98175			6
2024.05.02	00:55:30.600	0.98176	0.98176			6
2024.05.02	00:55:30.629	0.98175	0.98175			6
2024.05.02	00:55:31.085	0.98176	0.98176			6
2024.05.02	00:55:31.115	0.98175	0.98175			6
2024.05.02	00:55:31.940	0.98182	0.98182			6
2024.05.02	00:55:31.999	0.98175	0.98175			6
2024.05.02	00:55:32.029	0.98171	0.98171			6
2024.05.02	00:55:32.768	0.98170	0.98170			6
2024.05.02	00:55:33.221	0.98171	0.98171			6
2024.05.02	00:55:33.518	0.98170	0.98170			6
2024.05.02	00:55:35.586	0.98176	0.98176			6
2024.05.02	00:55:35.645	0.98173	0.98173			6
2024.05.02	00:55:35.676	0.98172	0.98172			6
2024.05.02	00:55:35.707	0.98175	0.98175			6
2024.05.02	00:55:36.243	0.98170	0.98170			6
2024.05.02	00:55:37.266	0.98177	0.98177			6
2024.05.02	00:55:37.296	0.98170	0.98170			6
2024.05.02	00:55:37.813	0.98169	0.98169			6
2024.05.02	00:55:37.903	0.98177	0.98177			6
2024.05.02	00:55:37.933	0.98169	0.98169			6
2024.05.02	00:55:38.025	0.98172	0.98172			6
2024.05.02	00:55:38.085	0.98169	0.98169			6
2024.05.02	00:55:39.497	0.98179	0.98179			6
2024.05.02	00:55:39.528	0.98174	0.98174			6
2024.05.02	00:55:40.587	0.98175	0.98175			6
2024.05.02	00:55:40.677	0.98174	0.98174			6
2024.05.02	00:55:42.474	0.98169	0.98169			6
2024.05.02	00:55:42.734	0.98171	0.98171			6
2024.05.02	00:55:42.764	0.98177	0.98177			6
2024.05.02	00:55:42.795	0.98183	0.98183			6
2024.05.02	00:55:42.825	0.98184	0.98184			6
2024.05.02	00:55:42.856	0.98186	0.98186			6
2024.05.02	00:55:43.398	0.98185	0.98185			6
2024.05.02	00:55:43.458	0.98184	0.98184			6
2024.05.02	00:55:43.658	0.98185	0.98185			6
2024.05.02	00:55:43.972	0.98184	0.98184			6
2024.05.02	00:55:44.412	0.98183	0.98183			6
2024.05.02	00:55:44.944	0.98180	0.98180			6
2024.05.02	00:55:45.155	0.98181	0.98181			6
2024.05.02	00:55:46.031	0.98182	0.98182			6
2024.05.02	00:55:46.151	0.98184	0.98184			6
2024.05.02	00:55:47.051	0.98183	0.98183			6
2024.05.02	00:55:47.471	0.98177	0.98177			6
2024.05.02	00:55:47.500	0.98182	0.98182			6
2024.05.02	00:55:47.531	0.98181	0.98181			6
2024.05.02	00:55:47.560	0.98180	0.98180			6
2024.05.02	00:55:47.590	0.98181	0.98181			6
2024.05.02	00:55:47.621	0.98180	0.98180			6
2024.05.02	00:55:47.650	0.98176	0.98176			6
2024.05.02	00:55:47.680	0.98175	0.98175			6
2024.05.02	00:55:47.711	0.98176	0.98176			6
2024.05.02	00:55:47.771	0.98179	0.98179			6
2024.05.02	00:55:47.950	0.98176	0.98176			6
2024.05.02	00:55:47.982	0.98180	0.98180			6
2024.05.02	00:55:48.281	0.98181	0.98181			6
2024.05.02	00:55:48.491	0.98180	0.98180			6
2024.05.02	00:55:48.852	0.98181	0.98181			6
2024.05.02	00:55:48.881	0.98180	0.98180			6
2024.05.02	00:55:50.245	0.98181	0.98181			6
2024.05.02	00:55:52.329	0.98180	0.98180			6
2024.05.02	00:55:52.389	0.98181	0.98181			6
2024.05.02	00:55:55.913	0.98180	0.98180			6
2024.05.02	00:55:55.943	0.98181	0.98181			6
2024.05.02	00:55:56.213	0.98183	0.98183			6
2024.05.02	00:55:56.543	0.98190	0.98190			6
2024.05.02	00:55:56.572	0.98189	0.98189			6
2024.05.02	00:55:56.603	0.98184	0.98184			6
2024.05.02	00:55:56.662	0.98185	0.98185			6
2024.05.02	00:55:56.904	0.98186	0.98186			6
2024.05.02	00:55:56.964	0.98185	0.98185			6
2024.05.02	00:55:57.367	0.98184	0.98184			6
2024.05.02	00:55:57.459	0.98185	0.98185			6
2024.05.02	00:55:57.488	0.98184	0.98184			6
2024.05.02	00:55:57.550	0.98185	0.98185			6
2024.05.02	00:55:57.580	0.98184	0.98184			6
2024.05.02	00:55:57.610	0.98182	0.98182			6
2024.05.02	00:55:57.700	0.98181	0.98181			6
2024.05.02	00:55:57.758	0.98182	0.98182			6
2024.05.02	00:55:57.849	0.98181	0.98181			6
2024.05.02	00:55:57.969	0.98182	0.98182			6
2024.05.02	00:55:57.999	0.98181	0.98181			6
2024.05.02	00:55:58.058	0.98182	0.98182			6
2024.05.02	00:55:58.239	0.98181	0.98181			6
2024.05.02	00:55:58.330	0.98182	0.98182			6
2024.05.02	00:55:58.691	0.98181	0.98181			6
2024.05.02	00:56:00.261	0.98182	0.98182			6
2024.05.02	00:56:00.351	0.98180	0.98180			6
2024.05.02	00:56:00.412	0.98181	0.98181			6
2024.05.02	00:56:01.281	0.98180	0.98180			6
2024.05.02	00:56:01.493	0.98192	0.98192			6
2024.05.02	00:56:01.553	0.98194	0.98194			6
2024.05.02	00:56:03.125	0.98195	0.98195			6
2024.05.02	00:56:03.502	0.98194	0.98194			6
2024.05.02	00:56:03.562	0.98193	0.98193			6
2024.05.02	00:56:03.893	0.98195	0.98195			6
2024.05.02	00:56:03.923	0.98202	0.98202			6
2024.05.02	00:56:04.303	0.98201	0.98201			6
2024.05.02	00:56:04.363	0.98200	0.98200			6
2024.05.02	00:56:04.393	0.98195	0.98195			6
2024.05.02	00:56:04.423	0.98193	0.98193			6
2024.05.02	00:56:04.482	0.98192	0.98192			6
2024.05.02	00:56:04.636	0.98191	0.98191			6
2024.05.02	00:56:04.667	0.98192	0.98192			6
2024.05.02	00:56:04.757	0.98191	0.98191			6
2024.05.02	00:56:04.847	0.98192	0.98192			6
2024.05.02	00:56:04.937	0.98191	0.98191			6
2024.05.02	00:56:04.966	0.98192	0.98192			6
2024.05.02	00:56:05.176	0.98193	0.98193			6
2024.05.02	00:56:05.297	0.98192	0.98192			6
2024.05.02	00:56:05.419	0.98193	0.98193			6
2024.05.02	00:56:05.479	0.98191	0.98191			6
2024.05.02	00:56:05.538	0.98192	0.98192			6
2024.05.02	00:56:05.569	0.98193	0.98193			6
2024.05.02	00:56:05.599	0.98191	0.98191			6
2024.05.02	00:56:05.688	0.98192	0.98192			6
2024.05.02	00:56:05.748	0.98191	0.98191			6
2024.05.02	00:56:05.779	0.98192	0.98192			6
2024.05.02	00:56:05.963	0.98193	0.98193			6
2024.05.02	00:56:06.051	0.98192	0.98192			6
2024.05.02	00:56:06.352	0.98193	0.98193			6
2024.05.02	00:56:06.502	0.98192	0.98192			6
2024.05.02	00:56:06.594	0.98194	0.98194			6
2024.05.02	00:56:06.683	0.98193	0.98193			6
2024.05.02	00:56:06.713	0.98192	0.98192			6
2024.05.02	00:56:06.742	0.98193	0.98193			6
2024.05.02	00:56:06.773	0.98192	0.98192			6
2024.05.02	00:56:06.832	0.98193	0.98193			6
2024.05.02	00:56:06.923	0.98189	0.98189			6
2024.05.02	00:56:07.013	0.98191	0.98191			6
2024.05.02	00:56:07.042	0.98192	0.98192			6
2024.05.02	00:56:07.072	0.98193	0.98193			6
2024.05.02	00:56:07.103	0.98191	0.98191			6
2024.05.02	00:56:07.133	0.98190	0.98190			6
2024.05.02	00:56:07.193	0.98189	0.98189			6
2024.05.02	00:56:07.223	0.98193	0.98193			6
2024.05.02	00:56:07.282	0.98192	0.98192			6
2024.05.02	00:56:07.313	0.98189	0.98189			6
2024.05.02	00:56:07.403	0.98188	0.98188			6
2024.05.02	00:56:07.433	0.98187	0.98187			6
2024.05.02	00:56:07.463	0.98200	0.98200			6
2024.05.02	00:56:07.493	0.98198	0.98198			6
2024.05.02	00:56:07.583	0.98199	0.98199			6
2024.05.02	00:56:07.864	0.98198	0.98198			6
2024.05.02	00:56:07.927	0.98197	0.98197			6
2024.05.02	00:56:07.957	0.98189	0.98189			6
2024.05.02	00:56:08.018	0.98190	0.98190			6
2024.05.02	00:56:08.048	0.98186	0.98186			6
2024.05.02	00:56:08.079	0.98187	0.98187			6
2024.05.02	00:56:08.288	0.98188	0.98188			6
2024.05.02	00:56:08.319	0.98189	0.98189			6
2024.05.02	00:56:08.349	0.98184	0.98184			6
2024.05.02	00:56:08.499	0.98159	0.98159			6
2024.05.02	00:56:08.528	0.98156	0.98156			6
2024.05.02	00:56:08.559	0.98157	0.98157			6
2024.05.02	00:56:08.590	0.98156	0.98156			6
2024.05.02	00:56:08.619	0.98159	0.98159			6
2024.05.02	00:56:08.649	0.98156	0.98156			6
2024.05.02	00:56:08.708	0.98159	0.98159			6
2024.05.02	00:56:08.739	0.98155	0.98155			6
2024.05.02	00:56:08.800	0.98158	0.98158			6
2024.05.02	00:56:08.830	0.98156	0.98156			6
2024.05.02	00:56:08.920	0.98159	0.98159			6
2024.05.02	00:56:09.580	0.98158	0.98158			6
2024.05.02	00:56:09.639	0.98159	0.98159			6
2024.05.02	00:56:09.730	0.98158	0.98158			6
2024.05.02	00:56:09.790	0.98159	0.98159			6
2024.05.02	00:56:09.879	0.98156	0.98156			6
2024.05.02	00:56:09.910	0.98158	0.98158			6
2024.05.02	00:56:09.940	0.98156	0.98156			6
2024.05.02	00:56:10.002	0.98158	0.98158			6
2024.05.02	00:56:10.180	0.98156	0.98156			6
2024.05.02	00:56:10.211	0.98159	0.98159			6
2024.05.02	00:56:10.270	0.98158	0.98158			6
2024.05.02	00:56:10.390	0.98178	0.98178			6
2024.05.02	00:56:10.420	0.98179	0.98179			6
2024.05.02	00:56:10.449	0.98180	0.98180			6
2024.05.02	00:56:10.510	0.98178	0.98178			6
2024.05.02	00:56:10.570	0.98179	0.98179			6
2024.05.02	00:56:10.690	0.98180	0.98180			6
2024.05.02	00:56:10.780	0.98179	0.98179			6
2024.05.02	00:56:10.810	0.98180	0.98180			6
2024.05.02	00:56:10.900	0.98181	0.98181			6
2024.05.02	00:56:10.960	0.98182	0.98182			6
2024.05.02	00:56:10.992	0.98181	0.98181			6
2024.05.02	00:56:11.020	0.98183	0.98183			6
2024.05.02	00:56:11.051	0.98181	0.98181			6
2024.05.02	00:56:11.081	0.98182	0.98182			6
2024.05.02	00:56:11.141	0.98180	0.98180			6
2024.05.02	00:56:11.171	0.98181	0.98181			6
2024.05.02	00:56:11.202	0.98183	0.98183			6
2024.05.02	00:56:11.263	0.98181	0.98181			6
2024.05.02	00:56:11.321	0.98182	0.98182			6
2024.05.02	00:56:11.351	0.98180	0.98180			6
2024.05.02	00:56:11.381	0.98181	0.98181			6
2024.05.02	00:56:11.412	0.98180	0.98180			6
2024.05.02	00:56:11.441	0.98181	0.98181			6
2024.05.02	00:56:11.561	0.98180	0.98180			6
2024.05.02	00:56:11.591	0.98181	0.98181			6
2024.05.02	00:56:11.622	0.98182	0.98182			6
2024.05.02	00:56:11.712	0.98181	0.98181			6
2024.05.02	00:56:11.863	0.98180	0.98180			6
2024.05.02	00:56:11.923	0.98181	0.98181			6
2024.05.02	00:56:11.984	0.98182	0.98182			6
2024.05.02	00:56:12.014	0.98181	0.98181			6
2024.05.02	00:56:12.074	0.98180	0.98180			6
2024.05.02	00:56:12.104	0.98182	0.98182			6
2024.05.02	00:56:12.134	0.98183	0.98183			6
2024.05.02	00:56:12.165	0.98182	0.98182			6
2024.05.02	00:56:12.195	0.98181	0.98181			6
2024.05.02	00:56:12.327	0.98180	0.98180			6
2024.05.02	00:56:12.416	0.98182	0.98182			6
2024.05.02	00:56:12.477	0.98181	0.98181			6
2024.05.02	00:56:12.598	0.98182	0.98182			6
2024.05.02	00:56:12.687	0.98181	0.98181			6
2024.05.02	00:56:12.777	0.98182	0.98182			6
2024.05.02	00:56:12.867	0.98181	0.98181			6
2024.05.02	00:56:13.019	0.98180	0.98180			6
2024.05.02	00:56:13.077	0.98182	0.98182			6
2024.05.02	00:56:13.137	0.98181	0.98181			6
2024.05.02	00:56:13.168	0.98180	0.98180			6
2024.05.02	00:56:13.257	0.98181	0.98181			6
2024.05.02	00:56:13.318	0.98182	0.98182			6
2024.05.02	00:56:13.408	0.98180	0.98180			6
2024.05.02	00:56:13.437	0.98181	0.98181			6
2024.05.02	00:56:13.468	0.98182	0.98182			6
2024.05.02	00:56:13.497	0.98180	0.98180			6
2024.05.02	00:56:13.528	0.98181	0.98181			6
2024.05.02	00:56:13.589	0.98182	0.98182			6
2024.05.02	00:56:13.678	0.98180	0.98180			6
2024.05.02	00:56:13.799	0.98181	0.98181			6
2024.05.02	00:56:13.858	0.98180	0.98180			6
2024.05.02	00:56:13.948	0.98181	0.98181			6
2024.05.02	00:56:13.978	0.98180	0.98180			6
2024.05.02	00:56:14.099	0.98179	0.98179			6
2024.05.02	00:56:14.159	0.98180	0.98180			6
2024.05.02	00:56:14.190	0.98181	0.98181			6
2024.05.02	00:56:14.281	0.98180	0.98180			6
2024.05.02	00:56:14.341	0.98181	0.98181			6
2024.05.02	00:56:14.370	0.98180	0.98180			6
2024.05.02	00:56:14.490	0.98181	0.98181			6
2024.05.02	00:56:14.521	0.98180	0.98180			6
2024.05.02	00:56:14.611	0.98181	0.98181			6
2024.05.02	00:56:14.641	0.98180	0.98180			6
2024.05.02	00:56:14.701	0.98181	0.98181			6
2024.05.02	00:56:14.793	0.98180	0.98180			6
2024.05.02	00:56:14.822	0.98181	0.98181			6
2024.05.02	00:56:14.851	0.98182	0.98182			6
2024.05.02	00:56:14.882	0.98180	0.98180			6
2024.05.02	00:56:14.971	0.98189	0.98189			6
2024.05.02	00:56:15.062	0.98191	0.98191			6
2024.05.02	00:56:15.121	0.98192	0.98192			6
2024.05.02	00:56:15.182	0.98191	0.98191			6
2024.05.02	00:56:15.212	0.98189	0.98189			6
2024.05.02	00:56:17.326	0.98190	0.98190			6
2024.05.02	00:56:19.058	0.98191	0.98191			6
2024.05.02	00:56:19.117	0.98190	0.98190			6
2024.05.02	00:56:19.147	0.98189	0.98189			6
2024.05.02	00:56:19.426	0.98191	0.98191			6
2024.05.02	00:56:19.719	0.98190	0.98190			6
2024.05.02	00:56:20.254	0.98189	0.98189			6
2024.05.02	00:56:20.323	0.98190	0.98190			6
2024.05.02	00:56:22.359	0.98189	0.98189			6
2024.05.02	00:56:22.449	0.98190	0.98190			6
2024.05.02	00:56:23.223	0.98191	0.98191			6
2024.05.02	00:56:23.254	0.98189	0.98189			6
2024.05.02	00:56:26.734	0.98190	0.98190			6
2024.05.02	00:56:26.885	0.98191	0.98191			6
2024.05.02	00:56:26.975	0.98190	0.98190			6
2024.05.02	00:56:29.124	0.98199	0.98199			6
2024.05.02	00:56:29.584	0.98195	0.98195			6
2024.05.02	00:56:29.614	0.98192	0.98192			6
2024.05.02	00:56:29.676	0.98191	0.98191			6
2024.05.02	00:56:29.734	0.98192	0.98192			6
2024.05.02	00:56:31.727	0.98193	0.98193			6
2024.05.02	00:56:32.524	0.98192	0.98192			6
2024.05.02	00:56:32.825	0.98193	0.98193			6
2024.05.02	00:56:35.301	0.98192	0.98192			6
2024.05.02	00:56:36.875	0.98193	0.98193			6
2024.05.02	00:56:36.904	0.98196	0.98196			6
2024.05.02	00:56:36.934	0.98197	0.98197			6
2024.05.02	00:56:36.965	0.98196	0.98196			6
2024.05.02	00:56:40.215	0.98187	0.98187			6
2024.05.02	00:56:40.275	0.98185	0.98185			6
2024.05.02	00:56:40.718	0.98186	0.98186			6
2024.05.02	00:56:41.457	0.98187	0.98187			6
2024.05.02	00:56:41.613	0.98188	0.98188			6
2024.05.02	00:56:41.673	0.98187	0.98187			6
2024.05.02	00:56:41.703	0.98189	0.98189			6
2024.05.02	00:56:41.733	0.98188	0.98188			6
2024.05.02	00:56:41.793	0.98192	0.98192			6
2024.05.02	00:56:41.974	0.98193	0.98193			6
