<DATE>	<TIME>	<BID>	<ASK>	<LAST>	<VOLUME>	<FLAGS>
2024.06.06	00:00:02.912	0.97116	0.97116			6
2024.06.06	00:00:03.432	0.97109	0.97109			6
2024.06.06	00:00:03.432	0.97105	0.97105			6
2024.06.06	00:00:03.445	0.97107	0.97107			6
2024.06.06	00:00:20.230	0.97113	0.97113			6
2024.06.06	00:00:28.440	0.97114	0.97114			6
2024.06.06	00:00:31.863	0.97113	0.97113			6
2024.06.06	00:00:57.747	0.97127	0.97127			6
2024.06.06	00:01:01.720	0.97127				2
2024.06.06	00:01:03.225	0.97125	0.97125			6
2024.06.06	00:01:50.091	0.97126	0.97126			6
2024.06.06	00:02:30.040	0.97126				2
2024.06.06	00:04:11.136	0.97127	0.97127			6
2024.06.06	00:04:26.171	0.97126	0.97126			6
2024.06.06	00:04:27.589	0.97127	0.97127			6
2024.06.06	00:04:28.341	0.97126	0.97126			6
2024.06.06	00:04:42.142	0.97129	0.97129			6
2024.06.06	00:04:57.584	0.97132	0.97132			6
2024.06.06	00:05:03.571	0.97138	0.97138			6
2024.06.06	00:05:05.318	0.97132	0.97132			6
2024.06.06	00:05:14.723	0.97131	0.97131			6
2024.06.06	00:05:49.889	0.97130	0.97130			6
2024.06.06	00:05:50.388	0.97131	0.97131			6
2024.06.06	00:06:09.744	0.97131				2
2024.06.06	00:06:27.223	0.97129	0.97129			6
2024.06.06	00:06:30.454	0.97131	0.97131			6
2024.06.06	00:06:31.071	0.97129	0.97129			6
2024.06.06	00:06:34.088	0.97131	0.97131			6
2024.06.06	00:07:14.642	0.97131				2
2024.06.06	00:07:14.939	0.97135	0.97135			6
2024.06.06	00:07:19.016	0.97130	0.97130			6
2024.06.06	00:07:19.269	0.97139	0.97139			6
2024.06.06	00:07:20.884	0.97138	0.97138			6
2024.06.06	00:07:21.213	0.97137	0.97137			6
2024.06.06	00:07:46.025	0.97143	0.97143			6
2024.06.06	00:07:46.236	0.97144	0.97144			6
2024.06.06	00:07:46.267	0.97141	0.97141			6
2024.06.06	00:07:46.740	0.97135	0.97135			6
2024.06.06	00:08:29.735	0.97134	0.97134			6
2024.06.06	00:08:55.919	0.97135	0.97135			6
2024.06.06	00:09:06.017	0.97134	0.97134			6
2024.06.06	00:09:24.708	0.97133	0.97133			6
2024.06.06	00:10:19.708	0.97134	0.97134			6
2024.06.06	00:11:07.848	0.97143	0.97143			6
2024.06.06	00:11:12.898	0.97142	0.97142			6
2024.06.06	00:11:15.304	0.97141	0.97141			6
2024.06.06	00:11:15.334	0.97142	0.97142			6
2024.06.06	00:11:22.101	0.97141	0.97141			6
2024.06.06	00:11:38.287	0.97140	0.97140			6
2024.06.06	00:12:10.486	0.97141	0.97141			6
2024.06.06	00:12:15.266	0.97140	0.97140			6
2024.06.06	00:12:26.918	0.97139	0.97139			6
2024.06.06	00:12:30.413	0.97141	0.97141			6
2024.06.06	00:12:30.443	0.97142	0.97142			6
2024.06.06	00:12:43.787	0.97141	0.97141			6
2024.06.06	00:12:44.207	0.97140	0.97140			6
2024.06.06	00:12:45.695	0.97141	0.97141			6
2024.06.06	00:12:48.145	0.97138	0.97138			6
2024.06.06	00:12:48.177	0.97134	0.97134			6
2024.06.06	00:12:54.789	0.97132	0.97132			6
2024.06.06	00:12:56.711	0.97134	0.97134			6
2024.06.06	00:12:58.957	0.97132	0.97132			6
2024.06.06	00:13:01.763	0.97134	0.97134			6
2024.06.06	00:13:01.794	0.97136	0.97136			6
2024.06.06	00:13:03.984	0.97143	0.97143			6
2024.06.06	00:13:04.015	0.97139	0.97139			6
2024.06.06	00:13:07.794	0.97142	0.97142			6
2024.06.06	00:13:14.191	0.97141	0.97141			6
2024.06.06	00:13:20.588	0.97142	0.97142			6
2024.06.06	00:13:20.647	0.97141	0.97141			6
2024.06.06	00:13:20.860	0.97142	0.97142			6
2024.06.06	00:13:46.557	0.97128	0.97128			6
2024.06.06	00:13:55.197	0.97127	0.97127			6
2024.06.06	00:13:55.227	0.97126	0.97126			6
2024.06.06	00:13:56.062	0.97129	0.97129			6
2024.06.06	00:13:56.867	0.97135	0.97135			6
2024.06.06	00:14:15.001	0.97138	0.97138			6
2024.06.06	00:14:17.894	0.97144	0.97144			6
2024.06.06	00:14:17.926	0.97145	0.97145			6
2024.06.06	00:14:18.013	0.97141	0.97141			6
2024.06.06	00:14:18.044	0.97145	0.97145			6
2024.06.06	00:14:18.524	0.97149	0.97149			6
2024.06.06	00:14:18.762	0.97147	0.97147			6
2024.06.06	00:14:18.791	0.97144	0.97144			6
2024.06.06	00:14:18.824	0.97152	0.97152			6
2024.06.06	00:14:19.577	0.97143	0.97143			6
2024.06.06	00:14:19.608	0.97154	0.97154			6
2024.06.06	00:14:19.638	0.97159	0.97159			6
2024.06.06	00:14:20.401	0.97155	0.97155			6
2024.06.06	00:14:20.491	0.97158	0.97158			6
2024.06.06	00:14:21.464	0.97157	0.97157			6
2024.06.06	00:14:21.695	0.97155	0.97155			6
2024.06.06	00:14:21.755	0.97157	0.97157			6
2024.06.06	00:14:22.489	0.97153	0.97153			6
2024.06.06	00:14:23.167	0.97158	0.97158			6
2024.06.06	00:14:23.912	0.97153	0.97153			6
2024.06.06	00:14:24.868	0.97158	0.97158			6
2024.06.06	00:14:25.598	0.97153	0.97153			6
2024.06.06	00:14:25.755	0.97160	0.97160			6
2024.06.06	00:14:25.815	0.97154	0.97154			6
2024.06.06	00:14:27.290	0.97155	0.97155			6
2024.06.06	00:14:27.627	0.97154	0.97154			6
2024.06.06	00:14:27.933	0.97155	0.97155			6
2024.06.06	00:14:27.964	0.97158	0.97158			6
2024.06.06	00:14:28.688	0.97154	0.97154			6
2024.06.06	00:14:30.600	0.97155	0.97155			6
2024.06.06	00:14:31.257	0.97154	0.97154			6
2024.06.06	00:14:31.835	0.97155	0.97155			6
2024.06.06	00:14:33.697	0.97154	0.97154			6
2024.06.06	00:14:34.694	0.97153	0.97153			6
2024.06.06	00:14:35.233	0.97152	0.97152			6
2024.06.06	00:14:38.217	0.97151	0.97151			6
2024.06.06	00:14:38.306	0.97162	0.97162			6
2024.06.06	00:14:38.688	0.97163	0.97163			6
2024.06.06	00:14:38.819	0.97157	0.97157			6
2024.06.06	00:14:40.955	0.97156	0.97156			6
2024.06.06	00:14:43.270	0.97147	0.97147			6
2024.06.06	00:14:43.694	0.97152	0.97152			6
2024.06.06	00:14:44.865	0.97147	0.97147			6
2024.06.06	00:14:45.592	0.97148	0.97148			6
2024.06.06	00:14:48.196	0.97141	0.97141			6
2024.06.06	00:14:48.685	0.97140	0.97140			6
2024.06.06	00:14:50.489	0.97141	0.97141			6
2024.06.06	00:14:51.225	0.97138	0.97138			6
2024.06.06	00:14:52.473	0.97140	0.97140			6
2024.06.06	00:14:58.648	0.97135	0.97135			6
2024.06.06	00:14:58.677	0.97134	0.97134			6
2024.06.06	00:14:58.707	0.97133	0.97133			6
2024.06.06	00:14:58.736	0.97138	0.97138			6
2024.06.06	00:14:58.797	0.97136	0.97136			6
2024.06.06	00:15:00.058	0.97135	0.97135			6
2024.06.06	00:15:01.937	0.97136	0.97136			6
2024.06.06	00:15:02.554	0.97135	0.97135			6
2024.06.06	00:15:02.615	0.97134	0.97134			6
2024.06.06	00:15:04.435	0.97135	0.97135			6
2024.06.06	00:15:04.466	0.97134	0.97134			6
2024.06.06	00:15:05.487	0.97132	0.97132			6
2024.06.06	00:15:14.293	0.97129	0.97129			6
2024.06.06	00:15:16.896	0.97124	0.97124			6
2024.06.06	00:15:17.385	0.97123	0.97123			6
2024.06.06	00:15:17.509	0.97122	0.97122			6
2024.06.06	00:15:19.407	0.97123	0.97123			6
2024.06.06	00:15:21.511	0.97122	0.97122			6
2024.06.06	00:15:22.887	0.97121	0.97121			6
2024.06.06	00:15:25.755	0.97122	0.97122			6
2024.06.06	00:15:30.119	0.97121	0.97121			6
2024.06.06	00:15:30.179	0.97122	0.97122			6
2024.06.06	00:15:32.314	0.97121	0.97121			6
2024.06.06	00:15:32.795	0.97122	0.97122			6
2024.06.06	00:15:35.409	0.97126	0.97126			6
2024.06.06	00:15:38.157	0.97125	0.97125			6
2024.06.06	00:15:38.499	0.97130	0.97130			6
2024.06.06	00:15:38.679	0.97132	0.97132			6
2024.06.06	00:15:40.730	0.97131	0.97131			6
2024.06.06	00:15:42.727	0.97130	0.97130			6
2024.06.06	00:15:46.500	0.97129	0.97129			6
2024.06.06	00:15:58.394	0.97130	0.97130			6
2024.06.06	00:15:58.457	0.97125	0.97125			6
2024.06.06	00:15:58.635	0.97135	0.97135			6
2024.06.06	00:15:59.675	0.97137	0.97137			6
2024.06.06	00:16:01.990	0.97140	0.97140			6
2024.06.06	00:16:04.367	0.97139	0.97139			6
2024.06.06	00:16:04.396	0.97140	0.97140			6
2024.06.06	00:16:07.531	0.97135	0.97135			6
2024.06.06	00:16:11.996	0.97140	0.97140			6
2024.06.06	00:16:18.909	0.97142	0.97142			6
2024.06.06	00:16:18.940	0.97141	0.97141			6
2024.06.06	00:16:18.991	0.97140	0.97140			6
2024.06.06	00:16:28.895	0.97141	0.97141			6
2024.06.06	00:16:40.989	0.97139	0.97139			6
2024.06.06	00:16:42.434	0.97138	0.97138			6
2024.06.06	00:16:46.248	0.97146	0.97146			6
2024.06.06	00:16:49.664	0.97145	0.97145			6
2024.06.06	00:16:49.695	0.97144	0.97144			6
2024.06.06	00:16:55.528	0.97145	0.97145			6
2024.06.06	00:17:12.726	0.97143	0.97143			6
2024.06.06	00:17:16.876	0.97136	0.97136			6
2024.06.06	00:17:17.217	0.97135	0.97135			6
2024.06.06	00:17:18.012	0.97134	0.97134			6
2024.06.06	00:17:18.042	0.97135	0.97135			6
2024.06.06	00:17:18.102	0.97136	0.97136			6
2024.06.06	00:17:18.696	0.97137	0.97137			6
2024.06.06	00:17:19.009	0.97136	0.97136			6
2024.06.06	00:17:22.843	0.97135	0.97135			6
2024.06.06	00:17:25.592	0.97134	0.97134			6
2024.06.06	00:17:27.403	0.97135	0.97135			6
2024.06.06	00:17:27.432	0.97137	0.97137			6
2024.06.06	00:17:29.887	0.97139	0.97139			6
2024.06.06	00:17:36.323	0.97140	0.97140			6
2024.06.06	00:17:36.354	0.97141	0.97141			6
2024.06.06	00:17:36.594	0.97142	0.97142			6
2024.06.06	00:17:36.771	0.97139	0.97139			6
2024.06.06	00:17:42.097	0.97140	0.97140			6
2024.06.06	00:17:42.129	0.97141	0.97141			6
2024.06.06	00:17:44.032	0.97142	0.97142			6
2024.06.06	00:17:44.062	0.97141	0.97141			6
2024.06.06	00:17:44.333	0.97142	0.97142			6
2024.06.06	00:17:48.613	0.97141	0.97141			6
2024.06.06	00:17:48.675	0.97140	0.97140			6
2024.06.06	00:17:48.705	0.97137	0.97137			6
2024.06.06	00:17:49.046	0.97136	0.97136			6
2024.06.06	00:17:51.583	0.97135	0.97135			6
2024.06.06	00:17:53.011	0.97132	0.97132			6
2024.06.06	00:17:57.352	0.97134	0.97134			6
2024.06.06	00:18:00.369	0.97139	0.97139			6
2024.06.06	00:18:31.896	0.97140	0.97140			6
2024.06.06	00:18:53.777	0.97139	0.97139			6
2024.06.06	00:18:53.867	0.97140	0.97140			6
2024.06.06	00:18:56.861	0.97142	0.97142			6
2024.06.06	00:18:56.890	0.97140	0.97140			6
2024.06.06	00:18:57.010	0.97139	0.97139			6
2024.06.06	00:18:58.587	0.97141	0.97141			6
2024.06.06	00:18:59.569	0.97140	0.97140			6
2024.06.06	00:19:03.079	0.97139	0.97139			6
2024.06.06	00:19:03.110	0.97140	0.97140			6
2024.06.06	00:19:07.346	0.97139	0.97139			6
2024.06.06	00:19:07.406	0.97141	0.97141			6
2024.06.06	00:19:08.511	0.97140	0.97140			6
2024.06.06	00:19:13.545	0.97139	0.97139			6
2024.06.06	00:19:13.577	0.97140	0.97140			6
2024.06.06	00:19:18.088	0.97141	0.97141			6
2024.06.06	00:19:18.932	0.97140	0.97140			6
2024.06.06	00:19:27.690	0.97141	0.97141			6
2024.06.06	00:19:27.720	0.97140	0.97140			6
2024.06.06	00:19:31.337	0.97141	0.97141			6
2024.06.06	00:19:31.366	0.97140	0.97140			6
2024.06.06	00:19:31.395	0.97142	0.97142			6
2024.06.06	00:19:33.811	0.97141	0.97141			6
2024.06.06	00:19:34.912	0.97140	0.97140			6
2024.06.06	00:19:46.091	0.97141	0.97141			6
2024.06.06	00:19:51.777	0.97142	0.97142			6
2024.06.06	00:20:00.075	0.97141	0.97141			6
2024.06.06	00:20:03.086	0.97142	0.97142			6
2024.06.06	00:20:05.816	0.97141	0.97141			6
2024.06.06	00:20:12.103	0.97143	0.97143			6
2024.06.06	00:20:14.803	0.97142	0.97142			6
2024.06.06	00:20:33.986	0.97141	0.97141			6
2024.06.06	00:20:37.315	0.97142	0.97142			6
2024.06.06	00:20:38.213	0.97141	0.97141			6
2024.06.06	00:20:47.578	0.97140	0.97140			6
2024.06.06	00:20:53.975	0.97139	0.97139			6
2024.06.06	00:21:12.987	0.97138	0.97138			6
2024.06.06	00:21:14.559	0.97142	0.97142			6
2024.06.06	00:21:18.706	0.97143	0.97143			6
2024.06.06	00:21:27.408	0.97144	0.97144			6
2024.06.06	00:21:36.987	0.97143	0.97143			6
2024.06.06	00:21:52.007	0.97142	0.97142			6
2024.06.06	00:22:17.213	0.97143	0.97143			6
2024.06.06	00:22:20.443	0.97142	0.97142			6
2024.06.06	00:22:36.996	0.97143	0.97143			6
2024.06.06	00:23:10.129	0.97147	0.97147			6
2024.06.06	00:23:12.105	0.97146	0.97146			6
2024.06.06	00:23:17.216	0.97147	0.97147			6
2024.06.06	00:23:20.250	0.97144	0.97144			6
2024.06.06	00:23:22.015	0.97145	0.97145			6
2024.06.06	00:23:23.116	0.97146	0.97146			6
2024.06.06	00:23:24.918	0.97145	0.97145			6
2024.06.06	00:23:24.949	0.97143	0.97143			6
2024.06.06	00:23:36.077	0.97144	0.97144			6
2024.06.06	00:23:45.673	0.97143	0.97143			6
2024.06.06	00:23:48.686	0.97144	0.97144			6
2024.06.06	00:23:50.808	0.97143	0.97143			6
2024.06.06	00:23:54.586	0.97145	0.97145			6
2024.06.06	00:23:59.294	0.97144	0.97144			6
2024.06.06	00:24:10.534	0.97145	0.97145			6
2024.06.06	00:24:14.552	0.97147	0.97147			6
2024.06.06	00:24:14.581	0.97145	0.97145			6
2024.06.06	00:24:15.104	0.97149	0.97149			6
2024.06.06	00:24:15.559	0.97148	0.97148			6
2024.06.06	00:24:16.081	0.97149	0.97149			6
2024.06.06	00:24:20.374	0.97144	0.97144			6
2024.06.06	00:24:23.509	0.97145	0.97145			6
2024.06.06	00:24:25.287	0.97144	0.97144			6
2024.06.06	00:24:33.553	0.97145	0.97145			6
2024.06.06	00:24:42.075	0.97144	0.97144			6
2024.06.06	00:24:51.224	0.97145	0.97145			6
2024.06.06	00:24:52.089	0.97144	0.97144			6
2024.06.06	00:24:54.658	0.97143	0.97143			6
2024.06.06	00:25:00.111	0.97144	0.97144			6
2024.06.06	00:25:02.788	0.97143	0.97143			6
2024.06.06	00:25:04.394	0.97145	0.97145			6
2024.06.06	00:25:06.711	0.97146	0.97146			6
2024.06.06	00:25:40.120	0.97148	0.97148			6
2024.06.06	00:25:45.055	0.97149	0.97149			6
2024.06.06	00:25:45.086	0.97146	0.97146			6
2024.06.06	00:25:49.031	0.97145	0.97145			6
2024.06.06	00:25:53.015	0.97146	0.97146			6
2024.06.06	00:26:32.267	0.97147	0.97147			6
2024.06.06	00:26:32.297	0.97146	0.97146			6
2024.06.06	00:26:40.471	0.97147	0.97147			6
2024.06.06	00:26:40.525	0.97146	0.97146			6
2024.06.06	00:26:56.009	0.97145	0.97145			6
2024.06.06	00:26:59.307	0.97146	0.97146			6
2024.06.06	00:27:00.271	0.97147	0.97147			6
2024.06.06	00:27:00.302	0.97146	0.97146			6
2024.06.06	00:27:09.326	0.97145	0.97145			6
2024.06.06	00:27:09.385	0.97146	0.97146			6
2024.06.06	00:27:19.129	0.97147	0.97147			6
2024.06.06	00:27:19.858	0.97146	0.97146			6
2024.06.06	00:27:19.949	0.97145	0.97145			6
2024.06.06	00:27:19.980	0.97146	0.97146			6
2024.06.06	00:27:20.010	0.97145	0.97145			6
2024.06.06	00:27:20.070	0.97144	0.97144			6
2024.06.06	00:27:20.131	0.97145	0.97145			6
2024.06.06	00:27:22.106	0.97144	0.97144			6
2024.06.06	00:27:22.137	0.97145	0.97145			6
2024.06.06	00:27:26.731	0.97146	0.97146			6
2024.06.06	00:27:26.941	0.97147	0.97147			6
2024.06.06	00:27:49.402	0.97146	0.97146			6
2024.06.06	00:28:00.151	0.97144	0.97144			6
2024.06.06	00:28:05.222	0.97145	0.97145			6
2024.06.06	00:28:18.188	0.97146	0.97146			6
2024.06.06	00:28:29.758	0.97147	0.97147			6
2024.06.06	00:28:33.388	0.97146	0.97146			6
2024.06.06	00:28:39.703	0.97145	0.97145			6
2024.06.06	00:28:39.733	0.97141	0.97141			6
2024.06.06	00:28:39.852	0.97142	0.97142			6
2024.06.06	00:28:40.003	0.97143	0.97143			6
2024.06.06	00:28:40.489	0.97142	0.97142			6
2024.06.06	00:28:52.487	0.97145	0.97145			6
2024.06.06	00:28:57.196	0.97142	0.97142			6
2024.06.06	00:29:00.478	0.97141	0.97141			6
2024.06.06	00:29:01.469	0.97142	0.97142			6
2024.06.06	00:29:06.058	0.97143	0.97143			6
2024.06.06	00:29:10.885	0.97142	0.97142			6
2024.06.06	00:29:17.200	0.97145	0.97145			6
2024.06.06	00:29:20.856	0.97144	0.97144			6
2024.06.06	00:29:25.863	0.97143	0.97143			6
2024.06.06	00:29:25.922	0.97142	0.97142			6
2024.06.06	00:29:26.072	0.97144	0.97144			6
2024.06.06	00:29:29.165	0.97142	0.97142			6
2024.06.06	00:29:33.397	0.97143	0.97143			6
2024.06.06	00:29:35.843	0.97142	0.97142			6
2024.06.06	00:29:43.647	0.97144	0.97144			6
2024.06.06	00:29:45.984	0.97143	0.97143			6
2024.06.06	00:29:46.199	0.97144	0.97144			6
2024.06.06	00:29:48.269	0.97143	0.97143			6
2024.06.06	00:29:52.310	0.97144	0.97144			6
2024.06.06	00:29:56.661	0.97143	0.97143			6
2024.06.06	00:29:56.720	0.97144	0.97144			6
2024.06.06	00:29:58.178	0.97143	0.97143			6
2024.06.06	00:30:00.065	0.97145	0.97145			6
2024.06.06	00:30:00.489	0.97144	0.97144			6
2024.06.06	00:30:02.587	0.97142	0.97142			6
2024.06.06	00:30:02.679	0.97144	0.97144			6
2024.06.06	00:30:02.738	0.97145	0.97145			6
2024.06.06	00:30:03.682	0.97146	0.97146			6
2024.06.06	00:30:05.316	0.97145	0.97145			6
2024.06.06	00:30:06.717	0.97144	0.97144			6
2024.06.06	00:30:06.752	0.97145	0.97145			6
2024.06.06	00:30:07.504	0.97144	0.97144			6
2024.06.06	00:30:11.077	0.97145	0.97145			6
2024.06.06	00:30:15.686	0.97144	0.97144			6
2024.06.06	00:30:15.805	0.97145	0.97145			6
2024.06.06	00:30:16.613	0.97142	0.97142			6
2024.06.06	00:30:17.721	0.97143	0.97143			6
2024.06.06	00:30:19.554	0.97142	0.97142			6
2024.06.06	00:30:25.663	0.97141	0.97141			6
2024.06.06	00:30:39.713	0.97142	0.97142			6
2024.06.06	00:30:42.180	0.97141	0.97141			6
2024.06.06	00:30:43.428	0.97140	0.97140			6
2024.06.06	00:30:46.474	0.97141	0.97141			6
2024.06.06	00:30:51.707	0.97142	0.97142			6
2024.06.06	00:30:58.508	0.97139	0.97139			6
2024.06.06	00:31:00.533	0.97138	0.97138			6
2024.06.06	00:31:00.563	0.97139	0.97139			6
2024.06.06	00:31:00.743	0.97140	0.97140			6
2024.06.06	00:31:02.531	0.97139	0.97139			6
2024.06.06	00:31:02.563	0.97137	0.97137			6
2024.06.06	00:31:03.475	0.97136	0.97136			6
2024.06.06	00:31:03.576	0.97138	0.97138			6
2024.06.06	00:31:03.608	0.97139	0.97139			6
2024.06.06	00:31:06.295	0.97140	0.97140			6
2024.06.06	00:31:06.325	0.97141	0.97141			6
2024.06.06	00:31:10.004	0.97142	0.97142			6
2024.06.06	00:31:21.310	0.97143	0.97143			6
2024.06.06	00:31:25.428	0.97142	0.97142			6
2024.06.06	00:31:27.100	0.97143	0.97143			6
2024.06.06	00:31:28.083	0.97142	0.97142			6
2024.06.06	00:31:31.584	0.97143	0.97143			6
2024.06.06	00:31:41.257	0.97142	0.97142			6
2024.06.06	00:31:41.286	0.97143	0.97143			6
2024.06.06	00:32:02.486	0.97144	0.97144			6
2024.06.06	00:32:14.157	0.97143	0.97143			6
2024.06.06	00:32:14.188	0.97146	0.97146			6
2024.06.06	00:32:14.218	0.97144	0.97144			6
2024.06.06	00:32:17.312	0.97145	0.97145			6
2024.06.06	00:32:24.173	0.97144	0.97144			6
2024.06.06	00:32:35.155	0.97143	0.97143			6
2024.06.06	00:32:37.597	0.97142	0.97142			6
2024.06.06	00:32:38.040	0.97144	0.97144			6
2024.06.06	00:32:59.937	0.97142	0.97142			6
2024.06.06	00:33:09.439	0.97144	0.97144			6
2024.06.06	00:33:25.097	0.97143	0.97143			6
2024.06.06	00:33:25.127	0.97142	0.97142			6
2024.06.06	00:33:30.674	0.97141	0.97141			6
2024.06.06	00:33:30.744	0.97142	0.97142			6
2024.06.06	00:33:34.309	0.97143	0.97143			6
2024.06.06	00:33:39.207	0.97144	0.97144			6
2024.06.06	00:33:42.684	0.97143	0.97143			6
2024.06.06	00:33:44.123	0.97144	0.97144			6
2024.06.06	00:33:44.595	0.97145	0.97145			6
2024.06.06	00:34:12.508	0.97146	0.97146			6
2024.06.06	00:34:12.537	0.97149	0.97149			6
2024.06.06	00:34:20.204	0.97148	0.97148			6
2024.06.06	00:34:24.507	0.97149	0.97149			6
2024.06.06	00:34:24.697	0.97148	0.97148			6
2024.06.06	00:34:26.582	0.97147	0.97147			6
2024.06.06	00:34:28.587	0.97146	0.97146			6
2024.06.06	00:34:37.618	0.97145	0.97145			6
2024.06.06	00:34:40.842	0.97144	0.97144			6
2024.06.06	00:34:41.409	0.97143	0.97143			6
2024.06.06	00:34:43.883	0.97142	0.97142			6
2024.06.06	00:34:46.412	0.97143	0.97143			6
2024.06.06	00:34:49.789	0.97144	0.97144			6
2024.06.06	00:35:03.170	0.97141	0.97141			6
2024.06.06	00:35:07.002	0.97142	0.97142			6
2024.06.06	00:35:07.431	0.97143	0.97143			6
2024.06.06	00:35:13.489	0.97142	0.97142			6
2024.06.06	00:35:16.292	0.97143	0.97143			6
2024.06.06	00:35:19.338	0.97144	0.97144			6
2024.06.06	00:35:30.985	0.97143	0.97143			6
2024.06.06	00:35:46.521	0.97144	0.97144			6
2024.06.06	00:35:57.149	0.97143	0.97143			6
2024.06.06	00:36:03.980	0.97142	0.97142			6
2024.06.06	00:36:04.070	0.97140	0.97140			6
2024.06.06	00:36:04.214	0.97139	0.97139			6
2024.06.06	00:36:04.424	0.97138	0.97138			6
2024.06.06	00:36:04.455	0.97139	0.97139			6
2024.06.06	00:36:04.753	0.97138	0.97138			6
2024.06.06	00:36:05.397	0.97137	0.97137			6
2024.06.06	00:36:05.427	0.97138	0.97138			6
2024.06.06	00:36:05.581	0.97137	0.97137			6
2024.06.06	00:36:05.640	0.97136	0.97136			6
2024.06.06	00:36:05.955	0.97135	0.97135			6
2024.06.06	00:36:06.046	0.97134	0.97134			6
2024.06.06	00:36:06.229	0.97135	0.97135			6
2024.06.06	00:36:06.289	0.97137	0.97137			6
2024.06.06	00:36:10.665	0.97132	0.97132			6
2024.06.06	00:36:11.096	0.97131	0.97131			6
2024.06.06	00:36:11.745	0.97130	0.97130			6
2024.06.06	00:36:13.614	0.97132	0.97132			6
2024.06.06	00:36:13.642	0.97138	0.97138			6
2024.06.06	00:36:14.269	0.97145	0.97145			6
2024.06.06	00:36:14.668	0.97139	0.97139			6
2024.06.06	00:36:14.698	0.97138	0.97138			6
2024.06.06	00:36:17.281	0.97137	0.97137			6
2024.06.06	00:36:17.621	0.97136	0.97136			6
2024.06.06	00:36:20.865	0.97134	0.97134			6
2024.06.06	00:36:21.313	0.97135	0.97135			6
2024.06.06	00:36:23.793	0.97133	0.97133			6
2024.06.06	00:36:23.823	0.97128	0.97128			6
2024.06.06	00:36:25.190	0.97127	0.97127			6
2024.06.06	00:36:25.298	0.97128	0.97128			6
2024.06.06	00:36:25.702	0.97126	0.97126			6
2024.06.06	00:36:31.681	0.97127	0.97127			6
2024.06.06	00:36:31.959	0.97126	0.97126			6
2024.06.06	00:36:32.089	0.97127	0.97127			6
2024.06.06	00:36:32.120	0.97126	0.97126			6
2024.06.06	00:36:32.798	0.97127	0.97127			6
2024.06.06	00:36:34.933	0.97126	0.97126			6
2024.06.06	00:36:35.288	0.97127	0.97127			6
2024.06.06	00:36:35.317	0.97126	0.97126			6
2024.06.06	00:36:35.407	0.97124	0.97124			6
2024.06.06	00:36:35.827	0.97126	0.97126			6
2024.06.06	00:36:35.858	0.97124	0.97124			6
2024.06.06	00:36:38.256	0.97123	0.97123			6
2024.06.06	00:36:41.200	0.97131	0.97131			6
2024.06.06	00:36:41.230	0.97132	0.97132			6
2024.06.06	00:36:41.708	0.97133	0.97133			6
2024.06.06	00:36:43.612	0.97132	0.97132			6
2024.06.06	00:37:12.851	0.97133	0.97133			6
2024.06.06	00:37:17.281	0.97130	0.97130			6
2024.06.06	00:37:23.802	0.97132	0.97132			6
2024.06.06	00:37:24.544	0.97133	0.97133			6
2024.06.06	00:37:25.858	0.97132	0.97132			6
2024.06.06	00:37:40.549	0.97135	0.97135			6
2024.06.06	00:37:40.578	0.97133	0.97133			6
2024.06.06	00:37:40.609	0.97131	0.97131			6
2024.06.06	00:37:47.431	0.97130	0.97130			6
2024.06.06	00:37:47.777	0.97129	0.97129			6
2024.06.06	00:38:00.658	0.97130	0.97130			6
2024.06.06	00:38:01.111	0.97131	0.97131			6
2024.06.06	00:38:01.141	0.97130	0.97130			6
2024.06.06	00:38:05.044	0.97131	0.97131			6
2024.06.06	00:38:05.074	0.97130	0.97130			6
2024.06.06	00:38:09.754	0.97129	0.97129			6
2024.06.06	00:38:15.864	0.97130	0.97130			6
2024.06.06	00:38:16.091	0.97129	0.97129			6
2024.06.06	00:38:16.151	0.97131	0.97131			6
2024.06.06	00:38:16.181	0.97129	0.97129			6
2024.06.06	00:38:16.644	0.97130	0.97130			6
2024.06.06	00:38:18.777	0.97129	0.97129			6
2024.06.06	00:38:30.811	0.97131	0.97131			6
2024.06.06	00:38:30.840	0.97130	0.97130			6
2024.06.06	00:38:35.018	0.97131	0.97131			6
2024.06.06	00:38:35.048	0.97130	0.97130			6
2024.06.06	00:38:40.676	0.97129	0.97129			6
2024.06.06	00:38:40.706	0.97130	0.97130			6
2024.06.06	00:38:40.736	0.97129	0.97129			6
2024.06.06	00:38:41.058	0.97130	0.97130			6
2024.06.06	00:38:42.595	0.97129	0.97129			6
2024.06.06	00:38:42.686	0.97128	0.97128			6
2024.06.06	00:38:42.746	0.97129	0.97129			6
2024.06.06	00:38:42.777	0.97128	0.97128			6
2024.06.06	00:38:43.652	0.97129	0.97129			6
2024.06.06	00:38:43.682	0.97128	0.97128			6
2024.06.06	00:38:45.792	0.97129	0.97129			6
2024.06.06	00:38:46.174	0.97130	0.97130			6
2024.06.06	00:38:46.815	0.97129	0.97129			6
2024.06.06	00:38:47.043	0.97130	0.97130			6
2024.06.06	00:38:47.072	0.97129	0.97129			6
2024.06.06	00:38:50.426	0.97130	0.97130			6
2024.06.06	00:38:53.370	0.97129	0.97129			6
2024.06.06	00:38:53.522	0.97128	0.97128			6
2024.06.06	00:38:53.969	0.97129	0.97129			6
2024.06.06	00:38:54.324	0.97130	0.97130			6
2024.06.06	00:38:54.354	0.97129	0.97129			6
2024.06.06	00:38:55.123	0.97128	0.97128			6
2024.06.06	00:38:55.409	0.97129	0.97129			6
2024.06.06	00:38:58.606	0.97128	0.97128			6
2024.06.06	00:38:59.167	0.97129	0.97129			6
2024.06.06	00:39:06.648	0.97128	0.97128			6
2024.06.06	00:39:06.792	0.97130	0.97130			6
2024.06.06	00:39:07.507	0.97128	0.97128			6
2024.06.06	00:39:08.116	0.97130	0.97130			6
2024.06.06	00:39:09.614	0.97128	0.97128			6
2024.06.06	00:39:10.115	0.97129	0.97129			6
2024.06.06	00:39:10.145	0.97128	0.97128			6
2024.06.06	00:39:23.800	0.97129	0.97129			6
2024.06.06	00:39:23.831	0.97128	0.97128			6
2024.06.06	00:39:26.599	0.97129	0.97129			6
2024.06.06	00:39:26.630	0.97128	0.97128			6
2024.06.06	00:39:26.969	0.97129	0.97129			6
2024.06.06	00:39:29.023	0.97131	0.97131			6
2024.06.06	00:39:29.053	0.97130	0.97130			6
2024.06.06	00:39:29.591	0.97129	0.97129			6
2024.06.06	00:39:30.146	0.97131	0.97131			6
2024.06.06	00:39:33.505	0.97129	0.97129			6
2024.06.06	00:39:34.985	0.97128	0.97128			6
2024.06.06	00:39:39.873	0.97130	0.97130			6
2024.06.06	00:39:39.903	0.97128	0.97128			6
2024.06.06	00:39:40.824	0.97130	0.97130			6
2024.06.06	00:39:49.313	0.97129	0.97129			6
2024.06.06	00:39:49.799	0.97131	0.97131			6
2024.06.06	00:39:49.859	0.97129	0.97129			6
2024.06.06	00:39:50.509	0.97131	0.97131			6
2024.06.06	00:39:50.599	0.97129	0.97129			6
2024.06.06	00:39:50.756	0.97130	0.97130			6
2024.06.06	00:39:55.124	0.97128	0.97128			6
2024.06.06	00:39:55.521	0.97131	0.97131			6
2024.06.06	00:39:55.825	0.97128	0.97128			6
2024.06.06	00:39:58.612	0.97130	0.97130			6
2024.06.06	00:40:00.855	0.97131	0.97131			6
2024.06.06	00:40:00.886	0.97128	0.97128			6
2024.06.06	00:40:00.916	0.97129	0.97129			6
2024.06.06	00:40:01.179	0.97130	0.97130			6
2024.06.06	00:40:01.209	0.97129	0.97129			6
2024.06.06	00:40:01.898	0.97130	0.97130			6
2024.06.06	00:40:01.929	0.97129	0.97129			6
2024.06.06	00:40:02.173	0.97130	0.97130			6
2024.06.06	00:40:03.403	0.97129	0.97129			6
2024.06.06	00:40:03.519	0.97128	0.97128			6
2024.06.06	00:40:09.152	0.97127	0.97127			6
2024.06.06	00:40:13.867	0.97126	0.97126			6
2024.06.06	00:40:13.926	0.97129	0.97129			6
2024.06.06	00:40:14.123	0.97130	0.97130			6
2024.06.06	00:40:14.153	0.97129	0.97129			6
2024.06.06	00:40:14.431	0.97130	0.97130			6
2024.06.06	00:40:14.733	0.97129	0.97129			6
2024.06.06	00:40:14.764	0.97128	0.97128			6
2024.06.06	00:40:15.516	0.97129	0.97129			6
2024.06.06	00:40:15.577	0.97128	0.97128			6
2024.06.06	00:40:16.225	0.97129	0.97129			6
2024.06.06	00:40:21.415	0.97127	0.97127			6
2024.06.06	00:40:21.445	0.97128	0.97128			6
2024.06.06	00:40:28.600	0.97127	0.97127			6
2024.06.06	00:40:39.303	0.97129	0.97129			6
2024.06.06	00:40:39.832	0.97128	0.97128			6
2024.06.06	00:40:51.839	0.97131	0.97131			6
2024.06.06	00:40:51.869	0.97128	0.97128			6
2024.06.06	00:40:55.182	0.97126	0.97126			6
2024.06.06	00:40:55.212	0.97125	0.97125			6
2024.06.06	00:40:59.956	0.97124	0.97124			6
2024.06.06	00:41:00.855	0.97125	0.97125			6
2024.06.06	00:41:01.161	0.97124	0.97124			6
2024.06.06	00:41:03.363	0.97123	0.97123			6
2024.06.06	00:41:03.423	0.97124	0.97124			6
2024.06.06	00:41:04.311	0.97127	0.97127			6
2024.06.06	00:41:04.787	0.97129	0.97129			6
2024.06.06	00:41:07.731	0.97136	0.97136			6
2024.06.06	00:41:07.791	0.97137	0.97137			6
2024.06.06	00:41:07.822	0.97138	0.97138			6
2024.06.06	00:41:08.242	0.97139	0.97139			6
2024.06.06	00:41:10.353	0.97137	0.97137			6
2024.06.06	00:41:10.443	0.97135	0.97135			6
2024.06.06	00:41:10.822	0.97134	0.97134			6
2024.06.06	00:41:16.603	0.97133	0.97133			6
2024.06.06	00:41:16.633	0.97132	0.97132			6
2024.06.06	00:41:28.898	0.97131	0.97131			6
2024.06.06	00:41:30.098	0.97132	0.97132			6
2024.06.06	00:41:30.686	0.97134	0.97134			6
2024.06.06	00:41:31.169	0.97133	0.97133			6
2024.06.06	00:41:31.231	0.97132	0.97132			6
2024.06.06	00:41:55.322	0.97131	0.97131			6
2024.06.06	00:42:02.037	0.97132	0.97132			6
2024.06.06	00:42:22.808	0.97130	0.97130			6
2024.06.06	00:42:22.838	0.97131	0.97131			6
2024.06.06	00:42:31.289	0.97132	0.97132			6
2024.06.06	00:42:31.793	0.97131	0.97131			6
2024.06.06	00:42:35.771	0.97130	0.97130			6
2024.06.06	00:42:55.083	0.97131	0.97131			6
2024.06.06	00:42:55.113	0.97130	0.97130			6
2024.06.06	00:43:00.543	0.97131	0.97131			6
2024.06.06	00:43:01.151	0.97132	0.97132			6
2024.06.06	00:43:01.774	0.97133	0.97133			6
2024.06.06	00:43:07.730	0.97132	0.97132			6
2024.06.06	00:43:08.540	0.97131	0.97131			6
2024.06.06	00:43:21.169	0.97132	0.97132			6
2024.06.06	00:43:21.199	0.97131	0.97131			6
2024.06.06	00:43:27.306	0.97130	0.97130			6
2024.06.06	00:43:27.517	0.97131	0.97131			6
2024.06.06	00:43:49.055	0.97132	0.97132			6
2024.06.06	00:44:33.531	0.97131	0.97131			6
2024.06.06	00:44:34.499	0.97132	0.97132			6
2024.06.06	00:44:34.968	0.97136	0.97136			6
2024.06.06	00:44:34.997	0.97132	0.97132			6
2024.06.06	00:45:00.207	0.97135	0.97135			6
2024.06.06	00:45:00.268	0.97136	0.97136			6
2024.06.06	00:45:00.694	0.97135	0.97135			6
2024.06.06	00:45:00.756	0.97134	0.97134			6
2024.06.06	00:45:05.933	0.97132	0.97132			6
2024.06.06	00:45:11.669	0.97131	0.97131			6
2024.06.06	00:45:12.858	0.97130	0.97130			6
2024.06.06	00:45:12.888	0.97132	0.97132			6
2024.06.06	00:45:13.353	0.97131	0.97131			6
2024.06.06	00:45:13.968	0.97130	0.97130			6
2024.06.06	00:45:14.088	0.97131	0.97131			6
2024.06.06	00:45:19.397	0.97130	0.97130			6
2024.06.06	00:45:20.880	0.97129	0.97129			6
2024.06.06	00:45:23.958	0.97130	0.97130			6
2024.06.06	00:45:25.176	0.97129	0.97129			6
2024.06.06	00:45:26.023	0.97130	0.97130			6
2024.06.06	00:45:34.668	0.97131	0.97131			6
2024.06.06	00:45:34.699	0.97130	0.97130			6
2024.06.06	00:45:34.759	0.97131	0.97131			6
2024.06.06	00:45:39.260	0.97132	0.97132			6
2024.06.06	00:45:39.290	0.97131	0.97131			6
2024.06.06	00:45:39.835	0.97129	0.97129			6
2024.06.06	00:45:40.661	0.97131	0.97131			6
2024.06.06	00:45:41.049	0.97130	0.97130			6
2024.06.06	00:45:44.851	0.97128	0.97128			6
2024.06.06	00:45:44.881	0.97130	0.97130			6
2024.06.06	00:45:55.865	0.97129	0.97129			6
2024.06.06	00:45:55.897	0.97130	0.97130			6
2024.06.06	00:45:59.952	0.97129	0.97129			6
2024.06.06	00:46:00.167	0.97130	0.97130			6
2024.06.06	00:46:03.290	0.97129	0.97129			6
2024.06.06	00:46:05.718	0.97130	0.97130			6
2024.06.06	00:46:06.270	0.97129	0.97129			6
2024.06.06	00:46:07.002	0.97130	0.97130			6
2024.06.06	00:46:07.875	0.97129	0.97129			6
2024.06.06	00:46:08.481	0.97130	0.97130			6
2024.06.06	00:46:08.858	0.97129	0.97129			6
2024.06.06	00:46:13.970	0.97128	0.97128			6
2024.06.06	00:46:14.541	0.97129	0.97129			6
2024.06.06	00:46:14.571	0.97130	0.97130			6
2024.06.06	00:46:14.942	0.97129	0.97129			6
2024.06.06	00:46:16.620	0.97128	0.97128			6
2024.06.06	00:46:19.875	0.97127	0.97127			6
2024.06.06	00:46:19.905	0.97129	0.97129			6
2024.06.06	00:46:19.960	0.97130	0.97130			6
2024.06.06	00:46:19.990	0.97129	0.97129			6
2024.06.06	00:46:20.395	0.97128	0.97128			6
2024.06.06	00:46:25.685	0.97127	0.97127			6
2024.06.06	00:46:25.744	0.97128	0.97128			6
2024.06.06	00:46:27.451	0.97129	0.97129			6
2024.06.06	00:46:27.482	0.97130	0.97130			6
2024.06.06	00:46:27.818	0.97129	0.97129			6
2024.06.06	00:46:27.849	0.97128	0.97128			6
2024.06.06	00:46:27.879	0.97129	0.97129			6
2024.06.06	00:46:28.222	0.97130	0.97130			6
2024.06.06	00:46:29.865	0.97129	0.97129			6
2024.06.06	00:46:29.896	0.97130	0.97130			6
2024.06.06	00:46:37.723	0.97129	0.97129			6
2024.06.06	00:47:03.467	0.97128	0.97128			6
2024.06.06	00:47:14.794	0.97127	0.97127			6
2024.06.06	00:47:24.233	0.97128	0.97128			6
2024.06.06	00:47:26.654	0.97127	0.97127			6
2024.06.06	00:47:28.490	0.97126	0.97126			6
2024.06.06	00:47:50.255	0.97127	0.97127			6
2024.06.06	00:48:05.776	0.97128	0.97128			6
2024.06.06	00:48:07.453	0.97127	0.97127			6
2024.06.06	00:48:13.370	0.97128	0.97128			6
2024.06.06	00:48:14.857	0.97127	0.97127			6
2024.06.06	00:48:24.711	0.97128	0.97128			6
2024.06.06	00:48:26.786	0.97127	0.97127			6
2024.06.06	00:48:28.308	0.97128	0.97128			6
2024.06.06	00:48:41.726	0.97127	0.97127			6
2024.06.06	00:48:55.341	0.97128	0.97128			6
2024.06.06	00:49:06.722	0.97127	0.97127			6
2024.06.06	00:49:15.886	0.97128	0.97128			6
2024.06.06	00:49:17.366	0.97129	0.97129			6
2024.06.06	00:49:30.297	0.97130	0.97130			6
2024.06.06	00:49:39.304	0.97129	0.97129			6
2024.06.06	00:49:54.880	0.97128	0.97128			6
2024.06.06	00:49:57.551	0.97129	0.97129			6
2024.06.06	00:49:58.571	0.97128	0.97128			6
2024.06.06	00:49:58.601	0.97129	0.97129			6
2024.06.06	00:50:03.779	0.97128	0.97128			6
2024.06.06	00:50:08.667	0.97129	0.97129			6
2024.06.06	00:50:08.881	0.97126	0.97126			6
2024.06.06	00:50:09.885	0.97128	0.97128			6
2024.06.06	00:50:14.341	0.97129	0.97129			6
2024.06.06	00:50:15.652	0.97130	0.97130			6
2024.06.06	00:50:18.949	0.97129	0.97129			6
2024.06.06	00:50:19.871	0.97130	0.97130			6
2024.06.06	00:50:24.345	0.97129	0.97129			6
2024.06.06	00:50:25.345	0.97130	0.97130			6
2024.06.06	00:50:26.233	0.97129	0.97129			6
2024.06.06	00:50:36.260	0.97128	0.97128			6
2024.06.06	00:50:36.611	0.97130	0.97130			6
2024.06.06	00:50:37.623	0.97128	0.97128			6
2024.06.06	00:50:38.268	0.97129	0.97129			6
2024.06.06	00:50:43.434	0.97130	0.97130			6
2024.06.06	00:50:46.949	0.97128	0.97128			6
2024.06.06	00:50:47.070	0.97130	0.97130			6
2024.06.06	00:50:47.220	0.97129	0.97129			6
2024.06.06	00:50:47.547	0.97130	0.97130			6
2024.06.06	00:50:54.398	0.97129	0.97129			6
2024.06.06	00:51:00.080	0.97130	0.97130			6
2024.06.06	00:51:00.110	0.97132	0.97132			6
2024.06.06	00:51:03.100	0.97130	0.97130			6
2024.06.06	00:51:03.620	0.97131	0.97131			6
2024.06.06	00:51:04.876	0.97129	0.97129			6
2024.06.06	00:51:06.140	0.97130	0.97130			6
2024.06.06	00:51:06.707	0.97131	0.97131			6
2024.06.06	00:51:07.123	0.97129	0.97129			6
2024.06.06	00:51:09.475	0.97130	0.97130			6
2024.06.06	00:51:10.007	0.97128	0.97128			6
2024.06.06	00:51:15.828	0.97131	0.97131			6
2024.06.06	00:51:15.888	0.97132	0.97132			6
2024.06.06	00:51:16.329	0.97131	0.97131			6
2024.06.06	00:51:21.578	0.97130	0.97130			6
2024.06.06	00:51:26.340	0.97131	0.97131			6
2024.06.06	00:51:26.921	0.97132	0.97132			6
2024.06.06	00:51:27.661	0.97131	0.97131			6
2024.06.06	00:51:30.900	0.97130	0.97130			6
2024.06.06	00:51:31.703	0.97129	0.97129			6
2024.06.06	00:51:32.949	0.97130	0.97130			6
2024.06.06	00:51:38.609	0.97129	0.97129			6
2024.06.06	00:51:38.879	0.97128	0.97128			6
2024.06.06	00:51:38.939	0.97130	0.97130			6
2024.06.06	00:51:49.248	0.97129	0.97129			6
2024.06.06	00:51:51.798	0.97130	0.97130			6
2024.06.06	00:51:54.895	0.97131	0.97131			6
2024.06.06	00:51:54.926	0.97130	0.97130			6
2024.06.06	00:52:24.688	0.97131	0.97131			6
2024.06.06	00:52:24.719	0.97130	0.97130			6
2024.06.06	00:52:30.395	0.97129	0.97129			6
2024.06.06	00:52:37.920	0.97130	0.97130			6
2024.06.06	00:52:37.981	0.97129	0.97129			6
2024.06.06	00:52:38.892	0.97128	0.97128			6
2024.06.06	00:52:53.721	0.97129	0.97129			6
2024.06.06	00:53:04.929	0.97130	0.97130			6
2024.06.06	00:53:05.871	0.97129	0.97129			6
2024.06.06	00:53:07.490	0.97128	0.97128			6
2024.06.06	00:53:07.921	0.97129	0.97129			6
2024.06.06	00:53:08.880	0.97127	0.97127			6
2024.06.06	00:53:08.910	0.97128	0.97128			6
2024.06.06	00:53:09.070	0.97129	0.97129			6
2024.06.06	00:53:09.099	0.97130	0.97130			6
2024.06.06	00:53:15.757	0.97129	0.97129			6
2024.06.06	00:53:15.853	0.97130	0.97130			6
2024.06.06	00:53:16.919	0.97131	0.97131			6
2024.06.06	00:53:16.979	0.97132	0.97132			6
2024.06.06	00:53:17.380	0.97131	0.97131			6
2024.06.06	00:53:18.696	0.97130	0.97130			6
2024.06.06	00:53:18.913	0.97129	0.97129			6
2024.06.06	00:53:19.779	0.97131	0.97131			6
2024.06.06	00:53:19.810	0.97129	0.97129			6
2024.06.06	00:53:22.130	0.97128	0.97128			6
2024.06.06	00:53:22.190	0.97130	0.97130			6
2024.06.06	00:53:22.220	0.97127	0.97127			6
2024.06.06	00:53:26.924	0.97128	0.97128			6
2024.06.06	00:53:27.054	0.97129	0.97129			6
2024.06.06	00:53:27.143	0.97130	0.97130			6
2024.06.06	00:53:32.552	0.97131	0.97131			6
2024.06.06	00:53:42.070	0.97129	0.97129			6
2024.06.06	00:53:52.990	0.97126	0.97126			6
2024.06.06	00:53:53.050	0.97128	0.97128			6
2024.06.06	00:53:53.080	0.97124	0.97124			6
2024.06.06	00:53:53.728	0.97126	0.97126			6
2024.06.06	00:53:55.765	0.97124	0.97124			6
2024.06.06	00:53:56.217	0.97125	0.97125			6
2024.06.06	00:53:56.366	0.97122	0.97122			6
2024.06.06	00:53:56.757	0.97121	0.97121			6
2024.06.06	00:53:56.849	0.97124	0.97124			6
2024.06.06	00:53:57.699	0.97121	0.97121			6
2024.06.06	00:54:02.995	0.97122	0.97122			6
2024.06.06	00:54:03.026	0.97124	0.97124			6
2024.06.06	00:54:03.135	0.97125	0.97125			6
2024.06.06	00:54:03.165	0.97124	0.97124			6
2024.06.06	00:54:03.534	0.97126	0.97126			6
2024.06.06	00:54:03.594	0.97128	0.97128			6
2024.06.06	00:54:03.624	0.97126	0.97126			6
2024.06.06	00:54:05.670	0.97128	0.97128			6
2024.06.06	00:54:06.672	0.97129	0.97129			6
2024.06.06	00:54:06.703	0.97133	0.97133			6
2024.06.06	00:54:06.733	0.97135	0.97135			6
2024.06.06	00:54:07.151	0.97136	0.97136			6
2024.06.06	00:54:07.258	0.97137	0.97137			6
2024.06.06	00:54:09.102	0.97139	0.97139			6
2024.06.06	00:54:12.786	0.97136	0.97136			6
2024.06.06	00:54:13.080	0.97135	0.97135			6
2024.06.06	00:54:13.111	0.97136	0.97136			6
2024.06.06	00:54:16.603	0.97135	0.97135			6
2024.06.06	00:54:16.634	0.97132	0.97132			6
2024.06.06	00:54:16.664	0.97131	0.97131			6
2024.06.06	00:54:16.757	0.97130	0.97130			6
2024.06.06	00:54:17.122	0.97129	0.97129			6
2024.06.06	00:54:17.340	0.97128	0.97128			6
2024.06.06	00:54:17.370	0.97131	0.97131			6
2024.06.06	00:54:22.972	0.97130	0.97130			6
2024.06.06	00:54:27.145	0.97129	0.97129			6
2024.06.06	00:54:30.171	0.97130	0.97130			6
2024.06.06	00:54:30.202	0.97131	0.97131			6
2024.06.06	00:54:30.231	0.97132	0.97132			6
2024.06.06	00:54:30.261	0.97131	0.97131			6
2024.06.06	00:54:30.540	0.97132	0.97132			6
2024.06.06	00:54:30.571	0.97134	0.97134			6
2024.06.06	00:54:30.630	0.97135	0.97135			6
2024.06.06	00:54:30.660	0.97136	0.97136			6
2024.06.06	00:54:31.373	0.97135	0.97135			6
2024.06.06	00:54:31.672	0.97137	0.97137			6
2024.06.06	00:54:31.732	0.97135	0.97135			6
2024.06.06	00:54:31.761	0.97139	0.97139			6
2024.06.06	00:54:32.018	0.97140	0.97140			6
2024.06.06	00:54:32.047	0.97141	0.97141			6
2024.06.06	00:54:32.108	0.97142	0.97142			6
2024.06.06	00:54:32.137	0.97136	0.97136			6
2024.06.06	00:54:33.500	0.97135	0.97135			6
2024.06.06	00:54:34.616	0.97134	0.97134			6
2024.06.06	00:54:35.479	0.97135	0.97135			6
2024.06.06	00:54:35.852	0.97138	0.97138			6
2024.06.06	00:54:35.882	0.97139	0.97139			6
2024.06.06	00:54:41.310	0.97137	0.97137			6
2024.06.06	00:54:46.795	0.97138	0.97138			6
2024.06.06	00:54:49.517	0.97136	0.97136			6
2024.06.06	00:54:51.928	0.97135	0.97135			6
2024.06.06	00:54:56.256	0.97122	0.97122			6
2024.06.06	00:54:56.346	0.97123	0.97123			6
2024.06.06	00:55:00.718	0.97124	0.97124			6
2024.06.06	00:55:00.748	0.97123	0.97123			6
2024.06.06	00:55:00.839	0.97124	0.97124			6
2024.06.06	00:55:00.870	0.97137	0.97137			6
2024.06.06	00:55:00.929	0.97138	0.97138			6
2024.06.06	00:55:01.579	0.97143	0.97143			6
2024.06.06	00:55:01.699	0.97139	0.97139			6
2024.06.06	00:55:02.711	0.97138	0.97138			6
2024.06.06	00:55:02.741	0.97139	0.97139			6
2024.06.06	00:55:04.604	0.97140	0.97140			6
2024.06.06	00:55:05.195	0.97139	0.97139			6
2024.06.06	00:55:05.351	0.97140	0.97140			6
2024.06.06	00:55:05.380	0.97139	0.97139			6
2024.06.06	00:55:05.701	0.97140	0.97140			6
2024.06.06	00:55:06.202	0.97139	0.97139			6
2024.06.06	00:55:09.388	0.97140	0.97140			6
2024.06.06	00:55:09.418	0.97144	0.97144			6
2024.06.06	00:55:09.478	0.97143	0.97143			6
2024.06.06	00:55:09.509	0.97144	0.97144			6
2024.06.06	00:55:09.773	0.97143	0.97143			6
2024.06.06	00:55:09.961	0.97144	0.97144			6
2024.06.06	00:55:10.051	0.97145	0.97145			6
2024.06.06	00:55:10.496	0.97147	0.97147			6
2024.06.06	00:55:10.556	0.97146	0.97146			6
2024.06.06	00:55:10.586	0.97147	0.97147			6
2024.06.06	00:55:10.617	0.97148	0.97148			6
2024.06.06	00:55:10.757	0.97145	0.97145			6
2024.06.06	00:55:10.787	0.97144	0.97144			6
2024.06.06	00:55:10.924	0.97145	0.97145			6
2024.06.06	00:55:12.792	0.97144	0.97144			6
2024.06.06	00:55:14.842	0.97145	0.97145			6
2024.06.06	00:55:16.295	0.97146	0.97146			6
2024.06.06	00:55:17.508	0.97142	0.97142			6
2024.06.06	00:55:17.538	0.97141	0.97141			6
2024.06.06	00:55:18.817	0.97140	0.97140			6
2024.06.06	00:55:20.435	0.97139	0.97139			6
2024.06.06	00:55:22.192	0.97140	0.97140			6
2024.06.06	00:55:22.672	0.97139	0.97139			6
2024.06.06	00:55:23.718	0.97138	0.97138			6
2024.06.06	00:55:23.748	0.97137	0.97137			6
2024.06.06	00:55:23.779	0.97136	0.97136			6
2024.06.06	00:55:24.847	0.97137	0.97137			6
2024.06.06	00:55:27.925	0.97135	0.97135			6
2024.06.06	00:55:30.725	0.97134	0.97134			6
2024.06.06	00:55:33.427	0.97135	0.97135			6
2024.06.06	00:55:33.458	0.97134	0.97134			6
2024.06.06	00:55:41.700	0.97135	0.97135			6
2024.06.06	00:55:42.918	0.97138	0.97138			6
2024.06.06	00:55:42.949	0.97134	0.97134			6
2024.06.06	00:55:46.234	0.97133	0.97133			6
2024.06.06	00:55:46.402	0.97134	0.97134			6
2024.06.06	00:55:46.432	0.97133	0.97133			6
2024.06.06	00:55:46.929	0.97134	0.97134			6
2024.06.06	00:55:46.960	0.97133	0.97133			6
2024.06.06	00:55:47.303	0.97131	0.97131			6
2024.06.06	00:55:47.809	0.97130	0.97130			6
2024.06.06	00:55:48.179	0.97132	0.97132			6
2024.06.06	00:55:48.308	0.97131	0.97131			6
2024.06.06	00:55:51.905	0.97132	0.97132			6
2024.06.06	00:55:52.514	0.97130	0.97130			6
2024.06.06	00:55:52.545	0.97132	0.97132			6
2024.06.06	00:55:52.605	0.97130	0.97130			6
2024.06.06	00:55:52.665	0.97129	0.97129			6
2024.06.06	00:55:52.695	0.97130	0.97130			6
2024.06.06	00:55:52.816	0.97129	0.97129			6
2024.06.06	00:55:52.876	0.97131	0.97131			6
2024.06.06	00:55:52.937	0.97132	0.97132			6
2024.06.06	00:55:52.967	0.97130	0.97130			6
2024.06.06	00:55:52.996	0.97131	0.97131			6
2024.06.06	00:55:53.026	0.97130	0.97130			6
2024.06.06	00:55:53.255	0.97132	0.97132			6
2024.06.06	00:55:53.284	0.97133	0.97133			6
2024.06.06	00:55:53.314	0.97134	0.97134			6
2024.06.06	00:55:53.374	0.97133	0.97133			6
2024.06.06	00:55:53.737	0.97132	0.97132			6
2024.06.06	00:55:53.767	0.97133	0.97133			6
2024.06.06	00:55:53.858	0.97132	0.97132			6
2024.06.06	00:55:53.889	0.97131	0.97131			6
2024.06.06	00:55:53.979	0.97132	0.97132			6
2024.06.06	00:55:54.220	0.97131	0.97131			6
2024.06.06	00:55:54.249	0.97132	0.97132			6
2024.06.06	00:55:56.247	0.97131	0.97131			6
2024.06.06	00:55:56.278	0.97130	0.97130			6
2024.06.06	00:55:56.669	0.97131	0.97131			6
2024.06.06	00:55:56.718	0.97130	0.97130			6
2024.06.06	00:55:57.514	0.97129	0.97129			6
2024.06.06	00:55:57.919	0.97130	0.97130			6
2024.06.06	00:55:58.256	0.97131	0.97131			6
2024.06.06	00:55:58.286	0.97130	0.97130			6
2024.06.06	00:56:00.543	0.97131	0.97131			6
2024.06.06	00:56:00.664	0.97130	0.97130			6
2024.06.06	00:56:01.322	0.97133	0.97133			6
2024.06.06	00:56:01.353	0.97132	0.97132			6
2024.06.06	00:56:01.382	0.97133	0.97133			6
2024.06.06	00:56:01.443	0.97134	0.97134			6
2024.06.06	00:56:01.473	0.97132	0.97132			6
2024.06.06	00:56:01.504	0.97133	0.97133			6
2024.06.06	00:56:02.194	0.97132	0.97132			6
2024.06.06	00:56:02.224	0.97133	0.97133			6
2024.06.06	00:56:02.254	0.97134	0.97134			6
2024.06.06	00:56:03.957	0.97132	0.97132			6
2024.06.06	00:56:04.286	0.97131	0.97131			6
2024.06.06	00:56:05.307	0.97133	0.97133			6
2024.06.06	00:56:05.336	0.97134	0.97134			6
2024.06.06	00:56:05.366	0.97132	0.97132			6
2024.06.06	00:56:05.814	0.97133	0.97133			6
2024.06.06	00:56:06.367	0.97134	0.97134			6
2024.06.06	00:56:06.428	0.97135	0.97135			6
2024.06.06	00:56:07.947	0.97134	0.97134			6
2024.06.06	00:56:14.981	0.97133	0.97133			6
2024.06.06	00:56:34.479	0.97135	0.97135			6
2024.06.06	00:56:34.508	0.97133	0.97133			6
2024.06.06	00:56:35.314	0.97132	0.97132			6
2024.06.06	00:56:37.248	0.97134	0.97134			6
2024.06.06	00:56:37.753	0.97133	0.97133			6
2024.06.06	00:56:38.974	0.97132	0.97132			6
2024.06.06	00:56:41.630	0.97133	0.97133			6
2024.06.06	00:56:42.640	0.97132	0.97132			6
2024.06.06	00:56:45.822	0.97134	0.97134			6
2024.06.06	00:56:45.852	0.97132	0.97132			6
2024.06.06	00:56:47.331	0.97131	0.97131			6
2024.06.06	00:56:47.361	0.97132	0.97132			6
2024.06.06	00:57:00.563	0.97133	0.97133			6
2024.06.06	00:57:01.082	0.97132	0.97132			6
2024.06.06	00:57:08.380	0.97134	0.97134			6
2024.06.06	00:57:09.388	0.97133	0.97133			6
2024.06.06	00:57:09.479	0.97132	0.97132			6
2024.06.06	00:57:20.595	0.97134	0.97134			6
2024.06.06	00:57:20.626	0.97132	0.97132			6
2024.06.06	00:57:22.984	0.97133	0.97133			6
2024.06.06	00:57:24.095	0.97132	0.97132			6
2024.06.06	00:57:42.210	0.97134	0.97134			6
2024.06.06	00:57:44.735	0.97132	0.97132			6
2024.06.06	00:57:44.766	0.97134	0.97134			6
2024.06.06	00:57:52.902	0.97132	0.97132			6
2024.06.06	00:57:59.008	0.97133	0.97133			6
2024.06.06	00:57:59.868	0.97132	0.97132			6
2024.06.06	00:58:04.754	0.97133	0.97133			6
2024.06.06	00:58:05.233	0.97132	0.97132			6
2024.06.06	00:58:06.874	0.97133	0.97133			6
2024.06.06	00:58:06.905	0.97132	0.97132			6
2024.06.06	00:58:06.934	0.97133	0.97133			6
2024.06.06	00:58:07.333	0.97132	0.97132			6
2024.06.06	00:58:07.363	0.97134	0.97134			6
2024.06.06	00:58:07.847	0.97132	0.97132			6
2024.06.06	00:58:07.877	0.97134	0.97134			6
2024.06.06	00:58:09.692	0.97135	0.97135			6
2024.06.06	00:58:11.191	0.97134	0.97134			6
2024.06.06	00:58:12.009	0.97132	0.97132			6
2024.06.06	00:58:13.711	0.97131	0.97131			6
2024.06.06	00:58:16.663	0.97132	0.97132			6
2024.06.06	00:58:16.753	0.97133	0.97133			6
2024.06.06	00:58:16.784	0.97132	0.97132			6
2024.06.06	00:58:16.954	0.97133	0.97133			6
2024.06.06	00:58:19.395	0.97134	0.97134			6
2024.06.06	00:58:19.457	0.97132	0.97132			6
2024.06.06	00:58:19.948	0.97133	0.97133			6
2024.06.06	00:58:22.927	0.97132	0.97132			6
2024.06.06	00:58:22.956	0.97134	0.97134			6
2024.06.06	00:58:23.469	0.97133	0.97133			6
2024.06.06	00:58:23.499	0.97135	0.97135			6
2024.06.06	00:58:23.947	0.97134	0.97134			6
2024.06.06	00:58:24.421	0.97132	0.97132			6
2024.06.06	00:58:24.451	0.97134	0.97134			6
2024.06.06	00:58:25.023	0.97133	0.97133			6
2024.06.06	00:58:25.054	0.97134	0.97134			6
2024.06.06	00:58:27.374	0.97135	0.97135			6
2024.06.06	00:58:27.910	0.97132	0.97132			6
2024.06.06	00:58:28.030	0.97131	0.97131			6
2024.06.06	00:58:28.125	0.97132	0.97132			6
2024.06.06	00:58:28.362	0.97131	0.97131			6
2024.06.06	00:58:29.966	0.97130	0.97130			6
2024.06.06	00:58:32.494	0.97132	0.97132			6
2024.06.06	00:58:32.525	0.97131	0.97131			6
2024.06.06	00:58:33.570	0.97132	0.97132			6
2024.06.06	00:58:34.246	0.97133	0.97133			6
2024.06.06	00:58:34.558	0.97132	0.97132			6
2024.06.06	00:58:34.617	0.97131	0.97131			6
2024.06.06	00:58:34.647	0.97132	0.97132			6
2024.06.06	00:58:34.957	0.97134	0.97134			6
2024.06.06	00:58:37.996	0.97135	0.97135			6
2024.06.06	00:58:38.957	0.97132	0.97132			6
2024.06.06	00:58:48.502	0.97135	0.97135			6
2024.06.06	00:58:48.682	0.97134	0.97134			6
2024.06.06	00:58:48.712	0.97132	0.97132			6
2024.06.06	00:58:49.919	0.97134	0.97134			6
2024.06.06	00:58:50.405	0.97132	0.97132			6
2024.06.06	00:58:50.435	0.97134	0.97134			6
2024.06.06	00:58:53.364	0.97133	0.97133			6
2024.06.06	00:58:58.076	0.97135	0.97135			6
2024.06.06	00:58:58.106	0.97132	0.97132			6
2024.06.06	00:59:01.128	0.97133	0.97133			6
2024.06.06	00:59:01.225	0.97132	0.97132			6
2024.06.06	00:59:01.648	0.97133	0.97133			6
2024.06.06	00:59:02.207	0.97132	0.97132			6
2024.06.06	00:59:02.567	0.97134	0.97134			6
2024.06.06	00:59:02.659	0.97133	0.97133			6
2024.06.06	00:59:02.688	0.97134	0.97134			6
2024.06.06	00:59:03.386	0.97133	0.97133			6
2024.06.06	00:59:03.634	0.97134	0.97134			6
2024.06.06	00:59:03.799	0.97132	0.97132			6
2024.06.06	00:59:03.830	0.97134	0.97134			6
2024.06.06	00:59:04.928	0.97132	0.97132			6
2024.06.06	00:59:04.958	0.97135	0.97135			6
2024.06.06	00:59:05.444	0.97132	0.97132			6
2024.06.06	00:59:05.957	0.97134	0.97134			6
2024.06.06	00:59:05.986	0.97135	0.97135			6
2024.06.06	00:59:07.198	0.97134	0.97134			6
2024.06.06	00:59:07.228	0.97133	0.97133			6
2024.06.06	00:59:09.420	0.97134	0.97134			6
2024.06.06	00:59:09.907	0.97132	0.97132			6
2024.06.06	00:59:09.937	0.97135	0.97135			6
2024.06.06	00:59:09.996	0.97133	0.97133			6
2024.06.06	00:59:10.424	0.97132	0.97132			6
2024.06.06	00:59:10.949	0.97133	0.97133			6
2024.06.06	00:59:11.478	0.97132	0.97132			6
2024.06.06	00:59:11.507	0.97133	0.97133			6
2024.06.06	00:59:11.971	0.97132	0.97132			6
2024.06.06	00:59:12.525	0.97133	0.97133			6
2024.06.06	00:59:13.425	0.97134	0.97134			6
2024.06.06	00:59:13.455	0.97133	0.97133			6
2024.06.06	00:59:15.372	0.97132	0.97132			6
2024.06.06	00:59:15.495	0.97131	0.97131			6
2024.06.06	00:59:15.522	0.97132	0.97132			6
2024.06.06	00:59:17.228	0.97134	0.97134			6
2024.06.06	00:59:17.259	0.97132	0.97132			6
2024.06.06	00:59:21.223	0.97134	0.97134			6
2024.06.06	00:59:21.253	0.97132	0.97132			6
2024.06.06	00:59:22.393	0.97134	0.97134			6
2024.06.06	00:59:25.958	0.97131	0.97131			6
2024.06.06	00:59:25.988	0.97132	0.97132			6
2024.06.06	00:59:26.458	0.97134	0.97134			6
2024.06.06	00:59:27.047	0.97132	0.97132			6
2024.06.06	00:59:27.569	0.97135	0.97135			6
2024.06.06	00:59:27.985	0.97132	0.97132			6
2024.06.06	00:59:30.891	0.97134	0.97134			6
2024.06.06	00:59:30.921	0.97133	0.97133			6
2024.06.06	00:59:31.314	0.97132	0.97132			6
2024.06.06	00:59:32.295	0.97133	0.97133			6
2024.06.06	00:59:32.834	0.97132	0.97132			6
2024.06.06	00:59:35.827	0.97134	0.97134			6
2024.06.06	00:59:40.840	0.97132	0.97132			6
2024.06.06	00:59:40.870	0.97134	0.97134			6
2024.06.06	00:59:41.449	0.97132	0.97132			6
2024.06.06	00:59:41.972	0.97134	0.97134			6
2024.06.06	00:59:42.926	0.97132	0.97132			6
2024.06.06	00:59:42.957	0.97134	0.97134			6
2024.06.06	00:59:48.916	0.97132	0.97132			6
2024.06.06	00:59:49.512	0.97134	0.97134			6
2024.06.06	00:59:50.062	0.97132	0.97132			6
2024.06.06	00:59:52.186	0.97134	0.97134			6
2024.06.06	00:59:52.321	0.97132	0.97132			6
2024.06.06	00:59:52.684	0.97131	0.97131			6
2024.06.06	00:59:52.714	0.97133	0.97133			6
2024.06.06	00:59:53.279	0.97132	0.97132			6
2024.06.06	00:59:56.461	0.97133	0.97133			6
2024.06.06	00:59:56.954	0.97134	0.97134			6
2024.06.06	00:59:57.964	0.97131	0.97131			6
2024.06.06	00:59:57.994	0.97132	0.97132			6
2024.06.06	00:59:58.496	0.97131	0.97131			6
2024.06.06	00:59:59.103	0.97132	0.97132			6
2024.06.06	00:59:59.524	0.97133	0.97133			6
2024.06.06	01:00:00.104	0.97132	0.97132			6
2024.06.06	01:00:00.133	0.97131	0.97131			6
2024.06.06	01:00:00.192	0.97127	0.97127			6
2024.06.06	01:00:00.221	0.97125	0.97125			6
2024.06.06	01:00:00.253	0.97124	0.97124			6
2024.06.06	01:00:00.281	0.97125	0.97125			6
2024.06.06	01:00:00.313	0.97126	0.97126			6
2024.06.06	01:00:00.340	0.97124	0.97124			6
2024.06.06	01:00:00.400	0.97120	0.97120			6
2024.06.06	01:00:00.431	0.97124	0.97124			6
2024.06.06	01:00:00.525	0.97122	0.97122			6
2024.06.06	01:00:00.554	0.97123	0.97123			6
2024.06.06	01:00:00.584	0.97124	0.97124			6
2024.06.06	01:00:00.673	0.97125	0.97125			6
2024.06.06	01:00:00.766	0.97124	0.97124			6
2024.06.06	01:00:00.824	0.97123	0.97123			6
2024.06.06	01:00:00.855	0.97127	0.97127			6
2024.06.06	01:00:00.886	0.97124	0.97124			6
2024.06.06	01:00:00.946	0.97121	0.97121			6
2024.06.06	01:00:01.005	0.97120	0.97120			6
2024.06.06	01:00:01.066	0.97118	0.97118			6
2024.06.06	01:00:01.186	0.97116	0.97116			6
2024.06.06	01:00:01.215	0.97114	0.97114			6
2024.06.06	01:00:01.246	0.97113	0.97113			6
2024.06.06	01:00:01.424	0.97111	0.97111			6
2024.06.06	01:00:01.454	0.97110	0.97110			6
2024.06.06	01:00:01.484	0.97112	0.97112			6
2024.06.06	01:00:01.514	0.97108	0.97108			6
2024.06.06	01:00:01.636	0.97111	0.97111			6
2024.06.06	01:00:02.236	0.97108	0.97108			6
2024.06.06	01:00:02.327	0.97111	0.97111			6
2024.06.06	01:00:02.416	0.97110	0.97110			6
2024.06.06	01:00:02.537	0.97109	0.97109			6
2024.06.06	01:00:02.656	0.97107	0.97107			6
2024.06.06	01:00:02.687	0.97105	0.97105			6
2024.06.06	01:00:02.717	0.97104	0.97104			6
2024.06.06	01:00:02.807	0.97105	0.97105			6
2024.06.06	01:00:02.926	0.97104	0.97104			6
2024.06.06	01:00:03.349	0.97105	0.97105			6
2024.06.06	01:00:03.557	0.97101	0.97101			6
2024.06.06	01:00:03.817	0.97110	0.97110			6
2024.06.06	01:00:04.176	0.97111	0.97111			6
2024.06.06	01:00:04.268	0.97110	0.97110			6
2024.06.06	01:00:04.778	0.97111	0.97111			6
2024.06.06	01:00:05.112	0.97110	0.97110			6
2024.06.06	01:00:05.140	0.97109	0.97109			6
2024.06.06	01:00:05.501	0.97110	0.97110			6
2024.06.06	01:00:05.531	0.97109	0.97109			6
2024.06.06	01:00:06.301	0.97108	0.97108			6
2024.06.06	01:00:06.813	0.97110	0.97110			6
2024.06.06	01:00:07.474	0.97111	0.97111			6
2024.06.06	01:00:07.504	0.97110	0.97110			6
2024.06.06	01:00:07.775	0.97109	0.97109			6
2024.06.06	01:00:08.890	0.97111	0.97111			6
2024.06.06	01:00:10.122	0.97110	0.97110			6
2024.06.06	01:00:10.957	0.97109	0.97109			6
2024.06.06	01:00:11.018	0.97108	0.97108			6
2024.06.06	01:00:11.454	0.97107	0.97107			6
2024.06.06	01:00:11.617	0.97109	0.97109			6
2024.06.06	01:00:13.277	0.97108	0.97108			6
2024.06.06	01:00:14.251	0.97109	0.97109			6
2024.06.06	01:00:14.281	0.97108	0.97108			6
2024.06.06	01:00:14.523	0.97107	0.97107			6
2024.06.06	01:00:14.554	0.97109	0.97109			6
2024.06.06	01:00:14.854	0.97108	0.97108			6
2024.06.06	01:00:15.124	0.97107	0.97107			6
2024.06.06	01:00:15.580	0.97108	0.97108			6
2024.06.06	01:00:15.671	0.97109	0.97109			6
2024.06.06	01:00:15.970	0.97110	0.97110			6
2024.06.06	01:00:16.360	0.97115	0.97115			6
2024.06.06	01:00:16.768	0.97111	0.97111			6
2024.06.06	01:00:17.700	0.97112	0.97112			6
2024.06.06	01:00:18.764	0.97108	0.97108			6
2024.06.06	01:00:20.375	0.97109	0.97109			6
2024.06.06	01:00:20.861	0.97110	0.97110			6
2024.06.06	01:00:22.422	0.97109	0.97109			6
2024.06.06	01:00:22.816	0.97112	0.97112			6
2024.06.06	01:00:22.996	0.97113	0.97113			6
2024.06.06	01:00:23.266	0.97114	0.97114			6
2024.06.06	01:00:23.296	0.97113	0.97113			6
2024.06.06	01:00:23.814	0.97112	0.97112			6
2024.06.06	01:00:31.612	0.97109	0.97109			6
2024.06.06	01:00:33.119	0.97110	0.97110			6
2024.06.06	01:00:36.133	0.97109	0.97109			6
2024.06.06	01:00:38.438	0.97104	0.97104			6
2024.06.06	01:00:38.465	0.97103	0.97103			6
2024.06.06	01:00:41.133	0.97104	0.97104			6
2024.06.06	01:00:42.007	0.97106	0.97106			6
2024.06.06	01:00:42.595	0.97105	0.97105			6
2024.06.06	01:00:43.015	0.97104	0.97104			6
2024.06.06	01:00:43.075	0.97103	0.97103			6
2024.06.06	01:00:43.721	0.97104	0.97104			6
2024.06.06	01:00:44.218	0.97105	0.97105			6
2024.06.06	01:00:46.781	0.97106	0.97106			6
2024.06.06	01:00:46.810	0.97105	0.97105			6
2024.06.06	01:00:47.940	0.97107	0.97107			6
2024.06.06	01:00:53.414	0.97108	0.97108			6
2024.06.06	01:00:53.446	0.97106	0.97106			6
2024.06.06	01:00:53.474	0.97105	0.97105			6
2024.06.06	01:00:54.144	0.97109	0.97109			6
2024.06.06	01:00:54.728	0.97108	0.97108			6
2024.06.06	01:00:56.964	0.97103	0.97103			6
2024.06.06	01:00:56.994	0.97101	0.97101			6
2024.06.06	01:00:59.761	0.97102	0.97102			6
2024.06.06	01:00:59.792	0.97103	0.97103			6
2024.06.06	01:01:00.382	0.97104	0.97104			6
2024.06.06	01:01:10.028	0.97105	0.97105			6
2024.06.06	01:01:11.255	0.97106	0.97106			6
2024.06.06	01:01:12.293	0.97105	0.97105			6
2024.06.06	01:01:16.979	0.97102	0.97102			6
2024.06.06	01:01:17.009	0.97101	0.97101			6
2024.06.06	01:01:17.130	0.97099	0.97099			6
2024.06.06	01:01:19.025	0.97098	0.97098			6
2024.06.06	01:01:36.970	0.97097	0.97097			6
2024.06.06	01:01:37.000	0.97096	0.97096			6
2024.06.06	01:01:37.689	0.97097	0.97097			6
2024.06.06	01:01:46.329	0.97096	0.97096			6
2024.06.06	01:01:46.388	0.97097	0.97097			6
2024.06.06	01:01:46.490	0.97095	0.97095			6
2024.06.06	01:01:46.551	0.97093	0.97093			6
2024.06.06	01:01:46.611	0.97097	0.97097			6
2024.06.06	01:01:46.688	0.97095	0.97095			6
2024.06.06	01:01:46.808	0.97097	0.97097			6
2024.06.06	01:01:46.899	0.97095	0.97095			6
2024.06.06	01:01:46.996	0.97097	0.97097			6
2024.06.06	01:01:47.117	0.97095	0.97095			6
2024.06.06	01:01:47.248	0.97097	0.97097			6
2024.06.06	01:01:47.337	0.97095	0.97095			6
2024.06.06	01:01:47.427	0.97097	0.97097			6
2024.06.06	01:01:47.528	0.97095	0.97095			6
2024.06.06	01:01:47.557	0.97093	0.97093			6
2024.06.06	01:01:47.649	0.97097	0.97097			6
2024.06.06	01:01:49.131	0.97096	0.97096			6
2024.06.06	01:02:01.985	0.97095	0.97095			6
2024.06.06	01:02:02.015	0.97094	0.97094			6
2024.06.06	01:02:02.075	0.97093	0.97093			6
2024.06.06	01:02:04.798	0.97092	0.97092			6
2024.06.06	01:02:09.509	0.97093	0.97093			6
2024.06.06	01:02:10.656	0.97092	0.97092			6
2024.06.06	01:02:17.001	0.97090	0.97090			6
2024.06.06	01:02:17.032	0.97091	0.97091			6
2024.06.06	01:02:17.702	0.97092	0.97092			6
2024.06.06	01:02:22.319	0.97091	0.97091			6
2024.06.06	01:02:31.591	0.97089	0.97089			6
2024.06.06	01:02:31.622	0.97091	0.97091			6
2024.06.06	01:02:31.900	0.97092	0.97092			6
2024.06.06	01:02:41.345	0.97091	0.97091			6
2024.06.06	01:02:41.708	0.97092	0.97092			6
2024.06.06	01:02:46.426	0.97094	0.97094			6
2024.06.06	01:02:46.456	0.97095	0.97095			6
2024.06.06	01:02:46.994	0.97093	0.97093			6
2024.06.06	01:02:47.025	0.97097	0.97097			6
2024.06.06	01:02:47.083	0.97096	0.97096			6
2024.06.06	01:02:47.114	0.97097	0.97097			6
2024.06.06	01:02:47.340	0.97099	0.97099			6
2024.06.06	01:02:52.229	0.97097	0.97097			6
2024.06.06	01:02:54.700	0.97099	0.97099			6
2024.06.06	01:02:55.024	0.97097	0.97097			6
2024.06.06	01:02:56.040	0.97099	0.97099			6
2024.06.06	01:02:57.409	0.97098	0.97098			6
2024.06.06	01:02:57.535	0.97099	0.97099			6
2024.06.06	01:03:00.108	0.97099				2
2024.06.06	01:03:01.052	0.97097	0.97097			6
2024.06.06	01:03:01.233	0.97096	0.97096			6
2024.06.06	01:03:02.006	0.97092	0.97092			6
2024.06.06	01:03:02.892	0.97091	0.97091			6
2024.06.06	01:03:05.588	0.97093	0.97093			6
2024.06.06	01:03:05.619	0.97094	0.97094			6
2024.06.06	01:03:05.859	0.97093	0.97093			6
2024.06.06	01:03:27.013	0.97092	0.97092			6
2024.06.06	01:03:27.042	0.97091	0.97091			6
2024.06.06	01:03:27.398	0.97089	0.97089			6
2024.06.06	01:03:27.727	0.97090	0.97090			6
2024.06.06	01:03:46.238	0.97088	0.97088			6
2024.06.06	01:03:47.024	0.97092	0.97092			6
2024.06.06	01:03:47.054	0.97095	0.97095			6
2024.06.06	01:03:47.145	0.97094	0.97094			6
2024.06.06	01:03:47.175	0.97095	0.97095			6
2024.06.06	01:03:47.316	0.97096	0.97096			6
2024.06.06	01:03:55.086	0.97097	0.97097			6
2024.06.06	01:03:55.610	0.97098	0.97098			6
2024.06.06	01:04:08.548	0.97098				2
2024.06.06	01:04:09.305	0.97097	0.97097			6
2024.06.06	01:04:09.364	0.97096	0.97096			6
2024.06.06	01:04:32.022	0.97095	0.97095			6
2024.06.06	01:04:32.052	0.97094	0.97094			6
2024.06.06	01:04:32.082	0.97092	0.97092			6
2024.06.06	01:04:36.672	0.97093	0.97093			6
2024.06.06	01:04:36.732	0.97094	0.97094			6
2024.06.06	01:04:36.992	0.97095	0.97095			6
2024.06.06	01:04:37.912	0.97094	0.97094			6
2024.06.06	01:04:52.047	0.97092	0.97092			6
2024.06.06	01:04:52.077	0.97091	0.97091			6
2024.06.06	01:04:52.728	0.97090	0.97090			6
2024.06.06	01:04:57.149	0.97091	0.97091			6
2024.06.06	01:04:57.492	0.97089	0.97089			6
2024.06.06	01:04:57.980	0.97091	0.97091			6
2024.06.06	01:05:03.316	0.97091				2
2024.06.06	01:05:08.028	0.97090	0.97090			6
2024.06.06	01:05:08.058	0.97088	0.97088			6
2024.06.06	01:05:08.088	0.97090	0.97090			6
2024.06.06	01:05:10.653	0.97089	0.97089			6
2024.06.06	01:05:11.305	0.97090	0.97090			6
2024.06.06	01:05:11.334	0.97091	0.97091			6
2024.06.06	01:05:12.302	0.97090	0.97090			6
2024.06.06	01:05:14.994	0.97089	0.97089			6
2024.06.06	01:05:17.072	0.97090	0.97090			6
2024.06.06	01:05:21.728	0.97091	0.97091			6
2024.06.06	01:05:30.559	0.97088	0.97088			6
2024.06.06	01:05:41.103	0.97086	0.97086			6
2024.06.06	01:05:41.585	0.97087	0.97087			6
2024.06.06	01:05:41.736	0.97086	0.97086			6
2024.06.06	01:05:42.426	0.97085	0.97085			6
2024.06.06	01:05:50.225	0.97086	0.97086			6
2024.06.06	01:05:50.255	0.97087	0.97087			6
2024.06.06	01:05:50.374	0.97086	0.97086			6
2024.06.06	01:06:00.693	0.97086				2
2024.06.06	01:06:11.783	0.97085	0.97085			6
2024.06.06	01:06:13.416	0.97084	0.97084			6
2024.06.06	01:06:17.531	0.97085	0.97085			6
2024.06.06	01:06:17.560	0.97086	0.97086			6
2024.06.06	01:06:31.817	0.97087	0.97087			6
2024.06.06	01:06:37.462	0.97088	0.97088			6
2024.06.06	01:06:39.444	0.97087	0.97087			6
2024.06.06	01:06:40.124	0.97088	0.97088			6
2024.06.06	01:06:40.154	0.97092	0.97092			6
2024.06.06	01:06:40.183	0.97094	0.97094			6
2024.06.06	01:06:40.214	0.97096	0.97096			6
2024.06.06	01:06:40.636	0.97097	0.97097			6
2024.06.06	01:06:43.974	0.97096	0.97096			6
2024.06.06	01:06:46.417	0.97095	0.97095			6
2024.06.06	01:06:46.447	0.97094	0.97094			6
2024.06.06	01:06:46.507	0.97093	0.97093			6
2024.06.06	01:06:49.120	0.97092	0.97092			6
2024.06.06	01:06:49.240	0.97093	0.97093			6
2024.06.06	01:06:50.400	0.97092	0.97092			6
2024.06.06	01:06:53.785	0.97091	0.97091			6
2024.06.06	01:07:01.041	0.97091				2
2024.06.06	01:07:07.076	0.97089	0.97089			6
2024.06.06	01:07:07.277	0.97094	0.97094			6
2024.06.06	01:07:07.757	0.97095	0.97095			6
2024.06.06	01:07:08.989	0.97094	0.97094			6
2024.06.06	01:07:17.066	0.97092	0.97092			6
2024.06.06	01:07:18.767	0.97094	0.97094			6
2024.06.06	01:07:18.798	0.97095	0.97095			6
2024.06.06	01:07:18.827	0.97093	0.97093			6
2024.06.06	01:07:19.493	0.97092	0.97092			6
2024.06.06	01:07:19.523	0.97093	0.97093			6
2024.06.06	01:07:21.417	0.97091	0.97091			6
2024.06.06	01:07:32.103	0.97088	0.97088			6
2024.06.06	01:07:32.171	0.97087	0.97087			6
2024.06.06	01:07:52.087	0.97086	0.97086			6
2024.06.06	01:07:53.528	0.97087	0.97087			6
2024.06.06	01:08:02.099	0.97086	0.97086			6
2024.06.06	01:08:02.491	0.97085	0.97085			6
2024.06.06	01:08:03.675	0.97086	0.97086			6
2024.06.06	01:08:09.224	0.97084	0.97084			6
2024.06.06	01:08:09.255	0.97085	0.97085			6
2024.06.06	01:08:09.286	0.97089	0.97089			6
2024.06.06	01:08:09.315	0.97088	0.97088			6
2024.06.06	01:08:09.345	0.97089	0.97089			6
2024.06.06	01:08:16.408	0.97088	0.97088			6
2024.06.06	01:08:16.438	0.97087	0.97087			6
2024.06.06	01:08:16.759	0.97086	0.97086			6
2024.06.06	01:08:19.606	0.97087	0.97087			6
2024.06.06	01:08:46.913	0.97091	0.97091			6
2024.06.06	01:08:48.420	0.97090	0.97090			6
2024.06.06	01:08:52.262	0.97088	0.97088			6
2024.06.06	01:08:52.396	0.97089	0.97089			6
2024.06.06	01:08:52.427	0.97088	0.97088			6
2024.06.06	01:08:56.753	0.97087	0.97087			6
2024.06.06	01:08:56.784	0.97088	0.97088			6
2024.06.06	01:08:56.815	0.97087	0.97087			6
2024.06.06	01:08:56.844	0.97086	0.97086			6
2024.06.06	01:08:56.903	0.97087	0.97087			6
2024.06.06	01:08:56.962	0.97086	0.97086			6
2024.06.06	01:08:59.349	0.97087	0.97087			6
2024.06.06	01:09:03.279	0.97087				2
2024.06.06	01:09:06.605	0.97089	0.97089			6
2024.06.06	01:09:06.665	0.97088	0.97088			6
2024.06.06	01:09:08.044	0.97089	0.97089			6
2024.06.06	01:09:10.628	0.97088	0.97088			6
2024.06.06	01:09:12.252	0.97086	0.97086			6
2024.06.06	01:09:12.420	0.97085	0.97085			6
2024.06.06	01:09:14.688	0.97086	0.97086			6
2024.06.06	01:09:14.748	0.97085	0.97085			6
2024.06.06	01:09:14.891	0.97086	0.97086			6
2024.06.06	01:09:18.921	0.97087	0.97087			6
2024.06.06	01:09:27.258	0.97085	0.97085			6
2024.06.06	01:09:28.077	0.97086	0.97086			6
2024.06.06	01:09:28.107	0.97087	0.97087			6
2024.06.06	01:09:28.225	0.97088	0.97088			6
2024.06.06	01:09:37.273	0.97084	0.97084			6
2024.06.06	01:09:37.304	0.97086	0.97086			6
2024.06.06	01:09:37.396	0.97085	0.97085			6
2024.06.06	01:09:38.411	0.97086	0.97086			6
2024.06.06	01:09:38.440	0.97087	0.97087			6
2024.06.06	01:09:38.820	0.97088	0.97088			6
2024.06.06	01:09:45.286	0.97089	0.97089			6
2024.06.06	01:09:47.260	0.97088	0.97088			6
2024.06.06	01:09:47.343	0.97087	0.97087			6
2024.06.06	01:09:49.983	0.97088	0.97088			6
2024.06.06	01:09:50.013	0.97089	0.97089			6
2024.06.06	01:09:50.221	0.97090	0.97090			6
2024.06.06	01:09:50.822	0.97089	0.97089			6
2024.06.06	01:09:51.259	0.97090	0.97090			6
2024.06.06	01:09:59.531	0.97089	0.97089			6
2024.06.06	01:09:59.590	0.97088	0.97088			6
2024.06.06	01:10:00.155	0.97089	0.97089			6
2024.06.06	01:10:00.631	0.97088	0.97088			6
2024.06.06	01:10:02.671	0.97090	0.97090			6
2024.06.06	01:10:09.141	0.97089	0.97089			6
2024.06.06	01:10:09.389	0.97088	0.97088			6
2024.06.06	01:10:11.409	0.97087	0.97087			6
2024.06.06	01:10:11.440	0.97088	0.97088			6
2024.06.06	01:10:13.934	0.97089	0.97089			6
2024.06.06	01:10:20.855	0.97090	0.97090			6
2024.06.06	01:10:22.081	0.97089	0.97089			6
2024.06.06	01:10:27.282	0.97090	0.97090			6
2024.06.06	01:10:27.402	0.97091	0.97091			6
2024.06.06	01:10:27.554	0.97090	0.97090			6
2024.06.06	01:10:27.898	0.97093	0.97093			6
2024.06.06	01:10:28.176	0.97090	0.97090			6
2024.06.06	01:10:28.267	0.97091	0.97091			6
2024.06.06	01:10:30.182	0.97090	0.97090			6
2024.06.06	01:10:42.898	0.97089	0.97089			6
2024.06.06	01:10:52.275	0.97088	0.97088			6
2024.06.06	01:10:52.364	0.97087	0.97087			6
2024.06.06	01:10:52.395	0.97086	0.97086			6
2024.06.06	01:10:58.340	0.97087	0.97087			6
2024.06.06	01:11:05.325	0.97085	0.97085			6
2024.06.06	01:11:05.384	0.97086	0.97086			6
2024.06.06	01:11:05.956	0.97085	0.97085			6
2024.06.06	01:11:22.301	0.97084	0.97084			6
2024.06.06	01:11:22.716	0.97086	0.97086			6
2024.06.06	01:11:37.302	0.97085	0.97085			6
2024.06.06	01:11:39.433	0.97081	0.97081			6
2024.06.06	01:11:39.462	0.97080	0.97080			6
2024.06.06	01:11:39.493	0.97079	0.97079			6
2024.06.06	01:11:44.657	0.97080	0.97080			6
2024.06.06	01:11:47.941	0.97081	0.97081			6
2024.06.06	01:11:53.819	0.97080	0.97080			6
2024.06.06	01:11:54.303	0.97081	0.97081			6
2024.06.06	01:11:57.340	0.97080	0.97080			6
2024.06.06	01:11:57.554	0.97081	0.97081			6
2024.06.06	01:11:59.334	0.97080	0.97080			6
2024.06.06	01:12:07.110	0.97080				2
2024.06.06	01:12:07.140	0.97081	0.97081			6
2024.06.06	01:12:07.558	0.97080	0.97080			6
2024.06.06	01:12:07.956	0.97081	0.97081			6
2024.06.06	01:12:08.297	0.97080	0.97080			6
2024.06.06	01:12:11.615	0.97081	0.97081			6
2024.06.06	01:12:11.704	0.97080	0.97080			6
2024.06.06	01:12:12.796	0.97079	0.97079			6
2024.06.06	01:12:14.832	0.97080	0.97080			6
2024.06.06	01:12:17.411	0.97081	0.97081			6
2024.06.06	01:12:22.332	0.97080	0.97080			6
2024.06.06	01:12:24.632	0.97079	0.97079			6
2024.06.06	01:12:31.460	0.97080	0.97080			6
2024.06.06	01:12:31.526	0.97079	0.97079			6
2024.06.06	01:12:36.503	0.97078	0.97078			6
2024.06.06	01:12:36.593	0.97077	0.97077			6
2024.06.06	01:12:36.805	0.97076	0.97076			6
2024.06.06	01:12:38.227	0.97077	0.97077			6
2024.06.06	01:12:43.482	0.97079	0.97079			6
2024.06.06	01:12:44.004	0.97080	0.97080			6
2024.06.06	01:12:57.332	0.97079	0.97079			6
2024.06.06	01:12:58.760	0.97081	0.97081			6
2024.06.06	01:12:59.359	0.97080	0.97080			6
2024.06.06	01:13:00.321	0.97080				2
2024.06.06	01:13:07.332	0.97079	0.97079			6
2024.06.06	01:13:11.444	0.97083	0.97083			6
2024.06.06	01:13:14.198	0.97082	0.97082			6
2024.06.06	01:13:15.729	0.97083	0.97083			6
2024.06.06	01:13:25.047	0.97082	0.97082			6
2024.06.06	01:13:25.435	0.97081	0.97081			6
2024.06.06	01:13:28.593	0.97082	0.97082			6
2024.06.06	01:13:29.297	0.97083	0.97083			6
2024.06.06	01:13:32.390	0.97082	0.97082			6
2024.06.06	01:13:34.729	0.97081	0.97081			6
2024.06.06	01:13:34.789	0.97082	0.97082			6
2024.06.06	01:13:36.880	0.97081	0.97081			6
2024.06.06	01:13:42.453	0.97080	0.97080			6
2024.06.06	01:13:44.302	0.97082	0.97082			6
2024.06.06	01:13:47.637	0.97081	0.97081			6
2024.06.06	01:13:52.348	0.97080	0.97080			6
2024.06.06	01:13:53.003	0.97079	0.97079			6
2024.06.06	01:13:53.206	0.97082	0.97082			6
2024.06.06	01:13:53.294	0.97083	0.97083			6
2024.06.06	01:13:56.528	0.97081	0.97081			6
2024.06.06	01:13:57.245	0.97083	0.97083			6
2024.06.06	01:13:57.334	0.97084	0.97084			6
2024.06.06	01:14:00.188	0.97084				2
2024.06.06	01:14:02.351	0.97083	0.97083			6
2024.06.06	01:14:02.380	0.97084	0.97084			6
2024.06.06	01:14:02.862	0.97083	0.97083			6
2024.06.06	01:14:02.942	0.97084	0.97084			6
2024.06.06	01:14:16.765	0.97083	0.97083			6
2024.06.06	01:14:16.866	0.97084	0.97084			6
2024.06.06	01:14:21.921	0.97083	0.97083			6
2024.06.06	01:14:32.924	0.97087	0.97087			6
2024.06.06	01:14:48.063	0.97086	0.97086			6
2024.06.06	01:14:50.844	0.97087	0.97087			6
2024.06.06	01:14:51.747	0.97086	0.97086			6
2024.06.06	01:14:52.391	0.97087	0.97087			6
2024.06.06	01:14:53.519	0.97086	0.97086			6
2024.06.06	01:14:57.739	0.97087	0.97087			6
2024.06.06	01:14:59.414	0.97086	0.97086			6
2024.06.06	01:15:00.433	0.97086				2
2024.06.06	01:15:02.544	0.97087	0.97087			6
2024.06.06	01:15:02.635	0.97086	0.97086			6
2024.06.06	01:15:05.360	0.97085	0.97085			6
2024.06.06	01:15:20.432	0.97086	0.97086			6
2024.06.06	01:15:24.344	0.97085	0.97085			6
2024.06.06	01:15:32.431	0.97086	0.97086			6
2024.06.06	01:15:32.550	0.97087	0.97087			6
2024.06.06	01:15:32.612	0.97086	0.97086			6
2024.06.06	01:15:32.701	0.97085	0.97085			6
2024.06.06	01:15:32.760	0.97086	0.97086			6
2024.06.06	01:16:01.232	0.97086				2
2024.06.06	01:16:04.783	0.97087	0.97087			6
2024.06.06	01:16:37.166	0.97089	0.97089			6
2024.06.06	01:16:37.405	0.97088	0.97088			6
2024.06.06	01:16:39.935	0.97089	0.97089			6
2024.06.06	01:16:42.137	0.97088	0.97088			6
2024.06.06	01:16:42.599	0.97089	0.97089			6
2024.06.06	01:16:51.077	0.97088	0.97088			6
2024.06.06	01:16:54.000	0.97089	0.97089			6
2024.06.06	01:17:00.985	0.97090	0.97090			6
2024.06.06	01:17:03.447	0.97091	0.97091			6
2024.06.06	01:17:04.036	0.97090	0.97090			6
2024.06.06	01:17:04.162	0.97089	0.97089			6
2024.06.06	01:17:10.546	0.97090	0.97090			6
2024.06.06	01:17:16.325	0.97089	0.97089			6
2024.06.06	01:17:19.637	0.97090	0.97090			6
2024.06.06	01:17:20.223	0.97091	0.97091			6
2024.06.06	01:17:21.538	0.97090	0.97090			6
2024.06.06	01:17:22.397	0.97089	0.97089			6
2024.06.06	01:17:25.028	0.97090	0.97090			6
2024.06.06	01:17:53.939	0.97089	0.97089			6
2024.06.06	01:18:00.063	0.97089				2
2024.06.06	01:18:37.386	0.97088	0.97088			6
2024.06.06	01:18:37.643	0.97089	0.97089			6
2024.06.06	01:18:54.173	0.97088	0.97088			6
2024.06.06	01:18:54.901	0.97090	0.97090			6
2024.06.06	01:18:55.165	0.97088	0.97088			6
2024.06.06	01:18:56.195	0.97089	0.97089			6
2024.06.06	01:19:13.733	0.97092	0.97092			6
2024.06.06	01:19:14.048	0.97089	0.97089			6
2024.06.06	01:19:56.519	0.97090	0.97090			6
2024.06.06	01:20:07.318	0.97090				2
2024.06.06	01:20:13.812	0.97089	0.97089			6
2024.06.06	01:20:14.648	0.97090	0.97090			6
2024.06.06	01:20:21.382	0.97089	0.97089			6
2024.06.06	01:20:21.442	0.97090	0.97090			6
2024.06.06	01:20:46.144	0.97089	0.97089			6
2024.06.06	01:20:46.919	0.97090	0.97090			6
2024.06.06	01:21:00.709	0.97089	0.97089			6
2024.06.06	01:21:03.183	0.97090	0.97090			6
2024.06.06	01:21:07.632	0.97089	0.97089			6
2024.06.06	01:21:09.262	0.97090	0.97090			6
2024.06.06	01:21:11.519	0.97088	0.97088			6
2024.06.06	01:21:15.543	0.97091	0.97091			6
2024.06.06	01:21:15.605	0.97090	0.97090			6
2024.06.06	01:21:15.664	0.97091	0.97091			6
2024.06.06	01:21:15.693	0.97090	0.97090			6
2024.06.06	01:21:16.249	0.97091	0.97091			6
2024.06.06	01:21:16.309	0.97090	0.97090			6
2024.06.06	01:21:17.565	0.97091	0.97091			6
2024.06.06	01:21:21.331	0.97090	0.97090			6
2024.06.06	01:21:22.500	0.97091	0.97091			6
2024.06.06	01:21:22.561	0.97092	0.97092			6
2024.06.06	01:21:22.590	0.97091	0.97091			6
2024.06.06	01:21:22.712	0.97092	0.97092			6
2024.06.06	01:21:25.361	0.97091	0.97091			6
2024.06.06	01:21:25.500	0.97092	0.97092			6
2024.06.06	01:21:38.138	0.97091	0.97091			6
2024.06.06	01:21:44.478	0.97092	0.97092			6
2024.06.06	01:22:08.310	0.97092				2
2024.06.06	01:22:08.400	0.97091	0.97091			6
2024.06.06	01:22:58.513	0.97092	0.97092			6
2024.06.06	01:22:59.343	0.97091	0.97091			6
2024.06.06	01:23:05.546	0.97091				2
2024.06.06	01:23:43.492	0.97092	0.97092			6
2024.06.06	01:24:00.765	0.97092				2
2024.06.06	01:24:01.016	0.97091	0.97091			6
2024.06.06	01:24:01.571	0.97092	0.97092			6
2024.06.06	01:24:01.691	0.97093	0.97093			6
2024.06.06	01:24:01.751	0.97094	0.97094			6
2024.06.06	01:24:06.578	0.97093	0.97093			6
2024.06.06	01:24:06.607	0.97092	0.97092			6
2024.06.06	01:24:06.638	0.97091	0.97091			6
2024.06.06	01:24:06.699	0.97092	0.97092			6
2024.06.06	01:24:06.967	0.97093	0.97093			6
2024.06.06	01:24:16.697	0.97092	0.97092			6
2024.06.06	01:24:16.755	0.97093	0.97093			6
2024.06.06	01:24:19.620	0.97092	0.97092			6
2024.06.06	01:24:19.649	0.97093	0.97093			6
2024.06.06	01:24:19.679	0.97092	0.97092			6
2024.06.06	01:24:20.579	0.97093	0.97093			6
2024.06.06	01:24:23.092	0.97092	0.97092			6
2024.06.06	01:24:23.699	0.97093	0.97093			6
2024.06.06	01:24:29.258	0.97092	0.97092			6
2024.06.06	01:24:29.918	0.97093	0.97093			6
2024.06.06	01:24:32.827	0.97092	0.97092			6
2024.06.06	01:24:33.109	0.97093	0.97093			6
2024.06.06	01:24:37.030	0.97092	0.97092			6
2024.06.06	01:24:38.194	0.97093	0.97093			6
2024.06.06	01:24:42.106	0.97094	0.97094			6
2024.06.06	01:24:59.314	0.97093	0.97093			6
2024.06.06	01:25:00.349	0.97093				2
2024.06.06	01:25:04.074	0.97094	0.97094			6
2024.06.06	01:25:04.104	0.97093	0.97093			6
2024.06.06	01:25:04.133	0.97092	0.97092			6
2024.06.06	01:25:06.678	0.97093	0.97093			6
2024.06.06	01:25:11.865	0.97094	0.97094			6
2024.06.06	01:25:12.775	0.97093	0.97093			6
2024.06.06	01:25:14.998	0.97094	0.97094			6
2024.06.06	01:25:51.145	0.97095	0.97095			6
2024.06.06	01:25:53.530	0.97094	0.97094			6
2024.06.06	01:25:57.549	0.97093	0.97093			6
2024.06.06	01:26:01.878	0.97093				2
2024.06.06	01:26:02.884	0.97094	0.97094			6
2024.06.06	01:26:03.754	0.97093	0.97093			6
2024.06.06	01:26:05.960	0.97094	0.97094			6
2024.06.06	01:26:06.875	0.97093	0.97093			6
2024.06.06	01:26:12.094	0.97094	0.97094			6
2024.06.06	01:26:12.994	0.97093	0.97093			6
2024.06.06	01:26:13.259	0.97094	0.97094			6
2024.06.06	01:26:14.117	0.97093	0.97093			6
2024.06.06	01:26:31.688	0.97092	0.97092			6
2024.06.06	01:26:31.718	0.97091	0.97091			6
2024.06.06	01:26:49.256	0.97090	0.97090			6
2024.06.06	01:26:49.437	0.97089	0.97089			6
2024.06.06	01:26:49.888	0.97090	0.97090			6
2024.06.06	01:26:52.283	0.97089	0.97089			6
2024.06.06	01:26:54.426	0.97090	0.97090			6
2024.06.06	01:26:57.954	0.97091	0.97091			6
2024.06.06	01:27:02.710	0.97091				2
2024.06.06	01:27:21.388	0.97092	0.97092			6
2024.06.06	01:27:21.417	0.97093	0.97093			6
2024.06.06	01:27:21.536	0.97092	0.97092			6
2024.06.06	01:27:21.656	0.97093	0.97093			6
2024.06.06	01:27:21.957	0.97092	0.97092			6
2024.06.06	01:27:25.820	0.97093	0.97093			6
2024.06.06	01:27:26.330	0.97092	0.97092			6
2024.06.06	01:27:26.360	0.97093	0.97093			6
2024.06.06	01:27:27.294	0.97092	0.97092			6
2024.06.06	01:27:27.354	0.97093	0.97093			6
2024.06.06	01:27:27.414	0.97092	0.97092			6
2024.06.06	01:27:27.444	0.97093	0.97093			6
2024.06.06	01:27:43.620	0.97092	0.97092			6
2024.06.06	01:27:44.695	0.97093	0.97093			6
2024.06.06	01:27:46.742	0.97092	0.97092			6
2024.06.06	01:27:47.098	0.97093	0.97093			6
2024.06.06	01:27:50.884	0.97092	0.97092			6
2024.06.06	01:28:01.248	0.97092				2
2024.06.06	01:28:10.273	0.97091	0.97091			6
2024.06.06	01:28:10.332	0.97092	0.97092			6
2024.06.06	01:28:22.011	0.97093	0.97093			6
2024.06.06	01:28:23.048	0.97092	0.97092			6
2024.06.06	01:28:54.292	0.97093	0.97093			6
2024.06.06	01:29:04.769	0.97093				2
2024.06.06	01:29:18.594	0.97092	0.97092			6
2024.06.06	01:29:28.024	0.97093	0.97093			6
2024.06.06	01:29:41.426	0.97095	0.97095			6
2024.06.06	01:29:41.730	0.97096	0.97096			6
2024.06.06	01:29:50.892	0.97095	0.97095			6
2024.06.06	01:29:50.922	0.97091	0.97091			6
2024.06.06	01:29:50.953	0.97090	0.97090			6
2024.06.06	01:29:50.980	0.97089	0.97089			6
2024.06.06	01:29:51.070	0.97090	0.97090			6
2024.06.06	01:29:51.131	0.97089	0.97089			6
2024.06.06	01:29:51.162	0.97088	0.97088			6
2024.06.06	01:29:51.221	0.97089	0.97089			6
2024.06.06	01:30:00.167	0.97090	0.97090			6
2024.06.06	01:30:06.579	0.97089	0.97089			6
2024.06.06	01:30:08.562	0.97084	0.97084			6
2024.06.06	01:30:08.591	0.97085	0.97085			6
2024.06.06	01:30:08.775	0.97083	0.97083			6
2024.06.06	01:30:15.598	0.97082	0.97082			6
2024.06.06	01:30:15.868	0.97083	0.97083			6
2024.06.06	01:30:17.572	0.97084	0.97084			6
2024.06.06	01:30:23.501	0.97085	0.97085			6
2024.06.06	01:30:23.532	0.97087	0.97087			6
2024.06.06	01:30:23.682	0.97088	0.97088			6
2024.06.06	01:30:37.163	0.97090	0.97090			6
2024.06.06	01:30:41.393	0.97091	0.97091			6
2024.06.06	01:30:54.178	0.97090	0.97090			6
2024.06.06	01:31:00.350	0.97091	0.97091			6
2024.06.06	01:31:00.648	0.97090	0.97090			6
2024.06.06	01:31:42.760	0.97089	0.97089			6
2024.06.06	01:31:42.790	0.97090	0.97090			6
2024.06.06	01:31:42.913	0.97089	0.97089			6
2024.06.06	01:31:44.303	0.97090	0.97090			6
2024.06.06	01:31:59.910	0.97092	0.97092			6
2024.06.06	01:32:00.001	0.97092				2
2024.06.06	01:32:00.154	0.97093	0.97093			6
2024.06.06	01:32:00.185	0.97090	0.97090			6
2024.06.06	01:32:11.422	0.97091	0.97091			6
2024.06.06	01:32:12.439	0.97092	0.97092			6
2024.06.06	01:32:16.175	0.97091	0.97091			6
2024.06.06	01:32:16.476	0.97092	0.97092			6
2024.06.06	01:32:16.897	0.97091	0.97091			6
2024.06.06	01:32:18.943	0.97092	0.97092			6
2024.06.06	01:32:19.745	0.97091	0.97091			6
2024.06.06	01:32:23.827	0.97092	0.97092			6
2024.06.06	01:32:24.184	0.97093	0.97093			6
2024.06.06	01:32:26.517	0.97092	0.97092			6
2024.06.06	01:32:30.348	0.97093	0.97093			6
2024.06.06	01:32:30.619	0.97092	0.97092			6
2024.06.06	01:32:33.595	0.97093	0.97093			6
2024.06.06	01:32:33.778	0.97092	0.97092			6
2024.06.06	01:32:33.895	0.97093	0.97093			6
2024.06.06	01:32:35.804	0.97094	0.97094			6
2024.06.06	01:32:37.028	0.97093	0.97093			6
2024.06.06	01:32:37.931	0.97094	0.97094			6
2024.06.06	01:32:46.402	0.97093	0.97093			6
2024.06.06	01:32:47.312	0.97092	0.97092			6
2024.06.06	01:32:47.869	0.97093	0.97093			6
2024.06.06	01:32:48.259	0.97092	0.97092			6
2024.06.06	01:32:48.636	0.97091	0.97091			6
2024.06.06	01:32:49.471	0.97092	0.97092			6
2024.06.06	01:32:49.591	0.97094	0.97094			6
2024.06.06	01:32:49.741	0.97093	0.97093			6
2024.06.06	01:32:50.529	0.97094	0.97094			6
2024.06.06	01:32:51.552	0.97093	0.97093			6
2024.06.06	01:33:01.602	0.97093				2
2024.06.06	01:33:14.080	0.97094	0.97094			6
2024.06.06	01:33:14.227	0.97093	0.97093			6
2024.06.06	01:33:14.444	0.97094	0.97094			6
2024.06.06	01:33:16.191	0.97093	0.97093			6
2024.06.06	01:33:16.251	0.97094	0.97094			6
2024.06.06	01:33:16.371	0.97093	0.97093			6
2024.06.06	01:33:16.401	0.97094	0.97094			6
2024.06.06	01:34:06.032	0.97093	0.97093			6
2024.06.06	01:34:08.590	0.97092	0.97092			6
2024.06.06	01:34:08.739	0.97091	0.97091			6
2024.06.06	01:34:08.769	0.97092	0.97092			6
2024.06.06	01:34:27.603	0.97094	0.97094			6
2024.06.06	01:34:27.662	0.97095	0.97095			6
2024.06.06	01:35:01.264	0.97096	0.97096			6
2024.06.06	01:35:02.916	0.97095	0.97095			6
2024.06.06	01:35:26.835	0.97096	0.97096			6
2024.06.06	01:35:26.866	0.97095	0.97095			6
2024.06.06	01:35:26.955	0.97096	0.97096			6
2024.06.06	01:35:27.261	0.97097	0.97097			6
2024.06.06	01:35:30.352	0.97096	0.97096			6
2024.06.06	01:35:30.742	0.97094	0.97094			6
2024.06.06	01:35:30.773	0.97095	0.97095			6
2024.06.06	01:35:55.575	0.97096	0.97096			6
2024.06.06	01:35:55.635	0.97095	0.97095			6
2024.06.06	01:36:03.297	0.97095				2
2024.06.06	01:36:08.489	0.97094	0.97094			6
2024.06.06	01:36:21.887	0.97092	0.97092			6
2024.06.06	01:36:21.977	0.97091	0.97091			6
2024.06.06	01:36:22.344	0.97092	0.97092			6
2024.06.06	01:36:26.474	0.97091	0.97091			6
2024.06.06	01:36:31.096	0.97092	0.97092			6
2024.06.06	01:36:44.458	0.97091	0.97091			6
2024.06.06	01:36:49.314	0.97092	0.97092			6
2024.06.06	01:36:55.309	0.97093	0.97093			6
2024.06.06	01:36:55.458	0.97094	0.97094			6
2024.06.06	01:37:09.123	0.97094				2
2024.06.06	01:37:56.120		0.97094			4
2024.06.06	01:37:56.150	0.97095	0.97095			6
2024.06.06	01:38:00.828	0.97095				2
2024.06.06	01:38:25.585	0.97094	0.97094			6
2024.06.06	01:38:32.799	0.97095	0.97095			6
2024.06.06	01:38:57.005	0.97096	0.97096			6
2024.06.06	01:39:01.333	0.97095	0.97095			6
2024.06.06	01:39:06.959	0.97096	0.97096			6
2024.06.06	01:39:18.915	0.97095	0.97095			6
2024.06.06	01:39:35.919	0.97096	0.97096			6
2024.06.06	01:39:42.045	0.97095	0.97095			6
2024.06.06	01:39:47.036	0.97094	0.97094			6
2024.06.06	01:39:50.392	0.97093	0.97093			6
2024.06.06	01:39:51.605	0.97094	0.97094			6
2024.06.06	01:40:09.199	0.97095	0.97095			6
2024.06.06	01:40:09.379	0.97094	0.97094			6
2024.06.06	01:40:12.658	0.97093	0.97093			6
2024.06.06	01:40:12.964	0.97094	0.97094			6
2024.06.06	01:40:15.405	0.97093	0.97093			6
2024.06.06	01:40:24.535	0.97091	0.97091			6
2024.06.06	01:40:24.595	0.97090	0.97090			6
2024.06.06	01:40:24.938	0.97089	0.97089			6
2024.06.06	01:40:35.927	0.97090	0.97090			6
2024.06.06	01:40:37.326	0.97091	0.97091			6
2024.06.06	01:40:38.977	0.97090	0.97090			6
2024.06.06	01:40:39.167	0.97091	0.97091			6
2024.06.06	01:40:45.663	0.97090	0.97090			6
2024.06.06	01:40:47.636	0.97091	0.97091			6
2024.06.06	01:40:48.982	0.97090	0.97090			6
2024.06.06	01:40:53.071	0.97091	0.97091			6
2024.06.06	01:41:02.554	0.97090	0.97090			6
2024.06.06	01:41:06.996	0.97089	0.97089			6
2024.06.06	01:41:11.545	0.97090	0.97090			6
2024.06.06	01:41:23.160	0.97089	0.97089			6
2024.06.06	01:41:34.289	0.97091	0.97091			6
2024.06.06	01:41:34.382	0.97090	0.97090			6
2024.06.06	01:41:43.472	0.97091	0.97091			6
2024.06.06	01:41:43.502	0.97090	0.97090			6
2024.06.06	01:42:01.504	0.97090				2
2024.06.06	01:42:28.232	0.97089	0.97089			6
2024.06.06	01:42:29.319	0.97090	0.97090			6
2024.06.06	01:42:30.142	0.97087	0.97087			6
2024.06.06	01:42:39.077	0.97089	0.97089			6
2024.06.06	01:42:39.380	0.97087	0.97087			6
2024.06.06	01:43:05.180	0.97087				2
2024.06.06	01:43:32.381	0.97088	0.97088			6
2024.06.06	01:44:02.166	0.97087	0.97087			6
2024.06.06	01:44:04.029	0.97088	0.97088			6
2024.06.06	01:44:07.202	0.97087	0.97087			6
2024.06.06	01:44:10.545	0.97091	0.97091			6
2024.06.06	01:44:10.576	0.97090	0.97090			6
2024.06.06	01:44:10.635	0.97091	0.97091			6
2024.06.06	01:44:12.301	0.97092	0.97092			6
2024.06.06	01:44:12.460	0.97091	0.97091			6
2024.06.06	01:44:21.375	0.97093	0.97093			6
2024.06.06	01:44:22.040	0.97092	0.97092			6
2024.06.06	01:44:29.210	0.97091	0.97091			6
2024.06.06	01:44:31.974	0.97093	0.97093			6
2024.06.06	01:44:48.231	0.97094	0.97094			6
2024.06.06	01:45:00.185	0.97093	0.97093			6
2024.06.06	01:45:04.181	0.97094	0.97094			6
2024.06.06	01:45:05.711	0.97093	0.97093			6
2024.06.06	01:45:05.770	0.97094	0.97094			6
2024.06.06	01:45:23.574	0.97093	0.97093			6
2024.06.06	01:45:23.691	0.97094	0.97094			6
2024.06.06	01:45:26.781	0.97095	0.97095			6
2024.06.06	01:45:31.093	0.97094	0.97094			6
2024.06.06	01:45:36.329	0.97093	0.97093			6
2024.06.06	01:46:01.163	0.97093				2
2024.06.06	01:46:01.193	0.97094	0.97094			6
2024.06.06	01:46:09.144	0.97093	0.97093			6
2024.06.06	01:46:11.621	0.97094	0.97094			6
2024.06.06	01:46:11.652	0.97093	0.97093			6
2024.06.06	01:46:27.779	0.97094	0.97094			6
2024.06.06	01:46:30.832	0.97093	0.97093			6
2024.06.06	01:46:31.450	0.97092	0.97092			6
2024.06.06	01:46:32.843	0.97093	0.97093			6
2024.06.06	01:47:07.048	0.97093				2
2024.06.06	01:48:07.656	0.97092	0.97092			6
2024.06.06	01:48:09.998	0.97090	0.97090			6
2024.06.06	01:48:10.330	0.97092	0.97092			6
2024.06.06	01:48:24.510	0.97091	0.97091			6
2024.06.06	01:48:31.904	0.97087	0.97087			6
2024.06.06	01:48:31.933	0.97085	0.97085			6
2024.06.06	01:48:31.963	0.97086	0.97086			6
2024.06.06	01:48:35.239	0.97088	0.97088			6
2024.06.06	01:48:37.227	0.97085	0.97085			6
2024.06.06	01:48:37.510	0.97088	0.97088			6
2024.06.06	01:48:46.968	0.97089	0.97089			6
2024.06.06	01:48:48.332	0.97090	0.97090			6
2024.06.06	01:48:55.865	0.97088	0.97088			6
2024.06.06	01:48:55.955	0.97089	0.97089			6
2024.06.06	01:48:56.294	0.97090	0.97090			6
2024.06.06	01:48:59.091	0.97089	0.97089			6
2024.06.06	01:49:00.079	0.97089				2
2024.06.06	01:49:00.513	0.97088	0.97088			6
2024.06.06	01:49:02.927	0.97089	0.97089			6
2024.06.06	01:49:06.496	0.97090	0.97090			6
2024.06.06	01:49:20.827	0.97089	0.97089			6
2024.06.06	01:49:20.977	0.97090	0.97090			6
2024.06.06	01:49:48.525	0.97089	0.97089			6
2024.06.06	01:49:48.825	0.97088	0.97088			6
2024.06.06	01:49:49.795	0.97089	0.97089			6
2024.06.06	01:50:08.827	0.97090	0.97090			6
2024.06.06	01:50:18.255	0.97092	0.97092			6
2024.06.06	01:50:18.286	0.97091	0.97091			6
2024.06.06	01:50:18.705	0.97090	0.97090			6
2024.06.06	01:50:19.637	0.97089	0.97089			6
2024.06.06	01:50:51.539	0.97088	0.97088			6
2024.06.06	01:51:07.117	0.97089	0.97089			6
2024.06.06	01:51:10.042	0.97090	0.97090			6
2024.06.06	01:51:10.073	0.97089	0.97089			6
2024.06.06	01:51:10.343	0.97088	0.97088			6
2024.06.06	01:51:12.044	0.97089	0.97089			6
2024.06.06	01:51:12.292	0.97088	0.97088			6
2024.06.06	01:51:12.531	0.97089	0.97089			6
2024.06.06	01:51:44.075	0.97090	0.97090			6
2024.06.06	01:51:47.206	0.97089	0.97089			6
2024.06.06	01:51:48.613	0.97090	0.97090			6
2024.06.06	01:51:50.655	0.97089	0.97089			6
2024.06.06	01:51:52.358	0.97090	0.97090			6
2024.06.06	01:51:57.011	0.97089	0.97089			6
2024.06.06	01:51:58.068	0.97090	0.97090			6
2024.06.06	01:51:58.509	0.97089	0.97089			6
2024.06.06	01:51:58.895	0.97088	0.97088			6
2024.06.06	01:51:59.912	0.97089	0.97089			6
2024.06.06	01:52:01.803	0.97088	0.97088			6
2024.06.06	01:52:02.159	0.97089	0.97089			6
2024.06.06	01:52:02.939	0.97088	0.97088			6
2024.06.06	01:52:03.691	0.97089	0.97089			6
2024.06.06	01:52:25.743	0.97088	0.97088			6
2024.06.06	01:52:37.759	0.97089	0.97089			6
2024.06.06	01:52:38.832	0.97090	0.97090			6
2024.06.06	01:52:39.068	0.97088	0.97088			6
2024.06.06	01:52:39.338	0.97089	0.97089			6
2024.06.06	01:53:16.801	0.97090	0.97090			6
2024.06.06	01:53:17.310	0.97091	0.97091			6
2024.06.06	01:53:35.322	0.97093	0.97093			6
2024.06.06	01:53:36.126	0.97091	0.97091			6
2024.06.06	01:53:43.447	0.97092	0.97092			6
2024.06.06	01:53:43.477	0.97091	0.97091			6
2024.06.06	01:54:08.164	0.97092	0.97092			6
2024.06.06	01:54:33.135	0.97091	0.97091			6
2024.06.06	01:54:52.861	0.97092	0.97092			6
2024.06.06	01:54:54.955	0.97093	0.97093			6
2024.06.06	01:54:56.822	0.97092	0.97092			6
2024.06.06	01:54:56.854	0.97088	0.97088			6
2024.06.06	01:54:56.883	0.97086	0.97086			6
2024.06.06	01:54:57.182	0.97085	0.97085			6
2024.06.06	01:54:58.056	0.97086	0.97086			6
2024.06.06	01:55:00.896	0.97085	0.97085			6
2024.06.06	01:55:00.925	0.97086	0.97086			6
2024.06.06	01:55:02.539	0.97087	0.97087			6
2024.06.06	01:55:02.570	0.97086	0.97086			6
2024.06.06	01:55:02.691	0.97085	0.97085			6
2024.06.06	01:55:02.991	0.97086	0.97086			6
2024.06.06	01:55:03.353	0.97087	0.97087			6
2024.06.06	01:55:03.577	0.97086	0.97086			6
2024.06.06	01:55:05.842	0.97085	0.97085			6
2024.06.06	01:55:06.627	0.97084	0.97084			6
2024.06.06	01:55:07.140	0.97082	0.97082			6
2024.06.06	01:55:07.168	0.97081	0.97081			6
2024.06.06	01:55:07.228	0.97080	0.97080			6
2024.06.06	01:55:07.378	0.97079	0.97079			6
2024.06.06	01:55:07.704	0.97080	0.97080			6
2024.06.06	01:55:07.946	0.97079	0.97079			6
2024.06.06	01:55:08.126	0.97078	0.97078			6
2024.06.06	01:55:08.157	0.97076	0.97076			6
2024.06.06	01:55:08.637	0.97077	0.97077			6
2024.06.06	01:55:08.967	0.97078	0.97078			6
2024.06.06	01:55:10.289	0.97077	0.97077			6
2024.06.06	01:55:12.036	0.97078	0.97078			6
2024.06.06	01:55:12.157	0.97077	0.97077			6
2024.06.06	01:55:13.732	0.97078	0.97078			6
2024.06.06	01:55:28.819	0.97079	0.97079			6
2024.06.06	01:55:29.209	0.97078	0.97078			6
2024.06.06	01:55:34.422	0.97075	0.97075			6
2024.06.06	01:55:34.529	0.97074	0.97074			6
2024.06.06	01:55:35.063	0.97076	0.97076			6
2024.06.06	01:55:35.093	0.97077	0.97077			6
2024.06.06	01:55:35.334	0.97076	0.97076			6
2024.06.06	01:55:36.466	0.97077	0.97077			6
2024.06.06	01:55:38.142	0.97076	0.97076			6
2024.06.06	01:55:38.511	0.97077	0.97077			6
2024.06.06	01:55:38.644	0.97076	0.97076			6
2024.06.06	01:55:39.144	0.97077	0.97077			6
2024.06.06	01:55:39.334	0.97076	0.97076			6
2024.06.06	01:55:40.284	0.97077	0.97077			6
2024.06.06	01:55:40.525	0.97078	0.97078			6
2024.06.06	01:55:45.797	0.97079	0.97079			6
2024.06.06	01:55:46.235	0.97078	0.97078			6
2024.06.06	01:55:46.445	0.97077	0.97077			6
2024.06.06	01:55:47.469	0.97078	0.97078			6
2024.06.06	01:55:48.477	0.97079	0.97079			6
2024.06.06	01:55:48.596	0.97080	0.97080			6
2024.06.06	01:55:48.912	0.97079	0.97079			6
2024.06.06	01:55:48.942	0.97080	0.97080			6
2024.06.06	01:55:49.532	0.97079	0.97079			6
2024.06.06	01:55:49.720	0.97080	0.97080			6
2024.06.06	01:56:05.836	0.97079	0.97079			6
2024.06.06	01:56:05.874	0.97080	0.97080			6
2024.06.06	01:56:08.043	0.97079	0.97079			6
2024.06.06	01:56:08.183	0.97080	0.97080			6
2024.06.06	01:56:09.109	0.97079	0.97079			6
2024.06.06	01:56:09.891	0.97080	0.97080			6
2024.06.06	01:56:10.923	0.97079	0.97079			6
2024.06.06	01:56:10.954	0.97080	0.97080			6
2024.06.06	01:56:12.027	0.97079	0.97079			6
2024.06.06	01:56:13.143	0.97080	0.97080			6
2024.06.06	01:56:14.243	0.97079	0.97079			6
2024.06.06	01:56:14.332	0.97080	0.97080			6
2024.06.06	01:56:15.415	0.97079	0.97079			6
2024.06.06	01:56:15.446	0.97080	0.97080			6
2024.06.06	01:56:15.476	0.97079	0.97079			6
2024.06.06	01:56:15.912	0.97080	0.97080			6
2024.06.06	01:56:17.045	0.97079	0.97079			6
2024.06.06	01:56:18.117	0.97080	0.97080			6
2024.06.06	01:56:19.139	0.97079	0.97079			6
2024.06.06	01:56:19.378	0.97080	0.97080			6
2024.06.06	01:56:20.502	0.97079	0.97079			6
2024.06.06	01:56:21.546	0.97080	0.97080			6
2024.06.06	01:56:48.744	0.97081	0.97081			6
2024.06.06	01:56:57.257	0.97080	0.97080			6
2024.06.06	01:57:02.745	0.97081	0.97081			6
2024.06.06	01:57:09.379	0.97080	0.97080			6
2024.06.06	01:57:09.408	0.97081	0.97081			6
2024.06.06	01:57:19.487	0.97080	0.97080			6
2024.06.06	01:57:19.665	0.97081	0.97081			6
2024.06.06	01:57:29.147	0.97082	0.97082			6
2024.06.06	01:57:30.277	0.97081	0.97081			6
2024.06.06	01:57:36.039	0.97080	0.97080			6
2024.06.06	01:57:40.180	0.97081	0.97081			6
2024.06.06	01:57:45.254	0.97080	0.97080			6
2024.06.06	01:57:45.374	0.97081	0.97081			6
2024.06.06	01:57:47.074	0.97080	0.97080			6
2024.06.06	01:57:54.824	0.97081	0.97081			6
2024.06.06	01:57:54.855	0.97080	0.97080			6
2024.06.06	01:57:56.485	0.97081	0.97081			6
2024.06.06	01:57:58.161	0.97080	0.97080			6
2024.06.06	01:57:58.579	0.97081	0.97081			6
2024.06.06	01:58:00.318	0.97081				2
2024.06.06	01:58:29.656	0.97082	0.97082			6
2024.06.06	01:58:29.686	0.97084	0.97084			6
2024.06.06	01:58:29.804	0.97083	0.97083			6
2024.06.06	01:58:30.288	0.97082	0.97082			6
2024.06.06	01:58:36.724	0.97083	0.97083			6
2024.06.06	01:58:37.956	0.97082	0.97082			6
2024.06.06	01:58:37.985	0.97083	0.97083			6
2024.06.06	01:58:38.480	0.97082	0.97082			6
2024.06.06	01:58:40.329	0.97083	0.97083			6
2024.06.06	01:58:49.777	0.97082	0.97082			6
2024.06.06	01:59:03.090	0.97083	0.97083			6
2024.06.06	01:59:04.311	0.97082	0.97082			6
2024.06.06	01:59:07.190	0.97081	0.97081			6
2024.06.06	01:59:08.280	0.97082	0.97082			6
2024.06.06	01:59:15.144	0.97081	0.97081			6
2024.06.06	01:59:15.759	0.97082	0.97082			6
2024.06.06	01:59:16.032	0.97081	0.97081			6
2024.06.06	01:59:16.791	0.97082	0.97082			6
2024.06.06	01:59:18.726	0.97080	0.97080			6
2024.06.06	01:59:18.816	0.97079	0.97079			6
2024.06.06	01:59:19.725	0.97080	0.97080			6
2024.06.06	01:59:23.999	0.97079	0.97079			6
2024.06.06	01:59:24.290	0.97080	0.97080			6
2024.06.06	01:59:26.571	0.97078	0.97078			6
2024.06.06	01:59:26.877	0.97079	0.97079			6
2024.06.06	01:59:27.278	0.97078	0.97078			6
2024.06.06	01:59:27.542	0.97079	0.97079			6
2024.06.06	01:59:28.306	0.97078	0.97078			6
2024.06.06	01:59:29.235	0.97079	0.97079			6
2024.06.06	01:59:30.172	0.97078	0.97078			6
2024.06.06	01:59:41.533	0.97079	0.97079			6
2024.06.06	01:59:41.564	0.97080	0.97080			6
2024.06.06	02:00:00.325	0.97079	0.97079			6
2024.06.06	02:00:00.716	0.97080	0.97080			6
2024.06.06	02:00:00.956	0.97079	0.97079			6
2024.06.06	02:00:01.351	0.97080	0.97080			6
2024.06.06	02:00:02.748	0.97079	0.97079			6
2024.06.06	02:00:04.537	0.97080	0.97080			6
2024.06.06	02:00:06.871	0.97078	0.97078			6
2024.06.06	02:00:17.776	0.97079	0.97079			6
2024.06.06	02:00:17.955	0.97080	0.97080			6
2024.06.06	02:00:18.016	0.97079	0.97079			6
2024.06.06	02:00:19.132	0.97080	0.97080			6
2024.06.06	02:00:21.288	0.97079	0.97079			6
2024.06.06	02:00:24.843	0.97080	0.97080			6
2024.06.06	02:00:24.873	0.97079	0.97079			6
2024.06.06	02:00:33.472	0.97077	0.97077			6
2024.06.06	02:00:33.778	0.97079	0.97079			6
2024.06.06	02:00:34.179	0.97080	0.97080			6
2024.06.06	02:00:37.107	0.97079	0.97079			6
2024.06.06	02:00:38.867	0.97081	0.97081			6
2024.06.06	02:00:38.927	0.97079	0.97079			6
2024.06.06	02:00:40.312	0.97080	0.97080			6
2024.06.06	02:00:40.920	0.97079	0.97079			6
2024.06.06	02:00:57.474	0.97078	0.97078			6
2024.06.06	02:00:58.213	0.97079	0.97079			6
2024.06.06	02:00:59.310	0.97078	0.97078			6
2024.06.06	02:01:00.342	0.97078				2
2024.06.06	02:01:11.301	0.97076	0.97076			6
2024.06.06	02:01:11.333	0.97077	0.97077			6
2024.06.06	02:01:11.452	0.97078	0.97078			6
2024.06.06	02:01:30.778	0.97079	0.97079			6
2024.06.06	02:01:39.941	0.97080	0.97080			6
2024.06.06	02:01:40.090	0.97079	0.97079			6
2024.06.06	02:01:42.774	0.97080	0.97080			6
2024.06.06	02:01:46.480	0.97079	0.97079			6
2024.06.06	02:01:50.731	0.97078	0.97078			6
2024.06.06	02:01:50.761	0.97079	0.97079			6
2024.06.06	02:01:54.715	0.97078	0.97078			6
2024.06.06	02:02:01.377	0.97079	0.97079			6
2024.06.06	02:02:01.705	0.97078	0.97078			6
2024.06.06	02:02:02.274	0.97079	0.97079			6
2024.06.06	02:02:02.427	0.97078	0.97078			6
2024.06.06	02:02:08.958	0.97079	0.97079			6
2024.06.06	02:02:10.082	0.97078	0.97078			6
2024.06.06	02:02:11.253	0.97079	0.97079			6
2024.06.06	02:02:11.673	0.97078	0.97078			6
2024.06.06	02:02:22.652	0.97079	0.97079			6
2024.06.06	02:02:23.478	0.97078	0.97078			6
2024.06.06	02:02:27.448	0.97079	0.97079			6
2024.06.06	02:02:28.108	0.97078	0.97078			6
2024.06.06	02:02:45.715	0.97077	0.97077			6
2024.06.06	02:02:51.312	0.97076	0.97076			6
2024.06.06	02:02:51.344	0.97075	0.97075			6
2024.06.06	02:02:51.431	0.97076	0.97076			6
2024.06.06	02:02:51.553	0.97075	0.97075			6
2024.06.06	02:02:59.921	0.97074	0.97074			6
2024.06.06	02:03:00.058	0.97075	0.97075			6
2024.06.06	02:03:01.508	0.97071	0.97071			6
2024.06.06	02:03:01.567	0.97070	0.97070			6
2024.06.06	02:03:04.060	0.97071	0.97071			6
2024.06.06	02:03:05.091	0.97070	0.97070			6
2024.06.06	02:03:07.543	0.97069	0.97069			6
2024.06.06	02:03:07.781	0.97070	0.97070			6
2024.06.06	02:03:07.902	0.97069	0.97069			6
2024.06.06	02:03:11.681	0.97070	0.97070			6
2024.06.06	02:03:14.681	0.97073	0.97073			6
2024.06.06	02:03:15.429	0.97074	0.97074			6
2024.06.06	02:03:27.011	0.97075	0.97075			6
2024.06.06	02:03:27.511	0.97074	0.97074			6
2024.06.06	02:03:30.133	0.97073	0.97073			6
2024.06.06	02:03:30.162	0.97074	0.97074			6
2024.06.06	02:03:30.433	0.97073	0.97073			6
2024.06.06	02:03:31.093	0.97074	0.97074			6
2024.06.06	02:03:33.243	0.97075	0.97075			6
2024.06.06	02:03:33.624	0.97074	0.97074			6
2024.06.06	02:03:33.684	0.97075	0.97075			6
2024.06.06	02:03:37.212	0.97073	0.97073			6
2024.06.06	02:03:40.716	0.97074	0.97074			6
2024.06.06	02:03:46.175	0.97075	0.97075			6
2024.06.06	02:03:51.440	0.97076	0.97076			6
2024.06.06	02:03:51.471	0.97075	0.97075			6
2024.06.06	02:03:56.324	0.97076	0.97076			6
2024.06.06	02:03:58.729	0.97077	0.97077			6
2024.06.06	02:03:58.819	0.97076	0.97076			6
2024.06.06	02:03:58.878	0.97077	0.97077			6
2024.06.06	02:03:59.210	0.97076	0.97076			6
2024.06.06	02:03:59.824	0.97077	0.97077			6
2024.06.06	02:04:00.093	0.97076	0.97076			6
2024.06.06	02:04:00.125	0.97077	0.97077			6
2024.06.06	02:04:22.194	0.97078	0.97078			6
2024.06.06	02:04:22.225	0.97079	0.97079			6
2024.06.06	02:04:22.495	0.97078	0.97078			6
2024.06.06	02:04:23.004	0.97079	0.97079			6
2024.06.06	02:04:23.893	0.97078	0.97078			6
2024.06.06	02:04:23.953	0.97079	0.97079			6
2024.06.06	02:04:25.240	0.97078	0.97078			6
2024.06.06	02:04:31.408	0.97077	0.97077			6
2024.06.06	02:04:31.793	0.97076	0.97076			6
2024.06.06	02:04:35.697	0.97077	0.97077			6
2024.06.06	02:04:36.424	0.97076	0.97076			6
2024.06.06	02:04:37.007	0.97077	0.97077			6
2024.06.06	02:04:37.647	0.97075	0.97075			6
2024.06.06	02:04:37.677	0.97074	0.97074			6
2024.06.06	02:04:37.768	0.97075	0.97075			6
2024.06.06	02:04:38.308	0.97074	0.97074			6
2024.06.06	02:04:38.340	0.97075	0.97075			6
2024.06.06	02:04:39.368	0.97074	0.97074			6
2024.06.06	02:05:02.631	0.97075	0.97075			6
2024.06.06	02:05:24.403	0.97074	0.97074			6
2024.06.06	02:05:25.666	0.97073	0.97073			6
2024.06.06	02:05:26.480	0.97074	0.97074			6
2024.06.06	02:05:29.559	0.97075	0.97075			6
2024.06.06	02:05:29.806	0.97074	0.97074			6
2024.06.06	02:05:34.158	0.97075	0.97075			6
2024.06.06	02:05:35.643	0.97074	0.97074			6
2024.06.06	02:05:52.980	0.97073	0.97073			6
2024.06.06	02:06:02.493	0.97073				2
2024.06.06	02:06:04.583	0.97074	0.97074			6
2024.06.06	02:06:05.070	0.97073	0.97073			6
2024.06.06	02:06:05.499	0.97074	0.97074			6
2024.06.06	02:06:08.877	0.97071	0.97071			6
2024.06.06	02:06:20.306	0.97070	0.97070			6
2024.06.06	02:06:21.631	0.97069	0.97069			6
2024.06.06	02:06:21.691	0.97070	0.97070			6
2024.06.06	02:06:21.721	0.97073	0.97073			6
2024.06.06	02:06:21.751	0.97077	0.97077			6
2024.06.06	02:06:21.781	0.97078	0.97078			6
2024.06.06	02:06:21.840	0.97077	0.97077			6
2024.06.06	02:06:21.871	0.97076	0.97076			6
2024.06.06	02:06:23.729	0.97077	0.97077			6
2024.06.06	02:06:24.961	0.97076	0.97076			6
2024.06.06	02:06:25.801	0.97077	0.97077			6
2024.06.06	02:06:26.740	0.97076	0.97076			6
2024.06.06	02:06:26.989	0.97077	0.97077			6
2024.06.06	02:06:27.110	0.97076	0.97076			6
2024.06.06	02:06:27.956	0.97077	0.97077			6
2024.06.06	02:06:30.009	0.97075	0.97075			6
2024.06.06	02:06:30.220	0.97076	0.97076			6
2024.06.06	02:06:30.388	0.97075	0.97075			6
2024.06.06	02:06:30.599	0.97076	0.97076			6
2024.06.06	02:06:37.935	0.97075	0.97075			6
2024.06.06	02:06:38.211	0.97074	0.97074			6
2024.06.06	02:06:42.740	0.97073	0.97073			6
2024.06.06	02:06:42.920	0.97074	0.97074			6
2024.06.06	02:06:43.262	0.97075	0.97075			6
2024.06.06	02:06:44.304	0.97074	0.97074			6
2024.06.06	02:06:45.121	0.97075	0.97075			6
2024.06.06	02:06:45.213	0.97074	0.97074			6
2024.06.06	02:06:47.272	0.97073	0.97073			6
2024.06.06	02:06:48.081	0.97072	0.97072			6
2024.06.06	02:06:48.112	0.97073	0.97073			6
2024.06.06	02:06:48.143	0.97071	0.97071			6
2024.06.06	02:06:48.293	0.97073	0.97073			6
2024.06.06	02:06:48.474	0.97074	0.97074			6
2024.06.06	02:06:48.712	0.97075	0.97075			6
2024.06.06	02:06:50.382	0.97073	0.97073			6
2024.06.06	02:06:51.303	0.97072	0.97072			6
2024.06.06	02:06:52.975	0.97073	0.97073			6
2024.06.06	02:06:54.186	0.97072	0.97072			6
2024.06.06	02:06:54.216	0.97073	0.97073			6
2024.06.06	02:06:54.277	0.97072	0.97072			6
2024.06.06	02:06:55.412	0.97073	0.97073			6
2024.06.06	02:06:57.841	0.97072	0.97072			6
2024.06.06	02:06:59.083	0.97073	0.97073			6
2024.06.06	02:07:00.324	0.97072	0.97072			6
2024.06.06	02:07:03.311	0.97073	0.97073			6
2024.06.06	02:07:05.357	0.97072	0.97072			6
2024.06.06	02:07:06.224	0.97073	0.97073			6
2024.06.06	02:07:06.906	0.97074	0.97074			6
2024.06.06	02:07:06.967	0.97073	0.97073			6
2024.06.06	02:07:06.997	0.97074	0.97074			6
2024.06.06	02:07:08.825	0.97073	0.97073			6
2024.06.06	02:07:08.886	0.97074	0.97074			6
2024.06.06	02:07:09.668	0.97073	0.97073			6
2024.06.06	02:07:10.839	0.97072	0.97072			6
2024.06.06	02:07:11.079	0.97073	0.97073			6
2024.06.06	02:07:11.331	0.97072	0.97072			6
