<DATE>	<TIME>	<BID>	<ASK>	<LAST>	<VOLUME>	<FLAGS>
2024.06.10	00:00:04.674	0.96829	0.96829			6
2024.06.10	00:00:22.497	0.96816	0.96816			6
2024.06.10	00:00:27.588	0.96814	0.96814			6
2024.06.10	00:00:31.069	0.96816	0.96816			6
2024.06.10	00:00:40.034	0.96660	0.96660			6
2024.06.10	00:00:42.637	0.96674	0.96674			6
2024.06.10	00:00:44.394	0.96660	0.96660			6
2024.06.10	00:00:45.516	0.96674	0.96674			6
2024.06.10	00:01:33.738	0.96819	0.96819			6
2024.06.10	00:01:34.496	0.96807	0.96807			6
2024.06.10	00:01:35.670	0.96819	0.96819			6
2024.06.10	00:01:36.580	0.96821	0.96821			6
2024.06.10	00:01:38.380	0.96814	0.96814			6
2024.06.10	00:01:39.895	0.96815	0.96815			6
2024.06.10	00:01:44.282	0.96818	0.96818			6
2024.06.10	00:02:03.606	0.96807	0.96807			6
2024.06.10	00:02:05.355	0.96816	0.96816			6
2024.06.10	00:02:07.386	0.96814	0.96814			6
2024.06.10	00:02:09.057	0.96816	0.96816			6
2024.06.10	00:02:14.382	0.96814	0.96814			6
2024.06.10	00:02:15.736	0.96816	0.96816			6
2024.06.10	00:02:16.675	0.96814	0.96814			6
2024.06.10	00:02:22.351	0.96816	0.96816			6
2024.06.10	00:02:27.209	0.96802	0.96802			6
2024.06.10	00:02:29.117	0.96796	0.96796			6
2024.06.10	00:02:33.930	0.96791	0.96791			6
2024.06.10	00:02:40.035	0.96798	0.96798			6
2024.06.10	00:02:40.389	0.96812	0.96812			6
2024.06.10	00:02:42.894	0.96810	0.96810			6
2024.06.10	00:02:45.433	0.96807	0.96807			6
2024.06.10	00:02:45.895	0.96801	0.96801			6
2024.06.10	00:02:50.060	0.96802	0.96802			6
2024.06.10	00:02:52.110	0.96807	0.96807			6
2024.06.10	00:02:56.079	0.96815	0.96815			6
2024.06.10	00:03:00.035	0.96811	0.96811			6
2024.06.10	00:03:03.098	0.96813	0.96813			6
2024.06.10	00:03:03.682	0.96815	0.96815			6
2024.06.10	00:03:25.431	0.96801	0.96801			6
2024.06.10	00:03:26.957	0.96815	0.96815			6
2024.06.10	00:03:34.525	0.96801	0.96801			6
2024.06.10	00:03:36.595	0.96815	0.96815			6
2024.06.10	00:03:37.586	0.96816	0.96816			6
2024.06.10	00:03:37.837	0.96803	0.96803			6
2024.06.10	00:03:38.807	0.96808	0.96808			6
2024.06.10	00:03:39.867	0.96804	0.96804			6
2024.06.10	00:03:41.168	0.96805	0.96805			6
2024.06.10	00:03:41.596	0.96809	0.96809			6
2024.06.10	00:03:43.425	0.96802	0.96802			6
2024.06.10	00:03:46.097	0.96804	0.96804			6
2024.06.10	00:03:47.110	0.96816	0.96816			6
2024.06.10	00:03:48.414	0.96814	0.96814			6
2024.06.10	00:03:52.167	0.96808	0.96808			6
2024.06.10	00:03:53.850	0.96805	0.96805			6
2024.06.10	00:03:57.617	0.96802	0.96802			6
2024.06.10	00:03:59.208	0.96800	0.96800			6
2024.06.10	00:04:00.877	0.96798	0.96798			6
2024.06.10	00:04:08.818	0.96680	0.96680			6
2024.06.10	00:04:21.696	0.96677	0.96677			6
2024.06.10	00:04:21.726	0.96664	0.96664			6
2024.06.10	00:04:24.821	0.96654	0.96654			6
2024.06.10	00:04:25.429	0.96645	0.96645			6
2024.06.10	00:04:25.460	0.96643	0.96643			6
2024.06.10	00:04:25.992	0.96638	0.96638			6
2024.06.10	00:04:26.554	0.96626	0.96626			6
2024.06.10	00:04:35.615	0.96612	0.96612			6
2024.06.10	00:04:53.891	0.96687	0.96687			6
2024.06.10	00:04:55.494	0.96690	0.96690			6
2024.06.10	00:04:55.525	0.96695	0.96695			6
2024.06.10	00:04:56.139	0.96694	0.96694			6
2024.06.10	00:04:57.169	0.96693	0.96693			6
2024.06.10	00:04:57.856	0.96700	0.96700			6
2024.06.10	00:05:00.404	0.96705	0.96705			6
2024.06.10	00:05:00.645	0.96712	0.96712			6
2024.06.10	00:05:00.988	0.96711	0.96711			6
2024.06.10	00:05:01.422	0.96714	0.96714			6
2024.06.10	00:05:01.693	0.96713	0.96713			6
2024.06.10	00:05:02.068	0.96715	0.96715			6
2024.06.10	00:05:02.505	0.96725	0.96725			6
2024.06.10	00:05:02.754	0.96719	0.96719			6
2024.06.10	00:05:03.449	0.96723	0.96723			6
2024.06.10	00:05:04.110	0.96725	0.96725			6
2024.06.10	00:05:04.349	0.96722	0.96722			6
2024.06.10	00:05:05.306	0.96720	0.96720			6
2024.06.10	00:05:07.294	0.96731	0.96731			6
2024.06.10	00:05:07.477	0.96723	0.96723			6
2024.06.10	00:05:07.507	0.96724	0.96724			6
2024.06.10	00:05:10.312	0.96688	0.96688			6
2024.06.10	00:05:11.982	0.96684	0.96684			6
2024.06.10	00:05:13.467	0.96688	0.96688			6
2024.06.10	00:05:13.791	0.96682	0.96682			6
2024.06.10	00:05:14.178	0.96691	0.96691			6
2024.06.10	00:05:14.268	0.96697	0.96697			6
2024.06.10	00:05:14.435	0.96699	0.96699			6
2024.06.10	00:05:14.688	0.96700	0.96700			6
2024.06.10	00:05:15.446	0.96699	0.96699			6
2024.06.10	00:05:16.126	0.96700	0.96700			6
2024.06.10	00:05:16.926	0.96709	0.96709			6
2024.06.10	00:05:24.965	0.96646	0.96646			6
2024.06.10	00:05:31.003	0.96580	0.96580			6
2024.06.10	00:05:33.556	0.96577	0.96577			6
2024.06.10	00:05:50.283	0.96586	0.96586			6
2024.06.10	00:06:01.560	0.96593	0.96593			6
2024.06.10	00:06:01.591	0.96595	0.96595			6
2024.06.10	00:06:18.269	0.96577	0.96577			6
2024.06.10	00:06:18.824	0.96574	0.96574			6
2024.06.10	00:06:19.259	0.96580	0.96580			6
2024.06.10	00:06:19.584	0.96575	0.96575			6
2024.06.10	00:06:19.878	0.96579	0.96579			6
2024.06.10	00:06:21.299	0.96578	0.96578			6
2024.06.10	00:06:23.683	0.96580	0.96580			6
2024.06.10	00:06:24.375	0.96576	0.96576			6
2024.06.10	00:06:24.714	0.96579	0.96579			6
2024.06.10	00:06:25.124	0.96578	0.96578			6
2024.06.10	00:06:25.684	0.96579	0.96579			6
2024.06.10	00:06:26.167	0.96578	0.96578			6
2024.06.10	00:06:27.091	0.96579	0.96579			6
2024.06.10	00:06:27.365	0.96580	0.96580			6
2024.06.10	00:06:29.002	0.96581	0.96581			6
2024.06.10	00:06:30.033	0.96583	0.96583			6
2024.06.10	00:06:33.973	0.96580	0.96580			6
2024.06.10	00:06:44.827	0.96579	0.96579			6
2024.06.10	00:06:44.991	0.96578	0.96578			6
2024.06.10	00:06:46.221	0.96582	0.96582			6
2024.06.10	00:06:46.744	0.96583	0.96583			6
2024.06.10	00:06:51.457	0.96578	0.96578			6
2024.06.10	00:06:53.451	0.96571	0.96571			6
2024.06.10	00:06:59.697	0.96588	0.96588			6
2024.06.10	00:07:01.339	0.96587	0.96587			6
2024.06.10	00:07:05.247	0.96589	0.96589			6
2024.06.10	00:07:06.709	0.96586	0.96586			6
2024.06.10	00:07:07.091	0.96589	0.96589			6
2024.06.10	00:07:14.911	0.96586	0.96586			6
2024.06.10	00:07:15.670	0.96588	0.96588			6
2024.06.10	00:07:16.925	0.96590	0.96590			6
2024.06.10	00:07:17.427	0.96589	0.96589			6
2024.06.10	00:07:17.703	0.96582	0.96582			6
2024.06.10	00:07:20.580	0.96581	0.96581			6
2024.06.10	00:07:20.884	0.96582	0.96582			6
2024.06.10	00:07:25.360	0.96577	0.96577			6
2024.06.10	00:07:28.410	0.96578	0.96578			6
2024.06.10	00:07:28.472	0.96584	0.96584			6
2024.06.10	00:07:40.454	0.96588	0.96588			6
2024.06.10	00:07:40.845	0.96586	0.96586			6
2024.06.10	00:07:41.814	0.96593	0.96593			6
2024.06.10	00:07:41.920	0.96597	0.96597			6
2024.06.10	00:07:41.949	0.96599	0.96599			6
2024.06.10	00:07:42.116	0.96601	0.96601			6
2024.06.10	00:07:43.136	0.96599	0.96599			6
2024.06.10	00:07:44.037	0.96596	0.96596			6
2024.06.10	00:07:45.468	0.96598	0.96598			6
2024.06.10	00:07:46.128	0.96605	0.96605			6
2024.06.10	00:07:47.886	0.96608	0.96608			6
2024.06.10	00:07:51.590	0.96609	0.96609			6
2024.06.10	00:07:53.659	0.96615	0.96615			6
2024.06.10	00:07:54.459	0.96618	0.96618			6
2024.06.10	00:07:55.068	0.96617	0.96617			6
2024.06.10	00:07:56.897	0.96627	0.96627			6
2024.06.10	00:07:58.121	0.96629	0.96629			6
2024.06.10	00:08:00.350	0.96626	0.96626			6
2024.06.10	00:08:00.992	0.96632	0.96632			6
2024.06.10	00:08:02.841	0.96633	0.96633			6
2024.06.10	00:08:13.774	0.96582	0.96582			6
2024.06.10	00:08:16.002	0.96586	0.96586			6
2024.06.10	00:08:17.580	0.96597	0.96597			6
2024.06.10	00:08:17.671	0.96585	0.96585			6
2024.06.10	00:08:17.941	0.96588	0.96588			6
2024.06.10	00:08:19.031	0.96626	0.96626			6
2024.06.10	00:08:19.452	0.96623	0.96623			6
2024.06.10	00:08:25.249	0.96620	0.96620			6
2024.06.10	00:08:30.015	0.96622	0.96622			6
2024.06.10	00:08:30.684	0.96633	0.96633			6
2024.06.10	00:08:34.496	0.96640	0.96640			6
2024.06.10	00:08:35.135	0.96641	0.96641			6
2024.06.10	00:08:36.138	0.96640	0.96640			6
2024.06.10	00:08:37.496	0.96641	0.96641			6
2024.06.10	00:08:39.691	0.96642	0.96642			6
2024.06.10	00:08:39.942	0.96643	0.96643			6
2024.06.10	00:08:40.421	0.96642	0.96642			6
2024.06.10	00:08:40.452	0.96633	0.96633			6
2024.06.10	00:08:40.744	0.96630	0.96630			6
2024.06.10	00:08:42.028	0.96635	0.96635			6
2024.06.10	00:08:45.693	0.96642	0.96642			6
2024.06.10	00:08:51.906	0.96637	0.96637			6
2024.06.10	00:08:53.395	0.96576	0.96576			6
2024.06.10	00:09:00.040	0.96570	0.96570			6
2024.06.10	00:09:00.579	0.96568	0.96568			6
2024.06.10	00:09:01.879	0.96566	0.96566			6
2024.06.10	00:09:01.915	0.96562	0.96562			6
2024.06.10	00:09:03.530	0.96554	0.96554			6
2024.06.10	00:09:04.295	0.96555	0.96555			6
2024.06.10	00:09:04.771	0.96550	0.96550			6
2024.06.10	00:09:05.047	0.96549	0.96549			6
2024.06.10	00:09:25.363	0.96558	0.96558			6
2024.06.10	00:09:26.571	0.96555	0.96555			6
2024.06.10	00:09:27.415	0.96557	0.96557			6
2024.06.10	00:09:27.944	0.96556	0.96556			6
2024.06.10	00:09:31.537	0.96551	0.96551			6
2024.06.10	00:09:33.061	0.96552	0.96552			6
2024.06.10	00:09:40.395	0.96620	0.96620			6
2024.06.10	00:09:51.351	0.96603	0.96603			6
2024.06.10	00:10:08.960	0.96638	0.96638			6
2024.06.10	00:10:08.989	0.96637	0.96637			6
2024.06.10	00:10:11.921	0.96631	0.96631			6
2024.06.10	00:10:20.509	0.96644	0.96644			6
2024.06.10	00:10:21.994	0.96633	0.96633			6
2024.06.10	00:10:23.991	0.96623	0.96623			6
2024.06.10	00:10:25.367	0.96610	0.96610			6
2024.06.10	00:10:27.838	0.96612	0.96612			6
2024.06.10	00:10:29.076	0.96619	0.96619			6
2024.06.10	00:10:46.009	0.96623	0.96623			6
2024.06.10	00:10:48.196	0.96609	0.96609			6
2024.06.10	00:11:14.151	0.96604	0.96604			6
2024.06.10	00:11:28.626	0.96650	0.96650			6
2024.06.10	00:11:30.594	0.96655	0.96655			6
2024.06.10	00:11:30.870	0.96656	0.96656			6
2024.06.10	00:11:32.591	0.96661	0.96661			6
2024.06.10	00:11:58.133	0.96612	0.96612			6
2024.06.10	00:12:21.478	0.96615	0.96615			6
2024.06.10	00:13:09.154	0.96664	0.96664			6
2024.06.10	00:13:22.006	0.96663	0.96663			6
2024.06.10	00:13:24.345	0.96657	0.96657			6
2024.06.10	00:13:24.383	0.96661	0.96661			6
2024.06.10	00:13:24.508	0.96658	0.96658			6
2024.06.10	00:13:25.446	0.96656	0.96656			6
2024.06.10	00:13:26.260	0.96655	0.96655			6
2024.06.10	00:13:27.400	0.96657	0.96657			6
2024.06.10	00:13:28.229	0.96655	0.96655			6
2024.06.10	00:13:28.785	0.96658	0.96658			6
2024.06.10	00:13:30.132	0.96657	0.96657			6
2024.06.10	00:13:37.275	0.96656	0.96656			6
2024.06.10	00:13:39.393	0.96658	0.96658			6
2024.06.10	00:13:40.511	0.96659	0.96659			6
2024.06.10	00:13:40.937	0.96657	0.96657			6
2024.06.10	00:13:46.055	0.96646	0.96646			6
2024.06.10	00:13:48.428	0.96654	0.96654			6
2024.06.10	00:15:02.726	0.96666	0.96666			6
2024.06.10	00:15:02.816	0.96674	0.96674			6
2024.06.10	00:15:03.965	0.96673	0.96673			6
2024.06.10	00:15:06.564	0.96672	0.96672			6
2024.06.10	00:15:06.625	0.96670	0.96670			6
2024.06.10	00:15:08.811	0.96667	0.96667			6
2024.06.10	00:15:16.424	0.96669	0.96669			6
2024.06.10	00:15:16.456	0.96668	0.96668			6
2024.06.10	00:15:21.795	0.96666	0.96666			6
2024.06.10	00:15:24.954	0.96662	0.96662			6
2024.06.10	00:15:30.475	0.96661	0.96661			6
2024.06.10	00:15:31.765	0.96654	0.96654			6
2024.06.10	00:15:32.330	0.96652	0.96652			6
2024.06.10	00:15:32.360	0.96649	0.96649			6
2024.06.10	00:15:32.421	0.96661	0.96661			6
2024.06.10	00:15:39.198	0.96667	0.96667			6
2024.06.10	00:15:41.622	0.96660	0.96660			6
2024.06.10	00:15:41.711	0.96666	0.96666			6
2024.06.10	00:15:41.903	0.96661	0.96661			6
2024.06.10	00:15:47.555	0.96660	0.96660			6
2024.06.10	00:15:49.157	0.96661	0.96661			6
2024.06.10	00:15:49.888	0.96659	0.96659			6
2024.06.10	00:15:51.964	0.96660	0.96660			6
2024.06.10	00:15:52.997	0.96658	0.96658			6
2024.06.10	00:15:54.700	0.96645	0.96645			6
2024.06.10	00:15:56.079	0.96647	0.96647			6
2024.06.10	00:15:56.272	0.96648	0.96648			6
2024.06.10	00:15:57.420	0.96646	0.96646			6
2024.06.10	00:15:57.741	0.96647	0.96647			6
2024.06.10	00:15:58.313	0.96648	0.96648			6
2024.06.10	00:15:58.949	0.96661	0.96661			6
2024.06.10	00:16:00.076	0.96661				2
2024.06.10	00:16:02.850	0.96664	0.96664			6
2024.06.10	00:16:03.850	0.96668	0.96668			6
2024.06.10	00:16:05.336	0.96664	0.96664			6
2024.06.10	00:16:08.072	0.96663	0.96663			6
2024.06.10	00:16:10.672	0.96664	0.96664			6
2024.06.10	00:16:18.196	0.96663	0.96663			6
2024.06.10	00:16:19.393	0.96664	0.96664			6
2024.06.10	00:16:20.596	0.96663	0.96663			6
2024.06.10	00:16:25.284	0.96650	0.96650			6
2024.06.10	00:16:28.062	0.96655	0.96655			6
2024.06.10	00:16:31.593	0.96669	0.96669			6
2024.06.10	00:16:31.973	0.96670	0.96670			6
2024.06.10	00:16:32.405	0.96668	0.96668			6
2024.06.10	00:16:32.435	0.96663	0.96663			6
2024.06.10	00:16:32.713	0.96664	0.96664			6
2024.06.10	00:16:51.575	0.96655	0.96655			6
2024.06.10	00:16:51.635	0.96651	0.96651			6
2024.06.10	00:16:54.575	0.96678	0.96678			6
2024.06.10	00:16:55.676	0.96677	0.96677			6
2024.06.10	00:16:59.418	0.96675	0.96675			6
2024.06.10	00:16:59.728	0.96677	0.96677			6
2024.06.10	00:17:00.017	0.96675	0.96675			6
2024.06.10	00:17:03.086	0.96677	0.96677			6
2024.06.10	00:17:03.406	0.96678	0.96678			6
2024.06.10	00:17:06.177	0.96666	0.96666			6
2024.06.10	00:17:09.310	0.96669	0.96669			6
2024.06.10	00:17:09.625	0.96666	0.96666			6
2024.06.10	00:17:09.915	0.96669	0.96669			6
2024.06.10	00:17:09.944	0.96668	0.96668			6
2024.06.10	00:17:10.368	0.96670	0.96670			6
2024.06.10	00:17:11.058	0.96669	0.96669			6
2024.06.10	00:17:11.322	0.96668	0.96668			6
2024.06.10	00:17:11.580	0.96671	0.96671			6
2024.06.10	00:17:12.205	0.96670	0.96670			6
2024.06.10	00:17:13.739	0.96671	0.96671			6
2024.06.10	00:17:14.147	0.96669	0.96669			6
2024.06.10	00:17:16.744	0.96666	0.96666			6
2024.06.10	00:17:16.995	0.96663	0.96663			6
2024.06.10	00:17:17.700	0.96662	0.96662			6
2024.06.10	00:17:23.624	0.96666	0.96666			6
2024.06.10	00:17:27.631	0.96667	0.96667			6
2024.06.10	00:17:28.704	0.96666	0.96666			6
2024.06.10	00:17:30.958	0.96679	0.96679			6
2024.06.10	00:17:31.475	0.96684	0.96684			6
2024.06.10	00:17:33.467	0.96679	0.96679			6
2024.06.10	00:17:34.081	0.96680	0.96680			6
2024.06.10	00:17:34.112	0.96679	0.96679			6
2024.06.10	00:17:34.693	0.96678	0.96678			6
2024.06.10	00:17:41.270	0.96675	0.96675			6
2024.06.10	00:17:41.823	0.96676	0.96676			6
2024.06.10	00:17:42.154	0.96675	0.96675			6
2024.06.10	00:17:43.344	0.96664	0.96664			6
2024.06.10	00:17:43.745	0.96660	0.96660			6
2024.06.10	00:17:51.082	0.96679	0.96679			6
2024.06.10	00:18:10.090	0.96683	0.96683			6
2024.06.10	00:18:16.312	0.96679	0.96679			6
2024.06.10	00:18:16.342	0.96676	0.96676			6
2024.06.10	00:18:18.168	0.96675	0.96675			6
2024.06.10	00:18:18.741	0.96672	0.96672			6
2024.06.10	00:18:20.700	0.96675	0.96675			6
2024.06.10	00:18:21.805	0.96672	0.96672			6
2024.06.10	00:18:23.919	0.96675	0.96675			6
2024.06.10	00:18:25.084	0.96672	0.96672			6
2024.06.10	00:18:27.493	0.96675	0.96675			6
2024.06.10	00:18:28.413	0.96672	0.96672			6
2024.06.10	00:18:28.674	0.96675	0.96675			6
2024.06.10	00:18:29.900	0.96672	0.96672			6
2024.06.10	00:18:30.136	0.96675	0.96675			6
2024.06.10	00:18:31.969	0.96672	0.96672			6
2024.06.10	00:18:34.081	0.96682	0.96682			6
2024.06.10	00:18:36.479	0.96681	0.96681			6
2024.06.10	00:18:37.141	0.96680	0.96680			6
2024.06.10	00:18:37.973	0.96681	0.96681			6
2024.06.10	00:18:40.367	0.96682	0.96682			6
2024.06.10	00:18:41.922	0.96674	0.96674			6
2024.06.10	00:18:43.079	0.96673	0.96673			6
2024.06.10	00:18:44.162	0.96674	0.96674			6
2024.06.10	00:18:44.787	0.96675	0.96675			6
2024.06.10	00:18:45.116	0.96664	0.96664			6
2024.06.10	00:18:47.879	0.96663	0.96663			6
2024.06.10	00:18:51.740	0.96658	0.96658			6
2024.06.10	00:18:55.491	0.96653	0.96653			6
2024.06.10	00:18:55.522	0.96658	0.96658			6
2024.06.10	00:18:55.745	0.96651	0.96651			6
2024.06.10	00:18:55.996	0.96652	0.96652			6
2024.06.10	00:18:56.102	0.96650	0.96650			6
2024.06.10	00:18:56.747	0.96656	0.96656			6
2024.06.10	00:19:12.034	0.96660	0.96660			6
2024.06.10	00:19:21.564	0.96659	0.96659			6
2024.06.10	00:19:22.884	0.96656	0.96656			6
2024.06.10	00:19:39.184	0.96655	0.96655			6
2024.06.10	00:20:00.019	0.96660	0.96660			6
2024.06.10	00:20:23.866	0.96659	0.96659			6
2024.06.10	00:20:23.934	0.96656	0.96656			6
2024.06.10	00:20:46.563	0.96660	0.96660			6
2024.06.10	00:21:00.223	0.96665	0.96665			6
2024.06.10	00:21:00.256	0.96666	0.96666			6
2024.06.10	00:21:04.759	0.96659	0.96659			6
2024.06.10	00:21:40.397	0.96661	0.96661			6
2024.06.10	00:21:46.641	0.96662	0.96662			6
2024.06.10	00:21:47.349	0.96661	0.96661			6
2024.06.10	00:21:48.789	0.96660	0.96660			6
2024.06.10	00:21:53.938	0.96662	0.96662			6
2024.06.10	00:21:54.175	0.96660	0.96660			6
2024.06.10	00:21:55.222	0.96661	0.96661			6
2024.06.10	00:22:01.649	0.96660	0.96660			6
2024.06.10	00:22:01.710	0.96657	0.96657			6
2024.06.10	00:22:04.491	0.96661	0.96661			6
2024.06.10	00:22:04.783	0.96669	0.96669			6
2024.06.10	00:22:05.791	0.96668	0.96668			6
2024.06.10	00:22:07.371	0.96669	0.96669			6
2024.06.10	00:22:08.652	0.96670	0.96670			6
2024.06.10	00:22:19.475	0.96672	0.96672			6
2024.06.10	00:22:28.151	0.96673	0.96673			6
2024.06.10	00:22:38.041	0.96672	0.96672			6
2024.06.10	00:22:38.071	0.96671	0.96671			6
2024.06.10	00:22:38.793	0.96672	0.96672			6
2024.06.10	00:22:42.267	0.96673	0.96673			6
2024.06.10	00:22:46.152	0.96672	0.96672			6
2024.06.10	00:22:46.182	0.96673	0.96673			6
2024.06.10	00:22:52.473	0.96671	0.96671			6
2024.06.10	00:22:53.761	0.96672	0.96672			6
2024.06.10	00:22:56.479	0.96676	0.96676			6
2024.06.10	00:22:58.751	0.96677	0.96677			6
2024.06.10	00:23:00.306	0.96677				2
2024.06.10	00:23:00.381	0.96674	0.96674			6
2024.06.10	00:23:00.411	0.96671	0.96671			6
2024.06.10	00:23:01.411	0.96669	0.96669			6
2024.06.10	00:23:02.001	0.96667	0.96667			6
2024.06.10	00:23:03.497	0.96665	0.96665			6
2024.06.10	00:23:04.482	0.96660	0.96660			6
2024.06.10	00:23:09.200	0.96656	0.96656			6
2024.06.10	00:23:09.261	0.96666	0.96666			6
2024.06.10	00:23:09.290	0.96670	0.96670			6
2024.06.10	00:23:09.706	0.96677	0.96677			6
2024.06.10	00:23:17.822	0.96674	0.96674			6
2024.06.10	00:23:25.405	0.96677	0.96677			6
2024.06.10	00:23:30.010	0.96678	0.96678			6
2024.06.10	00:23:38.081	0.96677	0.96677			6
2024.06.10	00:23:44.909	0.96675	0.96675			6
2024.06.10	00:23:44.968	0.96676	0.96676			6
2024.06.10	00:23:50.997	0.96678	0.96678			6
2024.06.10	00:24:04.469	0.96675	0.96675			6
2024.06.10	00:24:19.457	0.96674	0.96674			6
2024.06.10	00:24:38.608	0.96678	0.96678			6
2024.06.10	00:24:38.724	0.96676	0.96676			6
2024.06.10	00:24:57.415	0.96674	0.96674			6
2024.06.10	00:24:58.091	0.96678	0.96678			6
2024.06.10	00:24:59.037	0.96676	0.96676			6
2024.06.10	00:25:02.356	0.96682	0.96682			6
2024.06.10	00:25:02.387	0.96687	0.96687			6
2024.06.10	00:25:02.417	0.96688	0.96688			6
2024.06.10	00:25:02.447	0.96699	0.96699			6
2024.06.10	00:25:03.604	0.96702	0.96702			6
2024.06.10	00:25:08.394	0.96703	0.96703			6
2024.06.10	00:25:27.697	0.96702	0.96702			6
2024.06.10	00:25:44.408	0.96690	0.96690			6
2024.06.10	00:25:44.902	0.96700	0.96700			6
2024.06.10	00:25:54.617	0.96693	0.96693			6
2024.06.10	00:25:58.445	0.96692	0.96692			6
2024.06.10	00:26:00.885	0.96678	0.96678			6
2024.06.10	00:26:01.456	0.96679	0.96679			6
2024.06.10	00:26:03.793	0.96676	0.96676			6
2024.06.10	00:26:03.854	0.96679	0.96679			6
2024.06.10	00:26:04.313	0.96669	0.96669			6
2024.06.10	00:26:04.990	0.96679	0.96679			6
2024.06.10	00:26:13.151	0.96674	0.96674			6
2024.06.10	00:26:16.090	0.96679	0.96679			6
2024.06.10	00:26:27.687	0.96678	0.96678			6
2024.06.10	00:26:43.304	0.96676	0.96676			6
2024.06.10	00:26:43.333	0.96678	0.96678			6
2024.06.10	00:28:25.988	0.96676	0.96676			6
2024.06.10	00:28:49.409	0.96677	0.96677			6
2024.06.10	00:28:52.103	0.96676	0.96676			6
2024.06.10	00:28:57.793	0.96677	0.96677			6
2024.06.10	00:29:03.934	0.96676	0.96676			6
2024.06.10	00:29:32.575	0.96677	0.96677			6
2024.06.10	00:29:33.852	0.96675	0.96675			6
2024.06.10	00:29:33.882	0.96673	0.96673			6
2024.06.10	00:29:54.091	0.96659	0.96659			6
2024.06.10	00:30:00.064	0.96658	0.96658			6
2024.06.10	00:30:00.184	0.96657	0.96657			6
2024.06.10	00:30:07.700	0.96665	0.96665			6
2024.06.10	00:30:13.181	0.96655	0.96655			6
2024.06.10	00:30:16.076	0.96659	0.96659			6
2024.06.10	00:30:19.600	0.96664	0.96664			6
2024.06.10	00:30:19.659	0.96663	0.96663			6
2024.06.10	00:30:21.602	0.96665	0.96665			6
2024.06.10	00:30:25.063	0.96664	0.96664			6
2024.06.10	00:30:31.531	0.96660	0.96660			6
2024.06.10	00:30:42.917	0.96658	0.96658			6
2024.06.10	00:30:51.699	0.96659	0.96659			6
2024.06.10	00:30:52.367	0.96661	0.96661			6
2024.06.10	00:30:57.335	0.96665	0.96665			6
2024.06.10	00:30:57.365	0.96669	0.96669			6
2024.06.10	00:30:57.426	0.96670	0.96670			6
2024.06.10	00:30:58.575	0.96669	0.96669			6
2024.06.10	00:30:58.604	0.96668	0.96668			6
2024.06.10	00:31:01.519	0.96667	0.96667			6
2024.06.10	00:31:06.787	0.96666	0.96666			6
2024.06.10	00:31:07.498	0.96667	0.96667			6
2024.06.10	00:31:11.300	0.96657	0.96657			6
2024.06.10	00:31:13.290	0.96654	0.96654			6
2024.06.10	00:31:13.320	0.96666	0.96666			6
2024.06.10	00:31:13.828	0.96663	0.96663			6
2024.06.10	00:31:14.251	0.96655	0.96655			6
2024.06.10	00:31:14.604	0.96654	0.96654			6
2024.06.10	00:31:15.251	0.96655	0.96655			6
2024.06.10	00:31:16.292	0.96656	0.96656			6
2024.06.10	00:31:17.316	0.96657	0.96657			6
2024.06.10	00:31:20.282	0.96658	0.96658			6
2024.06.10	00:31:21.433	0.96664	0.96664			6
2024.06.10	00:31:21.464	0.96660	0.96660			6
2024.06.10	00:31:21.493	0.96661	0.96661			6
2024.06.10	00:31:21.523	0.96660	0.96660			6
2024.06.10	00:31:21.553	0.96663	0.96663			6
2024.06.10	00:31:21.583	0.96661	0.96661			6
2024.06.10	00:31:21.895	0.96657	0.96657			6
2024.06.10	00:31:23.742	0.96656	0.96656			6
2024.06.10	00:31:30.528	0.96657	0.96657			6
2024.06.10	00:31:30.558	0.96656	0.96656			6
2024.06.10	00:31:40.392	0.96653	0.96653			6
2024.06.10	00:31:41.431	0.96641	0.96641			6
2024.06.10	00:31:50.583	0.96629	0.96629			6
2024.06.10	00:31:51.234	0.96628	0.96628			6
2024.06.10	00:31:51.556	0.96627	0.96627			6
2024.06.10	00:31:51.787	0.96625	0.96625			6
2024.06.10	00:31:51.967	0.96627	0.96627			6
2024.06.10	00:31:54.201	0.96625	0.96625			6
2024.06.10	00:31:54.267	0.96627	0.96627			6
2024.06.10	00:31:54.749	0.96613	0.96613			6
2024.06.10	00:32:06.768	0.96643	0.96643			6
2024.06.10	00:32:08.912	0.96640	0.96640			6
2024.06.10	00:32:09.188	0.96650	0.96650			6
2024.06.10	00:32:12.059	0.96642	0.96642			6
2024.06.10	00:32:18.955	0.96640	0.96640			6
2024.06.10	00:32:22.095	0.96642	0.96642			6
2024.06.10	00:32:24.576	0.96640	0.96640			6
2024.06.10	00:32:24.607	0.96642	0.96642			6
2024.06.10	00:32:25.100	0.96640	0.96640			6
2024.06.10	00:32:25.664	0.96649	0.96649			6
2024.06.10	00:32:28.365	0.96648	0.96648			6
2024.06.10	00:32:29.191	0.96649	0.96649			6
2024.06.10	00:32:29.943	0.96651	0.96651			6
2024.06.10	00:32:30.264	0.96643	0.96643			6
2024.06.10	00:32:30.668	0.96640	0.96640			6
2024.06.10	00:32:31.991	0.96643	0.96643			6
2024.06.10	00:32:32.879	0.96644	0.96644			6
2024.06.10	00:32:41.878	0.96643	0.96643			6
2024.06.10	00:32:42.348	0.96645	0.96645			6
2024.06.10	00:32:43.177	0.96646	0.96646			6
2024.06.10	00:32:43.991	0.96642	0.96642			6
2024.06.10	00:32:46.695	0.96649	0.96649			6
2024.06.10	00:32:51.532	0.96645	0.96645			6
2024.06.10	00:32:56.871	0.96633	0.96633			6
2024.06.10	00:32:56.933	0.96643	0.96643			6
2024.06.10	00:32:58.852	0.96674	0.96674			6
2024.06.10	00:32:59.510	0.96676	0.96676			6
2024.06.10	00:33:00.632	0.96677	0.96677			6
2024.06.10	00:33:01.161	0.96679	0.96679			6
2024.06.10	00:33:02.519	0.96713	0.96713			6
2024.06.10	00:33:02.549	0.96709	0.96709			6
2024.06.10	00:33:03.760	0.96708	0.96708			6
2024.06.10	00:33:03.791	0.96706	0.96706			6
2024.06.10	00:33:04.390	0.96705	0.96705			6
2024.06.10	00:33:04.979	0.96708	0.96708			6
2024.06.10	00:33:05.869	0.96707	0.96707			6
2024.06.10	00:33:07.086	0.96706	0.96706			6
2024.06.10	00:33:07.721	0.96705	0.96705			6
2024.06.10	00:33:08.572	0.96703	0.96703			6
2024.06.10	00:33:08.603	0.96702	0.96702			6
2024.06.10	00:33:09.494	0.96703	0.96703			6
2024.06.10	00:33:09.524	0.96701	0.96701			6
2024.06.10	00:33:10.080	0.96702	0.96702			6
2024.06.10	00:33:11.063	0.96700	0.96700			6
2024.06.10	00:33:11.094	0.96697	0.96697			6
2024.06.10	00:33:11.876	0.96696	0.96696			6
2024.06.10	00:33:12.476	0.96695	0.96695			6
2024.06.10	00:33:13.357	0.96694	0.96694			6
2024.06.10	00:33:14.303	0.96693	0.96693			6
2024.06.10	00:33:14.876	0.96692	0.96692			6
2024.06.10	00:33:15.175	0.96693	0.96693			6
2024.06.10	00:33:16.420	0.96692	0.96692			6
2024.06.10	00:33:16.993	0.96691	0.96691			6
2024.06.10	00:33:20.519	0.96701	0.96701			6
2024.06.10	00:33:20.549	0.96714	0.96714			6
2024.06.10	00:33:20.579	0.96722	0.96722			6
2024.06.10	00:33:20.877	0.96723	0.96723			6
2024.06.10	00:33:22.390	0.96696	0.96696			6
2024.06.10	00:33:22.662	0.96697	0.96697			6
2024.06.10	00:33:23.607	0.96696	0.96696			6
2024.06.10	00:33:25.977	0.96695	0.96695			6
2024.06.10	00:33:26.887	0.96684	0.96684			6
2024.06.10	00:33:29.673	0.96678	0.96678			6
2024.06.10	00:33:30.669	0.96680	0.96680			6
2024.06.10	00:33:32.513	0.96678	0.96678			6
2024.06.10	00:33:32.543	0.96675	0.96675			6
2024.06.10	00:33:32.574	0.96674	0.96674			6
2024.06.10	00:33:37.897	0.96678	0.96678			6
2024.06.10	00:33:51.080	0.96672	0.96672			6
2024.06.10	00:33:51.110	0.96671	0.96671			6
2024.06.10	00:33:52.719	0.96669	0.96669			6
2024.06.10	00:33:54.229	0.96676	0.96676			6
2024.06.10	00:33:54.738	0.96673	0.96673			6
2024.06.10	00:33:57.773	0.96674	0.96674			6
2024.06.10	00:34:01.415	0.96673	0.96673			6
2024.06.10	00:34:02.394	0.96674	0.96674			6
2024.06.10	00:34:03.331	0.96672	0.96672			6
2024.06.10	00:34:14.294	0.96671	0.96671			6
2024.06.10	00:34:15.485	0.96672	0.96672			6
2024.06.10	00:34:17.322	0.96670	0.96670			6
2024.06.10	00:34:20.419	0.96669	0.96669			6
2024.06.10	00:34:23.735	0.96683	0.96683			6
2024.06.10	00:34:23.764	0.96697	0.96697			6
2024.06.10	00:34:24.620	0.96698	0.96698			6
2024.06.10	00:34:25.396	0.96697	0.96697			6
2024.06.10	00:34:37.664	0.96698	0.96698			6
2024.06.10	00:34:38.816	0.96697	0.96697			6
2024.06.10	00:34:41.264	0.96698	0.96698			6
2024.06.10	00:34:41.996	0.96696	0.96696			6
2024.06.10	00:34:42.070	0.96697	0.96697			6
2024.06.10	00:34:53.905	0.96669	0.96669			6
2024.06.10	00:34:54.227	0.96670	0.96670			6
2024.06.10	00:34:54.287	0.96672	0.96672			6
2024.06.10	00:34:56.493	0.96669	0.96669			6
2024.06.10	00:35:00.103	0.96667	0.96667			6
2024.06.10	00:35:04.480	0.96696	0.96696			6
2024.06.10	00:35:06.058	0.96701	0.96701			6
2024.06.10	00:35:06.117	0.96700	0.96700			6
2024.06.10	00:35:07.060	0.96689	0.96689			6
2024.06.10	00:35:08.764	0.96688	0.96688			6
2024.06.10	00:35:12.153	0.96689	0.96689			6
2024.06.10	00:35:15.126	0.96690	0.96690			6
2024.06.10	00:35:15.156	0.96701	0.96701			6
2024.06.10	00:35:15.222	0.96700	0.96700			6
2024.06.10	00:35:15.252	0.96695	0.96695			6
2024.06.10	00:35:15.283	0.96698	0.96698			6
2024.06.10	00:35:15.313	0.96702	0.96702			6
2024.06.10	00:35:15.349	0.96703	0.96703			6
2024.06.10	00:35:15.378	0.96698	0.96698			6
2024.06.10	00:35:15.409	0.96694	0.96694			6
2024.06.10	00:35:15.468	0.96696	0.96696			6
2024.06.10	00:35:15.529	0.96697	0.96697			6
2024.06.10	00:35:17.147	0.96698	0.96698			6
2024.06.10	00:35:24.647	0.96697	0.96697			6
2024.06.10	00:35:24.678	0.96698	0.96698			6
2024.06.10	00:35:27.189	0.96697	0.96697			6
2024.06.10	00:35:28.148	0.96696	0.96696			6
2024.06.10	00:35:29.543	0.96695	0.96695			6
2024.06.10	00:35:32.419	0.96696	0.96696			6
2024.06.10	00:35:32.570	0.96697	0.96697			6
2024.06.10	00:35:37.300	0.96696	0.96696			6
2024.06.10	00:35:37.331	0.96697	0.96697			6
2024.06.10	00:35:38.958	0.96698	0.96698			6
2024.06.10	00:35:39.023	0.96697	0.96697			6
2024.06.10	00:35:39.052	0.96698	0.96698			6
2024.06.10	00:35:43.381	0.96699	0.96699			6
2024.06.10	00:35:43.623	0.96698	0.96698			6
2024.06.10	00:35:43.772	0.96697	0.96697			6
2024.06.10	00:35:43.802	0.96698	0.96698			6
2024.06.10	00:35:43.892	0.96697	0.96697			6
2024.06.10	00:35:43.952	0.96698	0.96698			6
2024.06.10	00:35:44.013	0.96697	0.96697			6
2024.06.10	00:35:44.043	0.96698	0.96698			6
2024.06.10	00:35:45.101	0.96699	0.96699			6
2024.06.10	00:35:45.251	0.96698	0.96698			6
2024.06.10	00:35:48.016	0.96700	0.96700			6
2024.06.10	00:35:48.553	0.96699	0.96699			6
2024.06.10	00:35:50.582	0.96700	0.96700			6
2024.06.10	00:35:50.643	0.96699	0.96699			6
2024.06.10	00:35:50.672	0.96700	0.96700			6
2024.06.10	00:35:50.703	0.96699	0.96699			6
2024.06.10	00:35:50.733	0.96700	0.96700			6
2024.06.10	00:35:53.339	0.96699	0.96699			6
2024.06.10	00:35:53.369	0.96700	0.96700			6
2024.06.10	00:35:56.538	0.96699	0.96699			6
2024.06.10	00:35:59.656	0.96698	0.96698			6
2024.06.10	00:35:59.806	0.96700	0.96700			6
2024.06.10	00:36:02.902	0.96699	0.96699			6
2024.06.10	00:36:03.031	0.96698	0.96698			6
2024.06.10	00:36:03.060	0.96699	0.96699			6
2024.06.10	00:36:06.761	0.96698	0.96698			6
2024.06.10	00:36:06.822	0.96697	0.96697			6
2024.06.10	00:36:07.323	0.96699	0.96699			6
2024.06.10	00:36:07.383	0.96698	0.96698			6
2024.06.10	00:36:07.662	0.96699	0.96699			6
2024.06.10	00:36:07.727	0.96698	0.96698			6
2024.06.10	00:36:07.758	0.96699	0.96699			6
2024.06.10	00:36:08.102	0.96698	0.96698			6
2024.06.10	00:36:09.191	0.96697	0.96697			6
2024.06.10	00:36:09.479	0.96699	0.96699			6
2024.06.10	00:36:09.652	0.96698	0.96698			6
2024.06.10	00:36:09.712	0.96699	0.96699			6
2024.06.10	00:36:11.022	0.96698	0.96698			6
2024.06.10	00:36:11.082	0.96697	0.96697			6
2024.06.10	00:36:11.111	0.96699	0.96699			6
2024.06.10	00:36:11.147	0.96698	0.96698			6
2024.06.10	00:36:11.418	0.96699	0.96699			6
2024.06.10	00:36:11.571	0.96698	0.96698			6
2024.06.10	00:36:11.600	0.96699	0.96699			6
2024.06.10	00:36:15.206	0.96700	0.96700			6
2024.06.10	00:36:15.553	0.96699	0.96699			6
2024.06.10	00:36:15.584	0.96700	0.96700			6
2024.06.10	00:36:17.194	0.96701	0.96701			6
2024.06.10	00:36:17.288	0.96700	0.96700			6
2024.06.10	00:36:17.497	0.96699	0.96699			6
2024.06.10	00:36:17.770	0.96698	0.96698			6
2024.06.10	00:36:17.860	0.96700	0.96700			6
2024.06.10	00:36:17.921	0.96699	0.96699			6
2024.06.10	00:36:18.009	0.96698	0.96698			6
2024.06.10	00:36:19.456	0.96699	0.96699			6
2024.06.10	00:36:19.608	0.96698	0.96698			6
2024.06.10	00:36:19.669	0.96699	0.96699			6
2024.06.10	00:36:19.699	0.96698	0.96698			6
2024.06.10	00:36:19.758	0.96699	0.96699			6
2024.06.10	00:36:19.818	0.96698	0.96698			6
2024.06.10	00:36:19.848	0.96699	0.96699			6
2024.06.10	00:36:21.800	0.96698	0.96698			6
2024.06.10	00:36:23.065	0.96699	0.96699			6
2024.06.10	00:36:23.112	0.96698	0.96698			6
2024.06.10	00:36:23.202	0.96699	0.96699			6
2024.06.10	00:36:23.232	0.96698	0.96698			6
2024.06.10	00:36:23.263	0.96697	0.96697			6
2024.06.10	00:36:23.354	0.96698	0.96698			6
2024.06.10	00:36:23.474	0.96699	0.96699			6
2024.06.10	00:36:23.543	0.96698	0.96698			6
2024.06.10	00:36:23.573	0.96697	0.96697			6
2024.06.10	00:36:25.094	0.96698	0.96698			6
2024.06.10	00:36:25.154	0.96697	0.96697			6
2024.06.10	00:36:25.185	0.96699	0.96699			6
2024.06.10	00:36:26.624	0.96698	0.96698			6
2024.06.10	00:36:26.654	0.96699	0.96699			6
2024.06.10	00:36:26.715	0.96697	0.96697			6
2024.06.10	00:36:26.745	0.96699	0.96699			6
2024.06.10	00:36:26.776	0.96698	0.96698			6
2024.06.10	00:36:27.196	0.96694	0.96694			6
2024.06.10	00:36:27.257	0.96699	0.96699			6
2024.06.10	00:36:27.468	0.96698	0.96698			6
2024.06.10	00:36:27.498	0.96699	0.96699			6
2024.06.10	00:36:31.808	0.96698	0.96698			6
2024.06.10	00:36:31.838	0.96699	0.96699			6
2024.06.10	00:36:31.899	0.96698	0.96698			6
2024.06.10	00:36:31.947	0.96699	0.96699			6
2024.06.10	00:36:32.038	0.96698	0.96698			6
2024.06.10	00:36:32.067	0.96699	0.96699			6
2024.06.10	00:36:32.099	0.96698	0.96698			6
2024.06.10	00:36:32.128	0.96699	0.96699			6
2024.06.10	00:36:32.201	0.96698	0.96698			6
2024.06.10	00:36:35.728	0.96697	0.96697			6
2024.06.10	00:36:37.566	0.96699	0.96699			6
2024.06.10	00:36:38.090	0.96700	0.96700			6
2024.06.10	00:36:40.156	0.96701	0.96701			6
2024.06.10	00:36:40.217	0.96700	0.96700			6
2024.06.10	00:36:40.246	0.96701	0.96701			6
2024.06.10	00:36:40.307	0.96700	0.96700			6
2024.06.10	00:36:40.337	0.96699	0.96699			6
2024.06.10	00:36:40.531	0.96698	0.96698			6
2024.06.10	00:36:42.551	0.96699	0.96699			6
2024.06.10	00:36:42.763	0.96700	0.96700			6
2024.06.10	00:36:42.855	0.96699	0.96699			6
2024.06.10	00:36:44.415	0.96700	0.96700			6
2024.06.10	00:36:44.834	0.96699	0.96699			6
2024.06.10	00:36:44.864	0.96700	0.96700			6
2024.06.10	00:36:44.924	0.96699	0.96699			6
2024.06.10	00:36:44.954	0.96700	0.96700			6
2024.06.10	00:36:47.064	0.96699	0.96699			6
2024.06.10	00:36:47.094	0.96700	0.96700			6
2024.06.10	00:36:47.279	0.96699	0.96699			6
2024.06.10	00:36:47.309	0.96700	0.96700			6
2024.06.10	00:36:50.732	0.96699	0.96699			6
2024.06.10	00:36:50.764	0.96700	0.96700			6
2024.06.10	00:36:52.606	0.96699	0.96699			6
2024.06.10	00:36:52.637	0.96700	0.96700			6
2024.06.10	00:36:53.555	0.96699	0.96699			6
2024.06.10	00:36:53.798	0.96700	0.96700			6
2024.06.10	00:36:55.616	0.96701	0.96701			6
2024.06.10	00:36:56.372	0.96700	0.96700			6
2024.06.10	00:36:56.553	0.96699	0.96699			6
2024.06.10	00:36:56.583	0.96700	0.96700			6
2024.06.10	00:36:56.613	0.96699	0.96699			6
2024.06.10	00:36:56.643	0.96700	0.96700			6
2024.06.10	00:36:57.159	0.96699	0.96699			6
2024.06.10	00:36:57.248	0.96700	0.96700			6
2024.06.10	00:36:57.288	0.96699	0.96699			6
2024.06.10	00:36:57.318	0.96700	0.96700			6
2024.06.10	00:36:58.591	0.96699	0.96699			6
2024.06.10	00:36:58.651	0.96698	0.96698			6
2024.06.10	00:36:58.741	0.96699	0.96699			6
2024.06.10	00:36:59.945	0.96698	0.96698			6
2024.06.10	00:37:00.006	0.96699	0.96699			6
2024.06.10	00:37:02.546	0.96700	0.96700			6
2024.06.10	00:37:02.605	0.96699	0.96699			6
2024.06.10	00:37:02.634	0.96700	0.96700			6
2024.06.10	00:37:02.935	0.96699	0.96699			6
2024.06.10	00:37:02.965	0.96700	0.96700			6
2024.06.10	00:37:02.995	0.96699	0.96699			6
2024.06.10	00:37:03.025	0.96700	0.96700			6
2024.06.10	00:37:03.736	0.96699	0.96699			6
2024.06.10	00:37:03.766	0.96700	0.96700			6
2024.06.10	00:37:03.796	0.96699	0.96699			6
2024.06.10	00:37:03.826	0.96700	0.96700			6
2024.06.10	00:37:04.072	0.96699	0.96699			6
2024.06.10	00:37:04.102	0.96700	0.96700			6
2024.06.10	00:37:04.132	0.96699	0.96699			6
2024.06.10	00:37:04.162	0.96700	0.96700			6
2024.06.10	00:37:04.342	0.96699	0.96699			6
2024.06.10	00:37:04.373	0.96700	0.96700			6
2024.06.10	00:37:04.402	0.96699	0.96699			6
2024.06.10	00:37:04.432	0.96700	0.96700			6
2024.06.10	00:37:04.534	0.96699	0.96699			6
2024.06.10	00:37:04.564	0.96700	0.96700			6
2024.06.10	00:37:04.601	0.96699	0.96699			6
2024.06.10	00:37:04.630	0.96700	0.96700			6
2024.06.10	00:37:04.691	0.96699	0.96699			6
2024.06.10	00:37:04.851	0.96700	0.96700			6
2024.06.10	00:37:05.582	0.96699	0.96699			6
2024.06.10	00:37:08.688	0.96698	0.96698			6
2024.06.10	00:37:08.718	0.96699	0.96699			6
2024.06.10	00:37:08.748	0.96698	0.96698			6
2024.06.10	00:37:08.778	0.96699	0.96699			6
2024.06.10	00:37:15.448	0.96700	0.96700			6
2024.06.10	00:37:18.621	0.96699	0.96699			6
2024.06.10	00:37:18.682	0.96700	0.96700			6
2024.06.10	00:37:18.740	0.96699	0.96699			6
2024.06.10	00:37:18.830	0.96698	0.96698			6
2024.06.10	00:37:18.860	0.96699	0.96699			6
2024.06.10	00:37:21.222	0.96698	0.96698			6
2024.06.10	00:37:21.631	0.96699	0.96699			6
2024.06.10	00:37:21.680	0.96698	0.96698			6
2024.06.10	00:37:21.710	0.96699	0.96699			6
2024.06.10	00:37:22.346	0.96700	0.96700			6
2024.06.10	00:37:43.594	0.96686	0.96686			6
2024.06.10	00:37:47.058	0.96685	0.96685			6
2024.06.10	00:37:47.088	0.96681	0.96681			6
2024.06.10	00:37:49.074	0.96680	0.96680			6
2024.06.10	00:37:59.281	0.96679	0.96679			6
2024.06.10	00:38:02.593	0.96678	0.96678			6
2024.06.10	00:38:02.623	0.96670	0.96670			6
2024.06.10	00:38:03.523	0.96668	0.96668			6
2024.06.10	00:38:19.334	0.96666	0.96666			6
2024.06.10	00:38:19.394	0.96665	0.96665			6
2024.06.10	00:38:19.917	0.96666	0.96666			6
2024.06.10	00:38:32.485	0.96665	0.96665			6
2024.06.10	00:38:40.570	0.96593	0.96593			6
2024.06.10	00:38:40.750	0.96621	0.96621			6
2024.06.10	00:38:40.810	0.96609	0.96609			6
2024.06.10	00:38:40.899	0.96608	0.96608			6
2024.06.10	00:38:40.931	0.96618	0.96618			6
2024.06.10	00:38:40.991	0.96619	0.96619			6
2024.06.10	00:38:53.209	0.96606	0.96606			6
2024.06.10	00:38:55.192	0.96666	0.96666			6
2024.06.10	00:38:55.374	0.96668	0.96668			6
2024.06.10	00:38:55.433	0.96669	0.96669			6
2024.06.10	00:38:58.540	0.96672	0.96672			6
2024.06.10	00:38:58.571	0.96673	0.96673			6
2024.06.10	00:39:00.116	0.96666	0.96666			6
2024.06.10	00:39:01.773	0.96665	0.96665			6
2024.06.10	00:39:01.802	0.96664	0.96664			6
2024.06.10	00:39:01.863	0.96662	0.96662			6
2024.06.10	00:39:05.388	0.96666	0.96666			6
2024.06.10	00:39:07.908	0.96667	0.96667			6
2024.06.10	00:39:10.802	0.96668	0.96668			6
2024.06.10	00:39:16.602	0.96669	0.96669			6
2024.06.10	00:39:16.663	0.96672	0.96672			6
2024.06.10	00:39:18.214	0.96666	0.96666			6
2024.06.10	00:39:18.243	0.96672	0.96672			6
2024.06.10	00:39:18.333	0.96673	0.96673			6
2024.06.10	00:39:18.422	0.96672	0.96672			6
2024.06.10	00:39:18.603	0.96673	0.96673			6
2024.06.10	00:39:18.844	0.96659	0.96659			6
2024.06.10	00:39:18.872	0.96669	0.96669			6
2024.06.10	00:39:18.932	0.96667	0.96667			6
2024.06.10	00:39:19.350	0.96628	0.96628			6
2024.06.10	00:39:19.410	0.96627	0.96627			6
2024.06.10	00:39:20.578	0.96628	0.96628			6
2024.06.10	00:39:22.159	0.96629	0.96629			6
2024.06.10	00:39:22.189	0.96626	0.96626			6
2024.06.10	00:39:22.219	0.96625	0.96625			6
2024.06.10	00:39:22.556	0.96626	0.96626			6
2024.06.10	00:39:24.476	0.96625	0.96625			6
2024.06.10	00:39:24.788	0.96626	0.96626			6
2024.06.10	00:39:24.818	0.96629	0.96629			6
2024.06.10	00:39:24.847	0.96628	0.96628			6
2024.06.10	00:39:24.878	0.96631	0.96631			6
2024.06.10	00:39:24.910	0.96628	0.96628			6
2024.06.10	00:39:25.071	0.96627	0.96627			6
2024.06.10	00:39:26.405	0.96628	0.96628			6
2024.06.10	00:39:26.538	0.96627	0.96627			6
2024.06.10	00:39:26.893	0.96628	0.96628			6
2024.06.10	00:39:31.710	0.96629	0.96629			6
2024.06.10	00:39:32.178	0.96626	0.96626			6
2024.06.10	00:39:32.272	0.96627	0.96627			6
2024.06.10	00:39:33.287	0.96628	0.96628			6
2024.06.10	00:39:38.888	0.96630	0.96630			6
2024.06.10	00:39:40.512	0.96629	0.96629			6
2024.06.10	00:39:40.970	0.96674	0.96674			6
2024.06.10	00:39:41.151	0.96663	0.96663			6
2024.06.10	00:39:41.183	0.96654	0.96654			6
2024.06.10	00:39:41.393	0.96670	0.96670			6
2024.06.10	00:39:41.422	0.96673	0.96673			6
2024.06.10	00:39:41.453	0.96675	0.96675			6
2024.06.10	00:39:41.602	0.96670	0.96670			6
2024.06.10	00:39:41.633	0.96664	0.96664			6
2024.06.10	00:39:41.662	0.96677	0.96677			6
2024.06.10	00:39:41.691	0.96676	0.96676			6
2024.06.10	00:39:41.752	0.96678	0.96678			6
2024.06.10	00:39:41.844	0.96670	0.96670			6
2024.06.10	00:39:41.874	0.96673	0.96673			6
2024.06.10	00:39:41.933	0.96676	0.96676			6
2024.06.10	00:39:42.023	0.96678	0.96678			6
2024.06.10	00:39:42.083	0.96664	0.96664			6
2024.06.10	00:39:42.114	0.96675	0.96675			6
2024.06.10	00:39:42.143	0.96676	0.96676			6
2024.06.10	00:39:42.265	0.96677	0.96677			6
2024.06.10	00:39:42.325	0.96676	0.96676			6
2024.06.10	00:39:42.798	0.96677	0.96677			6
2024.06.10	00:39:44.949	0.96676	0.96676			6
2024.06.10	00:39:45.100	0.96677	0.96677			6
2024.06.10	00:39:46.430	0.96676	0.96676			6
2024.06.10	00:39:46.669	0.96675	0.96675			6
2024.06.10	00:39:52.667	0.96674	0.96674			6
2024.06.10	00:39:56.273	0.96675	0.96675			6
2024.06.10	00:39:57.991	0.96677	0.96677			6
2024.06.10	00:40:05.312	0.96676	0.96676			6
2024.06.10	00:40:06.186	0.96677	0.96677			6
2024.06.10	00:40:06.401	0.96674	0.96674			6
2024.06.10	00:40:07.207	0.96675	0.96675			6
2024.06.10	00:40:07.462	0.96674	0.96674			6
2024.06.10	00:40:13.539	0.96675	0.96675			6
2024.06.10	00:40:15.162	0.96674	0.96674			6
2024.06.10	00:40:16.685	0.96675	0.96675			6
2024.06.10	00:40:21.764	0.96674	0.96674			6
2024.06.10	00:40:23.745	0.96673	0.96673			6
2024.06.10	00:40:33.744	0.96672	0.96672			6
2024.06.10	00:40:34.570	0.96674	0.96674			6
2024.06.10	00:40:42.203	0.96673	0.96673			6
2024.06.10	00:40:43.571	0.96674	0.96674			6
2024.06.10	00:40:44.005	0.96673	0.96673			6
2024.06.10	00:40:44.156	0.96674	0.96674			6
2024.06.10	00:40:47.150	0.96673	0.96673			6
2024.06.10	00:40:48.699	0.96674	0.96674			6
2024.06.10	00:40:48.759	0.96673	0.96673			6
2024.06.10	00:40:48.970	0.96674	0.96674			6
2024.06.10	00:40:50.255	0.96673	0.96673			6
2024.06.10	00:40:51.351	0.96674	0.96674			6
2024.06.10	00:40:51.441	0.96673	0.96673			6
2024.06.10	00:40:57.187	0.96674	0.96674			6
2024.06.10	00:40:57.474	0.96671	0.96671			6
2024.06.10	00:41:25.883	0.96669	0.96669			6
2024.06.10	00:41:31.238	0.96670	0.96670			6
2024.06.10	00:41:33.928	0.96669	0.96669			6
2024.06.10	00:41:35.184	0.96670	0.96670			6
2024.06.10	00:41:35.245	0.96669	0.96669			6
2024.06.10	00:41:36.305	0.96670	0.96670			6
2024.06.10	00:41:36.365	0.96669	0.96669			6
2024.06.10	00:41:36.394	0.96670	0.96670			6
2024.06.10	00:41:36.455	0.96669	0.96669			6
2024.06.10	00:41:44.179	0.96670	0.96670			6
2024.06.10	00:41:44.239	0.96669	0.96669			6
2024.06.10	00:41:48.759	0.96670	0.96670			6
2024.06.10	00:41:53.302	0.96669	0.96669			6
2024.06.10	00:41:54.455	0.96670	0.96670			6
2024.06.10	00:41:54.514	0.96669	0.96669			6
2024.06.10	00:42:00.753	0.96670	0.96670			6
2024.06.10	00:42:00.812	0.96669	0.96669			6
2024.06.10	00:42:00.933	0.96670	0.96670			6
2024.06.10	00:42:01.053	0.96669	0.96669			6
2024.06.10	00:42:12.471	0.96668	0.96668			6
2024.06.10	00:42:12.502	0.96669	0.96669			6
2024.06.10	00:42:13.094	0.96671	0.96671			6
2024.06.10	00:42:46.453	0.96672	0.96672			6
2024.06.10	00:42:46.482	0.96671	0.96671			6
2024.06.10	00:42:47.335	0.96672	0.96672			6
2024.06.10	00:42:48.166	0.96675	0.96675			6
2024.06.10	00:42:48.196	0.96673	0.96673			6
2024.06.10	00:42:51.781	0.96672	0.96672			6
2024.06.10	00:42:57.883	0.96673	0.96673			6
2024.06.10	00:42:58.200	0.96674	0.96674			6
2024.06.10	00:43:01.633	0.96675	0.96675			6
2024.06.10	00:43:01.724	0.96674	0.96674			6
2024.06.10	00:43:06.430	0.96673	0.96673			6
2024.06.10	00:43:32.370	0.96672	0.96672			6
2024.06.10	00:43:32.400	0.96671	0.96671			6
2024.06.10	00:43:34.870	0.96669	0.96669			6
2024.06.10	00:43:34.991	0.96670	0.96670			6
2024.06.10	00:43:36.740	0.96669	0.96669			6
2024.06.10	00:43:37.180	0.96670	0.96670			6
2024.06.10	00:43:37.210	0.96669	0.96669			6
2024.06.10	00:43:39.174	0.96670	0.96670			6
2024.06.10	00:43:39.296	0.96671	0.96671			6
2024.06.10	00:43:39.326	0.96670	0.96670			6
2024.06.10	00:43:39.362	0.96669	0.96669			6
2024.06.10	00:43:39.715	0.96670	0.96670			6
2024.06.10	00:43:40.063	0.96671	0.96671			6
2024.06.10	00:43:49.284	0.96670	0.96670			6
2024.06.10	00:43:49.664	0.96671	0.96671			6
2024.06.10	00:43:49.736	0.96670	0.96670			6
2024.06.10	00:43:50.861	0.96671	0.96671			6
2024.06.10	00:43:50.921	0.96670	0.96670			6
2024.06.10	00:43:51.212	0.96671	0.96671			6
2024.06.10	00:43:51.363	0.96667	0.96667			6
2024.06.10	00:43:51.550	0.96669	0.96669			6
2024.06.10	00:43:51.733	0.96668	0.96668			6
2024.06.10	00:43:51.765	0.96669	0.96669			6
2024.06.10	00:43:58.631	0.96668	0.96668			6
2024.06.10	00:43:59.270	0.96669	0.96669			6
2024.06.10	00:44:00.852	0.96670	0.96670			6
2024.06.10	00:44:02.232	0.96669	0.96669			6
2024.06.10	00:44:02.443	0.96670	0.96670			6
2024.06.10	00:44:02.503	0.96669	0.96669			6
2024.06.10	00:44:03.345	0.96670	0.96670			6
2024.06.10	00:44:03.877	0.96669	0.96669			6
2024.06.10	00:44:03.906	0.96670	0.96670			6
2024.06.10	00:44:03.996	0.96669	0.96669			6
2024.06.10	00:44:04.027	0.96670	0.96670			6
2024.06.10	00:44:05.047	0.96669	0.96669			6
2024.06.10	00:44:05.077	0.96668	0.96668			6
2024.06.10	00:44:06.041	0.96669	0.96669			6
2024.06.10	00:44:06.071	0.96668	0.96668			6
2024.06.10	00:44:07.372	0.96669	0.96669			6
2024.06.10	00:44:08.330	0.96668	0.96668			6
2024.06.10	00:44:08.421	0.96670	0.96670			6
2024.06.10	00:44:11.758	0.96671	0.96671			6
2024.06.10	00:44:11.789	0.96670	0.96670			6
2024.06.10	00:44:14.957	0.96671	0.96671			6
2024.06.10	00:44:15.439	0.96670	0.96670			6
2024.06.10	00:44:16.173	0.96671	0.96671			6
2024.06.10	00:44:16.204	0.96670	0.96670			6
2024.06.10	00:44:31.228	0.96673	0.96673			6
2024.06.10	00:44:32.389	0.96672	0.96672			6
2024.06.10	00:44:35.955	0.96674	0.96674			6
2024.06.10	00:44:42.395	0.96675	0.96675			6
2024.06.10	00:44:45.182	0.96674	0.96674			6
2024.06.10	00:44:47.380	0.96671	0.96671			6
2024.06.10	00:44:47.410	0.96670	0.96670			6
2024.06.10	00:44:50.783	0.96674	0.96674			6
2024.06.10	00:45:02.389	0.96672	0.96672			6
2024.06.10	00:45:03.178	0.96671	0.96671			6
2024.06.10	00:45:03.238	0.96670	0.96670			6
2024.06.10	00:45:03.768	0.96667	0.96667			6
2024.06.10	00:45:04.320	0.96668	0.96668			6
2024.06.10	00:45:06.763	0.96667	0.96667			6
2024.06.10	00:45:09.587	0.96668	0.96668			6
2024.06.10	00:45:09.617	0.96664	0.96664			6
2024.06.10	00:45:10.087	0.96665	0.96665			6
2024.06.10	00:45:14.315	0.96660	0.96660			6
2024.06.10	00:45:16.011	0.96683	0.96683			6
2024.06.10	00:45:16.647	0.96682	0.96682			6
2024.06.10	00:45:19.157	0.96670	0.96670			6
2024.06.10	00:45:20.177	0.96671	0.96671			6
2024.06.10	00:45:20.495	0.96665	0.96665			6
2024.06.10	00:45:20.595	0.96668	0.96668			6
2024.06.10	00:45:20.654	0.96670	0.96670			6
2024.06.10	00:45:21.015	0.96668	0.96668			6
2024.06.10	00:45:24.844	0.96667	0.96667			6
2024.06.10	00:45:32.449	0.96636	0.96636			6
2024.06.10	00:45:35.621	0.96634	0.96634			6
2024.06.10	00:45:37.374	0.96633	0.96633			6
2024.06.10	00:45:42.734	0.96632	0.96632			6
2024.06.10	00:45:43.964	0.96633	0.96633			6
2024.06.10	00:45:49.748	0.96632	0.96632			6
2024.06.10	00:45:55.963	0.96631	0.96631			6
2024.06.10	00:45:58.453	0.96632	0.96632			6
2024.06.10	00:45:58.482	0.96631	0.96631			6
2024.06.10	00:45:59.038	0.96689	0.96689			6
2024.06.10	00:45:59.974	0.96685	0.96685			6
2024.06.10	00:46:13.841	0.96682	0.96682			6
2024.06.10	00:46:13.879	0.96681	0.96681			6
2024.06.10	00:46:14.511	0.96683	0.96683			6
2024.06.10	00:46:14.541	0.96682	0.96682			6
2024.06.10	00:46:18.190	0.96681	0.96681			6
2024.06.10	00:46:18.266	0.96682	0.96682			6
2024.06.10	00:46:19.450	0.96681	0.96681			6
2024.06.10	00:46:22.116	0.96685	0.96685			6
2024.06.10	00:46:22.145	0.96684	0.96684			6
2024.06.10	00:46:22.175	0.96685	0.96685			6
2024.06.10	00:46:22.408	0.96686	0.96686			6
2024.06.10	00:46:22.438	0.96688	0.96688			6
2024.06.10	00:46:25.583	0.96693	0.96693			6
2024.06.10	00:46:25.614	0.96689	0.96689			6
2024.06.10	00:46:26.382	0.96691	0.96691			6
2024.06.10	00:46:26.965	0.96692	0.96692			6
2024.06.10	00:46:35.759	0.96691	0.96691			6
2024.06.10	00:46:36.599	0.96693	0.96693			6
2024.06.10	00:46:39.067	0.96681	0.96681			6
2024.06.10	00:46:39.097	0.96693	0.96693			6
2024.06.10	00:46:41.533	0.96697	0.96697			6
2024.06.10	00:46:41.877	0.96698	0.96698			6
2024.06.10	00:46:41.963	0.96696	0.96696			6
2024.06.10	00:46:42.023	0.96694	0.96694			6
2024.06.10	00:46:43.365	0.96693	0.96693			6
2024.06.10	00:46:45.840	0.96694	0.96694			6
2024.06.10	00:46:46.349	0.96696	0.96696			6
2024.06.10	00:46:46.379	0.96697	0.96697			6
2024.06.10	00:46:48.575	0.96698	0.96698			6
2024.06.10	00:46:48.605	0.96695	0.96695			6
2024.06.10	00:46:49.072	0.96705	0.96705			6
2024.06.10	00:46:49.101	0.96699	0.96699			6
2024.06.10	00:46:49.132	0.96695	0.96695			6
2024.06.10	00:46:52.362	0.96696	0.96696			6
2024.06.10	00:46:53.405	0.96693	0.96693			6
2024.06.10	00:46:53.436	0.96697	0.96697			6
2024.06.10	00:46:55.996	0.96696	0.96696			6
2024.06.10	00:46:56.025	0.96697	0.96697			6
2024.06.10	00:46:56.962	0.96695	0.96695			6
2024.06.10	00:46:58.037	0.96697	0.96697			6
2024.06.10	00:46:58.128	0.96696	0.96696			6
2024.06.10	00:46:59.294	0.96695	0.96695			6
2024.06.10	00:47:01.688	0.96699	0.96699			6
2024.06.10	00:47:04.252	0.96697	0.96697			6
2024.06.10	00:47:04.283	0.96698	0.96698			6
2024.06.10	00:47:06.046	0.96687	0.96687			6
2024.06.10	00:47:06.076	0.96698	0.96698			6
2024.06.10	00:47:07.597	0.96701	0.96701			6
2024.06.10	00:47:07.627	0.96700	0.96700			6
2024.06.10	00:47:11.876	0.96702	0.96702			6
2024.06.10	00:47:11.964	0.96699	0.96699			6
2024.06.10	00:47:14.509	0.96697	0.96697			6
2024.06.10	00:47:14.604	0.96699	0.96699			6
2024.06.10	00:47:14.634	0.96697	0.96697			6
2024.06.10	00:47:16.238	0.96696	0.96696			6
2024.06.10	00:47:22.598	0.96705	0.96705			6
2024.06.10	00:47:25.625	0.96703	0.96703			6
2024.06.10	00:47:26.941	0.96709	0.96709			6
2024.06.10	00:47:27.182	0.96710	0.96710			6
2024.06.10	00:47:27.526	0.96707	0.96707			6
2024.06.10	00:47:27.556	0.96703	0.96703			6
2024.06.10	00:47:28.673	0.96701	0.96701			6
2024.06.10	00:47:28.986	0.96700	0.96700			6
2024.06.10	00:47:30.515	0.96699	0.96699			6
2024.06.10	00:47:30.576	0.96698	0.96698			6
2024.06.10	00:47:37.595	0.96699	0.96699			6
2024.06.10	00:47:45.511	0.96700	0.96700			6
2024.06.10	00:47:47.606	0.96699	0.96699			6
2024.06.10	00:47:50.582	0.96698	0.96698			6
2024.06.10	00:47:52.607	0.96700	0.96700			6
2024.06.10	00:47:54.170	0.96688	0.96688			6
2024.06.10	00:47:54.199	0.96678	0.96678			6
2024.06.10	00:47:54.291	0.96672	0.96672			6
2024.06.10	00:47:54.757	0.96671	0.96671			6
2024.06.10	00:47:56.217	0.96678	0.96678			6
2024.06.10	00:47:56.247	0.96679	0.96679			6
2024.06.10	00:47:57.554	0.96677	0.96677			6
2024.06.10	00:48:01.505	0.96678	0.96678			6
2024.06.10	00:48:01.536	0.96677	0.96677			6
2024.06.10	00:48:03.043	0.96676	0.96676			6
2024.06.10	00:48:05.656	0.96681	0.96681			6
2024.06.10	00:48:05.685	0.96676	0.96676			6
2024.06.10	00:48:05.775	0.96683	0.96683			6
2024.06.10	00:48:05.804	0.96678	0.96678			6
2024.06.10	00:48:05.834	0.96676	0.96676			6
2024.06.10	00:48:15.626	0.96678	0.96678			6
2024.06.10	00:48:15.754	0.96676	0.96676			6
2024.06.10	00:48:17.005	0.96682	0.96682			6
2024.06.10	00:48:17.036	0.96676	0.96676			6
2024.06.10	00:48:22.687	0.96670	0.96670			6
2024.06.10	00:48:24.376	0.96671	0.96671			6
2024.06.10	00:48:24.406	0.96670	0.96670			6
2024.06.10	00:48:24.515	0.96668	0.96668			6
2024.06.10	00:48:27.080	0.96673	0.96673			6
2024.06.10	00:48:45.568	0.96672	0.96672			6
2024.06.10	00:48:47.288	0.96674	0.96674			6
2024.06.10	00:48:55.396	0.96673	0.96673			6
2024.06.10	00:49:04.281	0.96674	0.96674			6
2024.06.10	00:49:22.386	0.96673	0.96673			6
2024.06.10	00:49:22.457	0.96670	0.96670			6
2024.06.10	00:49:29.375	0.96667	0.96667			6
2024.06.10	00:49:37.983	0.96668	0.96668			6
2024.06.10	00:50:00.055	0.96667	0.96667			6
2024.06.10	00:50:15.458	0.96669	0.96669			6
2024.06.10	00:50:15.518	0.96657	0.96657			6
2024.06.10	00:50:15.548	0.96669	0.96669			6
2024.06.10	00:50:16.427	0.96670	0.96670			6
2024.06.10	00:50:17.028	0.96676	0.96676			6
2024.06.10	00:50:17.057	0.96671	0.96671			6
2024.06.10	00:50:17.149	0.96672	0.96672			6
2024.06.10	00:50:17.524	0.96670	0.96670			6
2024.06.10	00:50:17.583	0.96671	0.96671			6
2024.06.10	00:50:17.643	0.96670	0.96670			6
2024.06.10	00:50:17.674	0.96671	0.96671			6
2024.06.10	00:50:17.703	0.96670	0.96670			6
2024.06.10	00:50:18.019	0.96668	0.96668			6
2024.06.10	00:50:18.050	0.96669	0.96669			6
2024.06.10	00:50:18.502	0.96668	0.96668			6
2024.06.10	00:50:18.532	0.96669	0.96669			6
2024.06.10	00:50:19.028	0.96670	0.96670			6
2024.06.10	00:50:19.503	0.96671	0.96671			6
2024.06.10	00:50:19.532	0.96669	0.96669			6
2024.06.10	00:50:21.457	0.96676	0.96676			6
2024.06.10	00:50:21.486	0.96670	0.96670			6
2024.06.10	00:50:21.516	0.96669	0.96669			6
2024.06.10	00:50:22.957	0.96668	0.96668			6
2024.06.10	00:50:22.987	0.96670	0.96670			6
2024.06.10	00:50:24.177	0.96669	0.96669			6
2024.06.10	00:50:24.485	0.96668	0.96668			6
2024.06.10	00:50:24.790	0.96666	0.96666			6
2024.06.10	00:50:25.374	0.96667	0.96667			6
2024.06.10	00:50:26.860	0.96666	0.96666			6
2024.06.10	00:50:32.591	0.96669	0.96669			6
2024.06.10	00:50:32.621	0.96668	0.96668			6
2024.06.10	00:50:32.651	0.96655	0.96655			6
2024.06.10	00:50:33.100	0.96651	0.96651			6
2024.06.10	00:50:38.764	0.96665	0.96665			6
2024.06.10	00:50:38.885	0.96664	0.96664			6
2024.06.10	00:50:42.800	0.96651	0.96651			6
2024.06.10	00:50:45.763	0.96697	0.96697			6
2024.06.10	00:50:45.792	0.96694	0.96694			6
2024.06.10	00:50:46.342	0.96691	0.96691			6
2024.06.10	00:50:46.372	0.96688	0.96688			6
2024.06.10	00:50:46.402	0.96689	0.96689			6
2024.06.10	00:50:46.432	0.96688	0.96688			6
2024.06.10	00:50:46.523	0.96689	0.96689			6
2024.06.10	00:50:46.583	0.96690	0.96690			6
2024.06.10	00:50:46.643	0.96691	0.96691			6
2024.06.10	00:50:46.674	0.96692	0.96692			6
2024.06.10	00:50:46.703	0.96693	0.96693			6
2024.06.10	00:50:46.777	0.96694	0.96694			6
2024.06.10	00:50:46.807	0.96691	0.96691			6
2024.06.10	00:50:46.837	0.96692	0.96692			6
2024.06.10	00:50:46.897	0.96691	0.96691			6
2024.06.10	00:50:46.928	0.96694	0.96694			6
2024.06.10	00:50:46.987	0.96692	0.96692			6
2024.06.10	00:50:48.377	0.96694	0.96694			6
2024.06.10	00:50:48.408	0.96695	0.96695			6
2024.06.10	00:50:48.467	0.96697	0.96697			6
2024.06.10	00:50:48.497	0.96693	0.96693			6
2024.06.10	00:50:48.526	0.96697	0.96697			6
2024.06.10	00:50:48.587	0.96694	0.96694			6
2024.06.10	00:50:48.617	0.96695	0.96695			6
2024.06.10	00:50:48.915	0.96694	0.96694			6
2024.06.10	00:50:48.946	0.96696	0.96696			6
2024.06.10	00:50:48.976	0.96694	0.96694			6
2024.06.10	00:50:49.007	0.96695	0.96695			6
2024.06.10	00:50:49.036	0.96696	0.96696			6
2024.06.10	00:50:49.098	0.96695	0.96695			6
2024.06.10	00:50:49.180	0.96696	0.96696			6
2024.06.10	00:50:49.274	0.96695	0.96695			6
2024.06.10	00:50:50.032	0.96698	0.96698			6
2024.06.10	00:50:53.518	0.96697	0.96697			6
2024.06.10	00:50:53.578	0.96696	0.96696			6
2024.06.10	00:50:53.608	0.96697	0.96697			6
2024.06.10	00:50:53.671	0.96702	0.96702			6
2024.06.10	00:50:53.729	0.96703	0.96703			6
2024.06.10	00:50:56.109	0.96701	0.96701			6
2024.06.10	00:50:56.139	0.96703	0.96703			6
2024.06.10	00:50:56.170	0.96700	0.96700			6
2024.06.10	00:50:56.200	0.96699	0.96699			6
2024.06.10	00:50:56.229	0.96701	0.96701			6
2024.06.10	00:50:56.259	0.96698	0.96698			6
2024.06.10	00:50:56.289	0.96700	0.96700			6
2024.06.10	00:50:56.649	0.96697	0.96697			6
2024.06.10	00:50:57.904	0.96696	0.96696			6
2024.06.10	00:51:02.569	0.96697	0.96697			6
2024.06.10	00:51:02.654	0.96700	0.96700			6
2024.06.10	00:51:02.714	0.96701	0.96701			6
2024.06.10	00:51:03.469	0.96695	0.96695			6
2024.06.10	00:51:06.279	0.96652	0.96652			6
2024.06.10	00:51:10.676	0.96651	0.96651			6
2024.06.10	00:51:14.024	0.96650	0.96650			6
2024.06.10	00:51:20.879	0.96649	0.96649			6
2024.06.10	00:51:23.590	0.96650	0.96650			6
2024.06.10	00:51:32.528	0.96671	0.96671			6
2024.06.10	00:51:36.788	0.96670	0.96670			6
2024.06.10	00:51:41.628	0.96672	0.96672			6
2024.06.10	00:51:41.687	0.96670	0.96670			6
2024.06.10	00:51:42.117	0.96667	0.96667			6
2024.06.10	00:51:42.421	0.96666	0.96666			6
2024.06.10	00:51:42.582	0.96667	0.96667			6
2024.06.10	00:51:42.674	0.96666	0.96666			6
2024.06.10	00:51:42.731	0.96667	0.96667			6
2024.06.10	00:51:44.081	0.96668	0.96668			6
2024.06.10	00:51:44.110	0.96667	0.96667			6
2024.06.10	00:51:44.140	0.96666	0.96666			6
2024.06.10	00:51:44.618	0.96668	0.96668			6
2024.06.10	00:51:44.649	0.96672	0.96672			6
2024.06.10	00:51:44.679	0.96667	0.96667			6
2024.06.10	00:51:44.739	0.96666	0.96666			6
2024.06.10	00:51:45.750	0.96669	0.96669			6
2024.06.10	00:52:10.675	0.96669				2
2024.06.10	00:52:13.395	0.96668	0.96668			6
2024.06.10	00:52:17.071	0.96669	0.96669			6
2024.06.10	00:52:17.129	0.96668	0.96668			6
2024.06.10	00:52:17.212	0.96665	0.96665			6
2024.06.10	00:52:17.637	0.96666	0.96666			6
2024.06.10	00:52:17.683	0.96665	0.96665			6
2024.06.10	00:52:18.564	0.96669	0.96669			6
2024.06.10	00:52:18.650	0.96668	0.96668			6
2024.06.10	00:52:19.878	0.96665	0.96665			6
2024.06.10	00:52:19.908	0.96668	0.96668			6
2024.06.10	00:52:20.012	0.96669	0.96669			6
2024.06.10	00:52:20.042	0.96668	0.96668			6
2024.06.10	00:52:20.072	0.96664	0.96664			6
2024.06.10	00:52:20.102	0.96666	0.96666			6
2024.06.10	00:52:23.370	0.96667	0.96667			6
2024.06.10	00:52:23.436	0.96665	0.96665			6
2024.06.10	00:52:24.168	0.96666	0.96666			6
2024.06.10	00:52:24.229	0.96665	0.96665			6
2024.06.10	00:52:24.259	0.96664	0.96664			6
2024.06.10	00:52:25.467	0.96661	0.96661			6
2024.06.10	00:52:25.497	0.96664	0.96664			6
2024.06.10	00:52:25.783	0.96661	0.96661			6
2024.06.10	00:52:25.933	0.96664	0.96664			6
2024.06.10	00:52:26.022	0.96661	0.96661			6
2024.06.10	00:52:26.052	0.96664	0.96664			6
2024.06.10	00:52:26.811	0.96661	0.96661			6
2024.06.10	00:52:29.821	0.96641	0.96641			6
2024.06.10	00:52:31.868	0.96643	0.96643			6
2024.06.10	00:52:35.578	0.96644	0.96644			6
2024.06.10	00:52:36.376	0.96643	0.96643			6
2024.06.10	00:52:43.391	0.96644	0.96644			6
2024.06.10	00:52:46.386	0.96643	0.96643			6
2024.06.10	00:52:50.967	0.96659	0.96659			6
2024.06.10	00:52:50.996	0.96661	0.96661			6
2024.06.10	00:52:51.312	0.96660	0.96660			6
2024.06.10	00:53:00.583	0.96660				2
2024.06.10	00:53:11.959	0.96663	0.96663			6
2024.06.10	00:53:11.989	0.96660	0.96660			6
2024.06.10	00:53:13.695	0.96659	0.96659			6
2024.06.10	00:53:19.961	0.96644	0.96644			6
2024.06.10	00:53:24.663	0.96664	0.96664			6
2024.06.10	00:53:24.694	0.96663	0.96663			6
2024.06.10	00:53:30.952	0.96660	0.96660			6
2024.06.10	00:53:40.729	0.96647	0.96647			6
2024.06.10	00:53:40.789	0.96660	0.96660			6
2024.06.10	00:53:43.922	0.96646	0.96646			6
2024.06.10	00:53:43.952	0.96660	0.96660			6
2024.06.10	00:53:50.779	0.96662	0.96662			6
2024.06.10	00:53:51.310	0.96660	0.96660			6
2024.06.10	00:53:51.904	0.96662	0.96662			6
2024.06.10	00:53:52.206	0.96660	0.96660			6
2024.06.10	00:53:52.236	0.96662	0.96662			6
2024.06.10	00:54:07.385	0.96648	0.96648			6
2024.06.10	00:54:09.586	0.96650	0.96650			6
2024.06.10	00:54:10.080	0.96688	0.96688			6
2024.06.10	00:54:10.110	0.96687	0.96687			6
2024.06.10	00:54:11.504	0.96685	0.96685			6
2024.06.10	00:54:11.535	0.96683	0.96683			6
2024.06.10	00:54:11.565	0.96685	0.96685			6
2024.06.10	00:54:11.595	0.96683	0.96683			6
2024.06.10	00:54:11.625	0.96684	0.96684			6
2024.06.10	00:54:11.686	0.96686	0.96686			6
2024.06.10	00:54:11.715	0.96684	0.96684			6
2024.06.10	00:54:11.805	0.96683	0.96683			6
2024.06.10	00:54:11.841	0.96684	0.96684			6
2024.06.10	00:54:11.991	0.96685	0.96685			6
2024.06.10	00:54:12.081	0.96683	0.96683			6
2024.06.10	00:54:12.172	0.96685	0.96685			6
2024.06.10	00:54:12.262	0.96683	0.96683			6
2024.06.10	00:54:12.291	0.96684	0.96684			6
2024.06.10	00:54:12.321	0.96685	0.96685			6
2024.06.10	00:54:12.352	0.96684	0.96684			6
2024.06.10	00:54:12.381	0.96685	0.96685			6
2024.06.10	00:54:12.441	0.96684	0.96684			6
2024.06.10	00:54:18.385	0.96693	0.96693			6
2024.06.10	00:54:19.671	0.96692	0.96692			6
2024.06.10	00:54:19.730	0.96695	0.96695			6
2024.06.10	00:54:19.760	0.96694	0.96694			6
2024.06.10	00:54:19.819	0.96697	0.96697			6
2024.06.10	00:54:19.879	0.96695	0.96695			6
2024.06.10	00:54:19.940	0.96697	0.96697			6
2024.06.10	00:54:19.969	0.96698	0.96698			6
2024.06.10	00:54:20.000	0.96691	0.96691			6
2024.06.10	00:54:20.030	0.96690	0.96690			6
2024.06.10	00:54:20.089	0.96688	0.96688			6
2024.06.10	00:54:20.625	0.96687	0.96687			6
2024.06.10	00:54:20.654	0.96688	0.96688			6
2024.06.10	00:54:21.248	0.96689	0.96689			6
2024.06.10	00:54:21.308	0.96688	0.96688			6
2024.06.10	00:54:21.567	0.96693	0.96693			6
2024.06.10	00:54:21.840	0.96692	0.96692			6
2024.06.10	00:54:21.870	0.96693	0.96693			6
2024.06.10	00:54:21.900	0.96692	0.96692			6
2024.06.10	00:54:21.930	0.96694	0.96694			6
2024.06.10	00:54:22.513	0.96693	0.96693			6
2024.06.10	00:54:22.573	0.96692	0.96692			6
2024.06.10	00:54:22.633	0.96691	0.96691			6
2024.06.10	00:54:22.663	0.96692	0.96692			6
2024.06.10	00:54:22.726	0.96691	0.96691			6
2024.06.10	00:54:23.146	0.96689	0.96689			6
2024.06.10	00:54:23.176	0.96693	0.96693			6
2024.06.10	00:54:23.205	0.96691	0.96691			6
2024.06.10	00:54:23.235	0.96690	0.96690			6
2024.06.10	00:54:25.220	0.96696	0.96696			6
2024.06.10	00:54:25.249	0.96698	0.96698			6
2024.06.10	00:54:25.664	0.96693	0.96693			6
2024.06.10	00:54:26.032	0.96694	0.96694			6
2024.06.10	00:54:26.596	0.96693	0.96693			6
2024.06.10	00:54:26.875	0.96692	0.96692			6
2024.06.10	00:54:28.086	0.96689	0.96689			6
2024.06.10	00:54:29.648	0.96663	0.96663			6
2024.06.10	00:54:29.719	0.96668	0.96668			6
2024.06.10	00:54:29.994	0.96672	0.96672			6
2024.06.10	00:54:32.501	0.96671	0.96671			6
2024.06.10	00:54:33.014	0.96668	0.96668			6
2024.06.10	00:54:33.314	0.96673	0.96673			6
2024.06.10	00:54:33.982	0.96669	0.96669			6
2024.06.10	00:54:34.011	0.96673	0.96673			6
2024.06.10	00:54:36.253	0.96699	0.96699			6
2024.06.10	00:54:37.079	0.96692	0.96692			6
2024.06.10	00:54:37.979	0.96688	0.96688			6
2024.06.10	00:54:39.276	0.96689	0.96689			6
2024.06.10	00:54:41.482	0.96686	0.96686			6
2024.06.10	00:54:41.976	0.96687	0.96687			6
2024.06.10	00:54:42.248	0.96680	0.96680			6
2024.06.10	00:54:42.337	0.96666	0.96666			6
2024.06.10	00:54:44.815	0.96688	0.96688			6
2024.06.10	00:54:44.875	0.96690	0.96690			6
2024.06.10	00:54:44.905	0.96692	0.96692			6
2024.06.10	00:54:44.935	0.96690	0.96690			6
2024.06.10	00:54:46.499	0.96673	0.96673			6
2024.06.10	00:54:46.711	0.96685	0.96685			6
2024.06.10	00:54:47.889	0.96684	0.96684			6
2024.06.10	00:54:49.978	0.96685	0.96685			6
2024.06.10	00:54:50.251	0.96684	0.96684			6
2024.06.10	00:54:51.213	0.96683	0.96683			6
2024.06.10	00:54:51.378	0.96688	0.96688			6
2024.06.10	00:54:51.438	0.96690	0.96690			6
2024.06.10	00:54:51.792	0.96681	0.96681			6
2024.06.10	00:54:51.851	0.96688	0.96688			6
2024.06.10	00:54:51.912	0.96690	0.96690			6
2024.06.10	00:54:52.005	0.96688	0.96688			6
2024.06.10	00:54:52.602	0.96686	0.96686			6
2024.06.10	00:54:54.713	0.96685	0.96685			6
2024.06.10	00:54:54.743	0.96688	0.96688			6
2024.06.10	00:54:54.802	0.96690	0.96690			6
2024.06.10	00:54:54.833	0.96691	0.96691			6
2024.06.10	00:54:55.154	0.96695	0.96695			6
2024.06.10	00:54:56.097	0.96696	0.96696			6
2024.06.10	00:54:56.465	0.96688	0.96688			6
2024.06.10	00:54:56.597	0.96684	0.96684			6
2024.06.10	00:54:56.891	0.96670	0.96670			6
2024.06.10	00:54:56.951	0.96684	0.96684			6
2024.06.10	00:54:57.176	0.96691	0.96691			6
2024.06.10	00:54:57.505	0.96688	0.96688			6
2024.06.10	00:54:59.290	0.96682	0.96682			6
2024.06.10	00:54:59.349	0.96687	0.96687			6
2024.06.10	00:54:59.409	0.96688	0.96688			6
2024.06.10	00:54:59.439	0.96690	0.96690			6
2024.06.10	00:54:59.760	0.96689	0.96689			6
2024.06.10	00:54:59.790	0.96690	0.96690			6
2024.06.10	00:55:00.054	0.96682	0.96682			6
2024.06.10	00:55:00.113	0.96689	0.96689			6
2024.06.10	00:55:00.174	0.96688	0.96688			6
2024.06.10	00:55:00.203	0.96689	0.96689			6
2024.06.10	00:55:01.379	0.96680	0.96680			6
2024.06.10	00:55:01.447	0.96687	0.96687			6
2024.06.10	00:55:01.506	0.96689	0.96689			6
2024.06.10	00:55:02.073	0.96677	0.96677			6
2024.06.10	00:55:02.134	0.96689	0.96689			6
2024.06.10	00:55:02.164	0.96688	0.96688			6
2024.06.10	00:55:02.224	0.96686	0.96686			6
2024.06.10	00:55:02.254	0.96688	0.96688			6
2024.06.10	00:55:02.314	0.96690	0.96690			6
2024.06.10	00:55:02.343	0.96688	0.96688			6
2024.06.10	00:55:02.374	0.96686	0.96686			6
2024.06.10	00:55:02.403	0.96688	0.96688			6
2024.06.10	00:55:02.494	0.96680	0.96680			6
2024.06.10	00:55:02.763	0.96682	0.96682			6
2024.06.10	00:55:04.339	0.96673	0.96673			6
2024.06.10	00:55:04.773	0.96678	0.96678			6
2024.06.10	00:55:05.035	0.96689	0.96689			6
2024.06.10	00:55:05.065	0.96690	0.96690			6
2024.06.10	00:55:05.174	0.96693	0.96693			6
2024.06.10	00:55:05.264	0.96694	0.96694			6
2024.06.10	00:55:05.294	0.96695	0.96695			6
2024.06.10	00:55:05.355	0.96696	0.96696			6
2024.06.10	00:55:06.872	0.96695	0.96695			6
2024.06.10	00:55:07.356	0.96691	0.96691			6
2024.06.10	00:55:07.387	0.96688	0.96688			6
2024.06.10	00:55:07.506	0.96686	0.96686			6
2024.06.10	00:55:07.583	0.96688	0.96688			6
2024.06.10	00:55:07.656	0.96686	0.96686			6
2024.06.10	00:55:07.731	0.96688	0.96688			6
2024.06.10	00:55:07.792	0.96686	0.96686			6
2024.06.10	00:55:07.883	0.96688	0.96688			6
2024.06.10	00:55:07.943	0.96689	0.96689			6
2024.06.10	00:55:07.973	0.96687	0.96687			6
2024.06.10	00:55:08.002	0.96688	0.96688			6
2024.06.10	00:55:09.136	0.96686	0.96686			6
2024.06.10	00:55:09.166	0.96684	0.96684			6
2024.06.10	00:55:09.196	0.96687	0.96687			6
2024.06.10	00:55:09.226	0.96688	0.96688			6
2024.06.10	00:55:09.258	0.96687	0.96687			6
2024.06.10	00:55:09.346	0.96686	0.96686			6
2024.06.10	00:55:09.377	0.96687	0.96687			6
2024.06.10	00:55:09.448	0.96691	0.96691			6
2024.06.10	00:55:09.679	0.96688	0.96688			6
2024.06.10	00:55:09.922	0.96687	0.96687			6
2024.06.10	00:55:09.951	0.96686	0.96686			6
2024.06.10	00:55:10.102	0.96691	0.96691			6
2024.06.10	00:55:10.133	0.96695	0.96695			6
2024.06.10	00:55:10.268	0.96692	0.96692			6
2024.06.10	00:55:10.327	0.96690	0.96690			6
2024.06.10	00:55:11.164	0.96692	0.96692			6
2024.06.10	00:55:11.193	0.96690	0.96690			6
2024.06.10	00:55:11.678	0.96687	0.96687			6
2024.06.10	00:55:11.709	0.96682	0.96682			6
2024.06.10	00:55:11.738	0.96684	0.96684			6
2024.06.10	00:55:11.769	0.96687	0.96687			6
2024.06.10	00:55:11.987	0.96684	0.96684			6
2024.06.10	00:55:12.047	0.96685	0.96685			6
2024.06.10	00:55:12.167	0.96684	0.96684			6
2024.06.10	00:55:12.242	0.96685	0.96685			6
2024.06.10	00:55:12.272	0.96684	0.96684			6
2024.06.10	00:55:12.302	0.96685	0.96685			6
2024.06.10	00:55:12.332	0.96684	0.96684			6
2024.06.10	00:55:12.392	0.96685	0.96685			6
2024.06.10	00:55:12.482	0.96684	0.96684			6
2024.06.10	00:55:12.511	0.96685	0.96685			6
2024.06.10	00:55:12.542	0.96684	0.96684			6
2024.06.10	00:55:12.842	0.96685	0.96685			6
2024.06.10	00:55:12.902	0.96684	0.96684			6
2024.06.10	00:55:12.932	0.96683	0.96683			6
2024.06.10	00:55:12.991	0.96684	0.96684			6
2024.06.10	00:55:13.323	0.96683	0.96683			6
2024.06.10	00:55:14.515	0.96684	0.96684			6
2024.06.10	00:55:14.545	0.96685	0.96685			6
2024.06.10	00:55:14.575	0.96687	0.96687			6
2024.06.10	00:55:14.605	0.96685	0.96685			6
2024.06.10	00:55:14.874	0.96687	0.96687			6
2024.06.10	00:55:14.905	0.96685	0.96685			6
2024.06.10	00:55:14.935	0.96683	0.96683			6
2024.06.10	00:55:14.965	0.96685	0.96685			6
2024.06.10	00:55:15.175	0.96687	0.96687			6
2024.06.10	00:55:15.205	0.96685	0.96685			6
2024.06.10	00:55:15.234	0.96687	0.96687			6
2024.06.10	00:55:15.355	0.96686	0.96686			6
2024.06.10	00:55:15.385	0.96687	0.96687			6
2024.06.10	00:55:15.506	0.96688	0.96688			6
2024.06.10	00:55:15.535	0.96687	0.96687			6
2024.06.10	00:55:15.565	0.96686	0.96686			6
2024.06.10	00:55:15.595	0.96691	0.96691			6
2024.06.10	00:55:15.625	0.96687	0.96687			6
2024.06.10	00:55:15.656	0.96688	0.96688			6
2024.06.10	00:55:15.687	0.96687	0.96687			6
2024.06.10	00:55:15.716	0.96686	0.96686			6
2024.06.10	00:55:15.745	0.96687	0.96687			6
2024.06.10	00:55:15.775	0.96688	0.96688			6
2024.06.10	00:55:15.866	0.96686	0.96686			6
2024.06.10	00:55:15.896	0.96693	0.96693			6
2024.06.10	00:55:15.955	0.96692	0.96692			6
2024.06.10	00:55:15.985	0.96700	0.96700			6
2024.06.10	00:55:16.016	0.96690	0.96690			6
2024.06.10	00:55:16.319	0.96688	0.96688			6
2024.06.10	00:55:17.447	0.96691	0.96691			6
2024.06.10	00:55:17.791	0.96693	0.96693			6
2024.06.10	00:55:17.821	0.96699	0.96699			6
2024.06.10	00:55:17.851	0.96689	0.96689			6
2024.06.10	00:55:18.396	0.96690	0.96690			6
2024.06.10	00:55:18.666	0.96687	0.96687			6
2024.06.10	00:55:18.696	0.96688	0.96688			6
2024.06.10	00:55:18.726	0.96687	0.96687			6
2024.06.10	00:55:18.756	0.96688	0.96688			6
2024.06.10	00:55:18.786	0.96692	0.96692			6
2024.06.10	00:55:18.815	0.96691	0.96691			6
2024.06.10	00:55:18.846	0.96688	0.96688			6
2024.06.10	00:55:18.875	0.96694	0.96694			6
2024.06.10	00:55:18.905	0.96692	0.96692			6
2024.06.10	00:55:18.935	0.96693	0.96693			6
2024.06.10	00:55:18.965	0.96694	0.96694			6
2024.06.10	00:55:19.056	0.96693	0.96693			6
2024.06.10	00:55:19.086	0.96694	0.96694			6
2024.06.10	00:55:19.115	0.96698	0.96698			6
2024.06.10	00:55:19.146	0.96696	0.96696			6
2024.06.10	00:55:19.236	0.96698	0.96698			6
2024.06.10	00:55:19.266	0.96696	0.96696			6
2024.06.10	00:55:19.296	0.96695	0.96695			6
2024.06.10	00:55:19.327	0.96696	0.96696			6
2024.06.10	00:55:19.386	0.96698	0.96698			6
2024.06.10	00:55:19.453	0.96697	0.96697			6
2024.06.10	00:55:19.483	0.96698	0.96698			6
2024.06.10	00:55:19.513	0.96696	0.96696			6
2024.06.10	00:55:19.633	0.96688	0.96688			6
2024.06.10	00:55:20.225	0.96687	0.96687			6
2024.06.10	00:55:20.285	0.96688	0.96688			6
2024.06.10	00:55:20.346	0.96695	0.96695			6
2024.06.10	00:55:20.375	0.96688	0.96688			6
2024.06.10	00:55:20.405	0.96686	0.96686			6
2024.06.10	00:55:20.435	0.96687	0.96687			6
2024.06.10	00:55:20.464	0.96698	0.96698			6
2024.06.10	00:55:20.494	0.96702	0.96702			6
2024.06.10	00:55:20.525	0.96701	0.96701			6
2024.06.10	00:55:20.572	0.96699	0.96699			6
2024.06.10	00:55:20.602	0.96701	0.96701			6
2024.06.10	00:55:21.245	0.96700	0.96700			6
2024.06.10	00:55:21.277	0.96701	0.96701			6
2024.06.10	00:55:21.595	0.96693	0.96693			6
2024.06.10	00:55:21.625	0.96690	0.96690			6
2024.06.10	00:55:21.686	0.96689	0.96689			6
2024.06.10	00:55:23.300	0.96688	0.96688			6
2024.06.10	00:55:23.375	0.96685	0.96685			6
2024.06.10	00:55:23.805	0.96686	0.96686			6
2024.06.10	00:55:23.865	0.96687	0.96687			6
2024.06.10	00:55:23.926	0.96685	0.96685			6
2024.06.10	00:55:23.956	0.96687	0.96687			6
2024.06.10	00:55:25.833	0.96686	0.96686			6
2024.06.10	00:55:25.893	0.96684	0.96684			6
2024.06.10	00:55:27.082	0.96685	0.96685			6
2024.06.10	00:55:35.087	0.96683	0.96683			6
2024.06.10	00:55:35.117	0.96682	0.96682			6
2024.06.10	00:55:35.147	0.96684	0.96684			6
2024.06.10	00:55:37.467	0.96687	0.96687			6
2024.06.10	00:55:37.527	0.96681	0.96681			6
2024.06.10	00:55:37.646	0.96687	0.96687			6
2024.06.10	00:55:37.846	0.96682	0.96682			6
2024.06.10	00:55:37.906	0.96685	0.96685			6
2024.06.10	00:55:37.994	0.96687	0.96687			6
2024.06.10	00:55:38.529	0.96689	0.96689			6
2024.06.10	00:55:38.559	0.96682	0.96682			6
2024.06.10	00:55:38.853	0.96687	0.96687			6
2024.06.10	00:55:39.521	0.96681	0.96681			6
2024.06.10	00:55:39.787	0.96684	0.96684			6
2024.06.10	00:55:40.017	0.96685	0.96685			6
2024.06.10	00:55:40.077	0.96683	0.96683			6
2024.06.10	00:55:40.107	0.96682	0.96682			6
2024.06.10	00:55:40.523	0.96684	0.96684			6
2024.06.10	00:55:41.075	0.96683	0.96683			6
2024.06.10	00:55:41.104	0.96684	0.96684			6
2024.06.10	00:55:44.461	0.96681	0.96681			6
2024.06.10	00:55:44.490	0.96680	0.96680			6
2024.06.10	00:55:44.880	0.96679	0.96679			6
2024.06.10	00:55:44.992	0.96681	0.96681			6
2024.06.10	00:55:47.964	0.96677	0.96677			6
2024.06.10	00:55:49.024	0.96681	0.96681			6
2024.06.10	00:55:50.873	0.96684	0.96684			6
2024.06.10	00:55:51.517	0.96685	0.96685			6
2024.06.10	00:55:52.567	0.96682	0.96682			6
2024.06.10	00:55:52.764	0.96683	0.96683			6
2024.06.10	00:55:55.081	0.96680	0.96680			6
2024.06.10	00:55:55.142	0.96681	0.96681			6
2024.06.10	00:55:55.171	0.96683	0.96683			6
2024.06.10	00:55:56.580	0.96682	0.96682			6
2024.06.10	00:55:57.193	0.96681	0.96681			6
2024.06.10	00:55:59.279	0.96669	0.96669			6
2024.06.10	00:55:59.984	0.96668	0.96668			6
2024.06.10	00:56:00.856	0.96681	0.96681			6
2024.06.10	00:56:03.033	0.96669	0.96669			6
2024.06.10	00:56:03.800	0.96673	0.96673			6
2024.06.10	00:56:03.912	0.96683	0.96683			6
2024.06.10	00:56:05.474	0.96682	0.96682			6
2024.06.10	00:56:05.877	0.96681	0.96681			6
2024.06.10	00:56:05.956	0.96682	0.96682			6
2024.06.10	00:56:05.986	0.96683	0.96683			6
2024.06.10	00:56:06.793	0.96670	0.96670			6
2024.06.10	00:56:08.667	0.96682	0.96682			6
2024.06.10	00:56:10.276	0.96684	0.96684			6
2024.06.10	00:56:10.886	0.96682	0.96682			6
2024.06.10	00:56:12.470	0.96683	0.96683			6
2024.06.10	00:56:12.530	0.96682	0.96682			6
2024.06.10	00:56:12.591	0.96684	0.96684			6
2024.06.10	00:56:13.700	0.96683	0.96683			6
2024.06.10	00:56:13.761	0.96682	0.96682			6
2024.06.10	00:56:14.263	0.96683	0.96683			6
2024.06.10	00:56:15.687	0.96684	0.96684			6
2024.06.10	00:56:19.271	0.96693	0.96693			6
2024.06.10	00:56:19.331	0.96692	0.96692			6
2024.06.10	00:56:21.211	0.96687	0.96687			6
2024.06.10	00:56:21.487	0.96688	0.96688			6
2024.06.10	00:56:21.732	0.96690	0.96690			6
2024.06.10	00:56:21.762	0.96691	0.96691			6
2024.06.10	00:56:22.241	0.96689	0.96689			6
2024.06.10	00:56:22.271	0.96688	0.96688			6
2024.06.10	00:56:23.413	0.96687	0.96687			6
2024.06.10	00:56:23.900	0.96688	0.96688			6
2024.06.10	00:56:23.960	0.96684	0.96684			6
2024.06.10	00:56:24.021	0.96686	0.96686			6
2024.06.10	00:56:24.441	0.96688	0.96688			6
2024.06.10	00:56:30.570	0.96682	0.96682			6
2024.06.10	00:56:30.720	0.96691	0.96691			6
2024.06.10	00:56:30.782	0.96683	0.96683			6
2024.06.10	00:56:31.388	0.96690	0.96690			6
2024.06.10	00:56:32.514	0.96685	0.96685			6
2024.06.10	00:56:32.604	0.96687	0.96687			6
2024.06.10	00:56:32.634	0.96688	0.96688			6
2024.06.10	00:56:33.561	0.96684	0.96684			6
2024.06.10	00:56:33.650	0.96686	0.96686			6
2024.06.10	00:56:38.000	0.96680	0.96680			6
2024.06.10	00:56:38.298	0.96681	0.96681			6
2024.06.10	00:56:39.144	0.96680	0.96680			6
2024.06.10	00:56:39.986	0.96679	0.96679			6
2024.06.10	00:56:41.606	0.96680	0.96680			6
2024.06.10	00:56:43.562	0.96681	0.96681			6
2024.06.10	00:56:45.072	0.96683	0.96683			6
2024.06.10	00:56:45.553	0.96681	0.96681			6
2024.06.10	00:56:46.053	0.96682	0.96682			6
2024.06.10	00:56:46.578	0.96681	0.96681			6
2024.06.10	00:56:48.027	0.96682	0.96682			6
2024.06.10	00:56:48.088	0.96669	0.96669			6
2024.06.10	00:56:48.117	0.96681	0.96681			6
2024.06.10	00:56:48.421	0.96680	0.96680			6
2024.06.10	00:56:48.674	0.96678	0.96678			6
2024.06.10	00:56:49.419	0.96664	0.96664			6
2024.06.10	00:56:49.449	0.96665	0.96665			6
2024.06.10	00:56:49.522	0.96664	0.96664			6
2024.06.10	00:56:50.003	0.96665	0.96665			6
2024.06.10	00:56:50.092	0.96666	0.96666			6
2024.06.10	00:56:50.125	0.96665	0.96665			6
2024.06.10	00:56:50.762	0.96679	0.96679			6
2024.06.10	00:56:51.318	0.96666	0.96666			6
2024.06.10	00:56:51.354	0.96664	0.96664			6
2024.06.10	00:56:53.473	0.96665	0.96665			6
2024.06.10	00:56:53.779	0.96666	0.96666			6
2024.06.10	00:56:55.253	0.96667	0.96667			6
2024.06.10	00:56:55.283	0.96666	0.96666			6
2024.06.10	00:56:56.685	0.96680	0.96680			6
2024.06.10	00:56:56.746	0.96667	0.96667			6
2024.06.10	00:56:57.475	0.96668	0.96668			6
2024.06.10	00:56:57.536	0.96667	0.96667			6
2024.06.10	00:56:58.806	0.96676	0.96676			6
2024.06.10	00:56:58.866	0.96679	0.96679			6
2024.06.10	00:56:58.896	0.96676	0.96676			6
2024.06.10	00:56:58.985	0.96675	0.96675			6
2024.06.10	00:56:59.407	0.96670	0.96670			6
2024.06.10	00:56:59.467	0.96671	0.96671			6
2024.06.10	00:56:59.770	0.96662	0.96662			6
2024.06.10	00:56:59.831	0.96670	0.96670			6
2024.06.10	00:57:00.083	0.96670				2
2024.06.10	00:57:00.519	0.96662	0.96662			6
2024.06.10	00:57:00.907	0.96663	0.96663			6
2024.06.10	00:57:02.663	0.96662	0.96662			6
2024.06.10	00:57:03.023	0.96646	0.96646			6
2024.06.10	00:57:03.511	0.96644	0.96644			6
2024.06.10	00:57:03.883	0.96642	0.96642			6
2024.06.10	00:57:04.113	0.96641	0.96641			6
2024.06.10	00:57:04.143	0.96640	0.96640			6
2024.06.10	00:57:04.660	0.96648	0.96648			6
2024.06.10	00:57:05.281	0.96647	0.96647			6
2024.06.10	00:57:05.581	0.96648	0.96648			6
2024.06.10	00:57:05.670	0.96647	0.96647			6
2024.06.10	00:57:12.200	0.96648	0.96648			6
2024.06.10	00:57:12.278	0.96647	0.96647			6
2024.06.10	00:57:12.760	0.96646	0.96646			6
2024.06.10	00:57:14.090	0.96645	0.96645			6
2024.06.10	00:57:14.150	0.96646	0.96646			6
2024.06.10	00:57:17.575	0.96662	0.96662			6
2024.06.10	00:57:22.386	0.96646	0.96646			6
2024.06.10	00:57:23.280	0.96645	0.96645			6
2024.06.10	00:57:25.512	0.96646	0.96646			6
2024.06.10	00:57:25.543	0.96648	0.96648			6
2024.06.10	00:57:25.970	0.96643	0.96643			6
2024.06.10	00:57:27.491	0.96647	0.96647			6
2024.06.10	00:57:27.552	0.96648	0.96648			6
2024.06.10	00:57:28.965	0.96647	0.96647			6
2024.06.10	00:57:29.182	0.96649	0.96649			6
2024.06.10	00:57:29.982	0.96648	0.96648			6
2024.06.10	00:57:34.155	0.96650	0.96650			6
2024.06.10	00:57:35.591	0.96664	0.96664			6
2024.06.10	00:57:37.505	0.96639	0.96639			6
2024.06.10	00:57:38.181	0.96640	0.96640			6
2024.06.10	00:57:38.576	0.96641	0.96641			6
2024.06.10	00:57:38.647	0.96639	0.96639			6
2024.06.10	00:57:42.420	0.96637	0.96637			6
2024.06.10	00:57:56.257	0.96685	0.96685			6
2024.06.10	00:57:56.317	0.96689	0.96689			6
2024.06.10	00:57:56.378	0.96686	0.96686			6
2024.06.10	00:57:56.468	0.96688	0.96688			6
2024.06.10	00:57:56.499	0.96689	0.96689			6
2024.06.10	00:57:56.531	0.96690	0.96690			6
2024.06.10	00:57:56.561	0.96697	0.96697			6
2024.06.10	00:57:57.428	0.96696	0.96696			6
2024.06.10	00:57:57.489	0.96698	0.96698			6
2024.06.10	00:57:57.518	0.96691	0.96691			6
2024.06.10	00:57:57.578	0.96694	0.96694			6
2024.06.10	00:57:57.609	0.96698	0.96698			6
2024.06.10	00:57:57.637	0.96700	0.96700			6
2024.06.10	00:57:58.077	0.96695	0.96695			6
2024.06.10	00:57:58.138	0.96686	0.96686			6
2024.06.10	00:57:58.167	0.96695	0.96695			6
2024.06.10	00:57:58.406	0.96690	0.96690			6
2024.06.10	00:57:58.706	0.96695	0.96695			6
2024.06.10	00:57:58.766	0.96685	0.96685			6
2024.06.10	00:57:58.887	0.96692	0.96692			6
2024.06.10	00:57:59.187	0.96690	0.96690			6
2024.06.10	00:57:59.558	0.96696	0.96696			6
2024.06.10	00:57:59.738	0.96697	0.96697			6
2024.06.10	00:57:59.768	0.96700	0.96700			6
2024.06.10	00:58:00.116	0.96695	0.96695			6
2024.06.10	00:58:00.177	0.96693	0.96693			6
2024.06.10	00:58:00.235	0.96692	0.96692			6
2024.06.10	00:58:00.266	0.96695	0.96695			6
2024.06.10	00:58:00.356	0.96700	0.96700			6
2024.06.10	00:58:00.387	0.96699	0.96699			6
2024.06.10	00:58:00.417	0.96700	0.96700			6
2024.06.10	00:58:00.446	0.96698	0.96698			6
2024.06.10	00:58:00.477	0.96700	0.96700			6
2024.06.10	00:58:00.506	0.96697	0.96697			6
2024.06.10	00:58:00.537	0.96701	0.96701			6
2024.06.10	00:58:02.051	0.96670	0.96670			6
2024.06.10	00:58:02.141	0.96671	0.96671			6
2024.06.10	00:58:02.184	0.96670	0.96670			6
2024.06.10	00:58:02.215	0.96671	0.96671			6
2024.06.10	00:58:03.783	0.96669	0.96669			6
2024.06.10	00:58:04.052	0.96670	0.96670			6
2024.06.10	00:58:04.111	0.96669	0.96669			6
2024.06.10	00:58:04.143	0.96660	0.96660			6
2024.06.10	00:58:05.305	0.96668	0.96668			6
2024.06.10	00:58:06.188	0.96666	0.96666			6
2024.06.10	00:58:07.364	0.96661	0.96661			6
2024.06.10	00:58:07.921	0.96657	0.96657			6
2024.06.10	00:58:08.033	0.96668	0.96668			6
2024.06.10	00:58:08.152	0.96667	0.96667			6
2024.06.10	00:58:09.755	0.96638	0.96638			6
2024.06.10	00:58:10.528	0.96637	0.96637			6
2024.06.10	00:58:10.619	0.96651	0.96651			6
2024.06.10	00:58:10.709	0.96652	0.96652			6
2024.06.10	00:58:11.189	0.96650	0.96650			6
2024.06.10	00:58:11.673	0.96641	0.96641			6
2024.06.10	00:58:12.182	0.96634	0.96634			6
2024.06.10	00:58:12.300	0.96635	0.96635			6
2024.06.10	00:58:12.748	0.96636	0.96636			6
2024.06.10	00:58:13.391	0.96634	0.96634			6
2024.06.10	00:58:13.457	0.96633	0.96633			6
2024.06.10	00:58:14.276	0.96632	0.96632			6
2024.06.10	00:58:14.879	0.96640	0.96640			6
2024.06.10	00:58:14.970	0.96650	0.96650			6
2024.06.10	00:58:16.017	0.96643	0.96643			6
2024.06.10	00:58:16.093	0.96635	0.96635			6
2024.06.10	00:58:16.357	0.96636	0.96636			6
2024.06.10	00:58:16.517	0.96635	0.96635			6
2024.06.10	00:58:16.816	0.96636	0.96636			6
2024.06.10	00:58:18.790	0.96640	0.96640			6
2024.06.10	00:58:19.294	0.96634	0.96634			6
2024.06.10	00:58:19.370	0.96633	0.96633			6
2024.06.10	00:58:19.677	0.96639	0.96639			6
2024.06.10	00:58:19.728	0.96640	0.96640			6
2024.06.10	00:58:19.979	0.96634	0.96634			6
2024.06.10	00:58:20.040	0.96640	0.96640			6
2024.06.10	00:58:20.544	0.96635	0.96635			6
2024.06.10	00:58:22.341	0.96637	0.96637			6
2024.06.10	00:58:22.837	0.96640	0.96640			6
2024.06.10	00:58:31.688	0.96662	0.96662			6
2024.06.10	00:58:35.263	0.96663	0.96663			6
2024.06.10	00:58:36.461	0.96662	0.96662			6
2024.06.10	00:58:45.792	0.96642	0.96642			6
2024.06.10	00:58:52.975	0.96694	0.96694			6
2024.06.10	00:58:53.005	0.96691	0.96691			6
2024.06.10	00:58:53.468	0.96690	0.96690			6
2024.06.10	00:58:53.588	0.96689	0.96689			6
2024.06.10	00:58:54.392	0.96688	0.96688			6
2024.06.10	00:58:54.423	0.96689	0.96689			6
2024.06.10	00:58:54.546	0.96691	0.96691			6
2024.06.10	00:58:54.663	0.96689	0.96689			6
2024.06.10	00:58:54.693	0.96691	0.96691			6
2024.06.10	00:58:54.731	0.96689	0.96689			6
2024.06.10	00:58:54.759	0.96691	0.96691			6
2024.06.10	00:58:57.841	0.96702	0.96702			6
2024.06.10	00:58:57.871	0.96701	0.96701			6
2024.06.10	00:58:57.901	0.96705	0.96705			6
2024.06.10	00:58:57.931	0.96704	0.96704			6
2024.06.10	00:58:57.961	0.96701	0.96701			6
2024.06.10	00:58:58.021	0.96705	0.96705			6
2024.06.10	00:58:58.050	0.96703	0.96703			6
2024.06.10	00:58:58.081	0.96700	0.96700			6
2024.06.10	00:58:58.111	0.96699	0.96699			6
2024.06.10	00:58:58.170	0.96700	0.96700			6
2024.06.10	00:58:58.201	0.96691	0.96691			6
2024.06.10	00:58:58.741	0.96693	0.96693			6
2024.06.10	00:58:58.982	0.96702	0.96702			6
2024.06.10	00:58:59.011	0.96701	0.96701			6
2024.06.10	00:58:59.101	0.96702	0.96702			6
2024.06.10	00:58:59.131	0.96701	0.96701			6
2024.06.10	00:58:59.161	0.96700	0.96700			6
2024.06.10	00:58:59.191	0.96702	0.96702			6
2024.06.10	00:58:59.220	0.96700	0.96700			6
2024.06.10	00:58:59.280	0.96701	0.96701			6
2024.06.10	00:58:59.341	0.96702	0.96702			6
2024.06.10	00:58:59.371	0.96706	0.96706			6
2024.06.10	00:58:59.431	0.96705	0.96705			6
2024.06.10	00:58:59.491	0.96707	0.96707			6
2024.06.10	00:58:59.580	0.96705	0.96705			6
2024.06.10	00:58:59.611	0.96707	0.96707			6
2024.06.10	00:58:59.640	0.96705	0.96705			6
2024.06.10	00:58:59.671	0.96706	0.96706			6
2024.06.10	00:58:59.732	0.96701	0.96701			6
2024.06.10	00:58:59.762	0.96708	0.96708			6
2024.06.10	00:58:59.792	0.96707	0.96707			6
2024.06.10	00:58:59.852	0.96705	0.96705			6
2024.06.10	00:58:59.882	0.96707	0.96707			6
2024.06.10	00:58:59.912	0.96708	0.96708			6
2024.06.10	00:58:59.941	0.96706	0.96706			6
2024.06.10	00:58:59.972	0.96708	0.96708			6
2024.06.10	00:59:00.002	0.96707	0.96707			6
2024.06.10	00:59:00.031	0.96706	0.96706			6
2024.06.10	00:59:00.062	0.96709	0.96709			6
2024.06.10	00:59:00.092	0.96706	0.96706			6
2024.06.10	00:59:00.122	0.96708	0.96708			6
2024.06.10	00:59:00.152	0.96709	0.96709			6
2024.06.10	00:59:00.183	0.96708	0.96708			6
2024.06.10	00:59:00.241	0.96702	0.96702			6
2024.06.10	00:59:00.272	0.96707	0.96707			6
2024.06.10	00:59:00.301	0.96706	0.96706			6
2024.06.10	00:59:00.332	0.96709	0.96709			6
2024.06.10	00:59:00.362	0.96707	0.96707			6
2024.06.10	00:59:00.392	0.96708	0.96708			6
2024.06.10	00:59:00.452	0.96706	0.96706			6
2024.06.10	00:59:00.482	0.96709	0.96709			6
2024.06.10	00:59:00.543	0.96706	0.96706			6
2024.06.10	00:59:00.571	0.96709	0.96709			6
2024.06.10	00:59:00.602	0.96706	0.96706			6
2024.06.10	00:59:00.632	0.96709	0.96709			6
2024.06.10	00:59:00.693	0.96708	0.96708			6
2024.06.10	00:59:00.751	0.96706	0.96706			6
2024.06.10	00:59:00.781	0.96708	0.96708			6
2024.06.10	00:59:00.812	0.96701	0.96701			6
2024.06.10	00:59:00.842	0.96705	0.96705			6
2024.06.10	00:59:00.872	0.96708	0.96708			6
2024.06.10	00:59:00.962	0.96706	0.96706			6
2024.06.10	00:59:00.992	0.96709	0.96709			6
2024.06.10	00:59:01.051	0.96708	0.96708			6
2024.06.10	00:59:01.082	0.96709	0.96709			6
2024.06.10	00:59:01.111	0.96708	0.96708			6
2024.06.10	00:59:01.141	0.96706	0.96706			6
2024.06.10	00:59:01.172	0.96707	0.96707			6
2024.06.10	00:59:01.202	0.96709	0.96709			6
2024.06.10	00:59:01.261	0.96708	0.96708			6
2024.06.10	00:59:01.321	0.96709	0.96709			6
2024.06.10	00:59:01.351	0.96700	0.96700			6
2024.06.10	00:59:01.381	0.96710	0.96710			6
2024.06.10	00:59:01.411	0.96704	0.96704			6
2024.06.10	00:59:01.441	0.96709	0.96709			6
2024.06.10	00:59:01.501	0.96708	0.96708			6
2024.06.10	00:59:01.531	0.96710	0.96710			6
2024.06.10	00:59:01.593	0.96700	0.96700			6
2024.06.10	00:59:01.652	0.96702	0.96702			6
2024.06.10	00:59:01.683	0.96710	0.96710			6
2024.06.10	00:59:01.712	0.96702	0.96702			6
2024.06.10	00:59:01.742	0.96708	0.96708			6
2024.06.10	00:59:01.772	0.96704	0.96704			6
2024.06.10	00:59:01.802	0.96708	0.96708			6
2024.06.10	00:59:01.831	0.96711	0.96711			6
2024.06.10	00:59:01.864	0.96708	0.96708			6
2024.06.10	00:59:01.895	0.96710	0.96710			6
2024.06.10	00:59:01.956	0.96702	0.96702			6
2024.06.10	00:59:02.016	0.96710	0.96710			6
2024.06.10	00:59:02.076	0.96711	0.96711			6
2024.06.10	00:59:02.166	0.96710	0.96710			6
2024.06.10	00:59:02.226	0.96708	0.96708			6
2024.06.10	00:59:02.255	0.96711	0.96711			6
2024.06.10	00:59:02.285	0.96702	0.96702			6
2024.06.10	00:59:02.316	0.96710	0.96710			6
2024.06.10	00:59:02.388	0.96711	0.96711			6
2024.06.10	00:59:02.689	0.96702	0.96702			6
2024.06.10	00:59:02.768	0.96711	0.96711			6
2024.06.10	00:59:02.827	0.96708	0.96708			6
2024.06.10	00:59:02.857	0.96710	0.96710			6
2024.06.10	00:59:02.886	0.96711	0.96711			6
2024.06.10	00:59:03.175	0.96702	0.96702			6
2024.06.10	00:59:03.477	0.96701	0.96701			6
2024.06.10	00:59:03.948	0.96700	0.96700			6
2024.06.10	00:59:05.162	0.96693	0.96693			6
2024.06.10	00:59:05.633	0.96698	0.96698			6
2024.06.10	00:59:06.238	0.96710	0.96710			6
2024.06.10	00:59:06.298	0.96711	0.96711			6
2024.06.10	00:59:06.644	0.96698	0.96698			6
2024.06.10	00:59:06.735	0.96710	0.96710			6
2024.06.10	00:59:06.766	0.96709	0.96709			6
2024.06.10	00:59:06.795	0.96711	0.96711			6
2024.06.10	00:59:06.825	0.96712	0.96712			6
2024.06.10	00:59:06.886	0.96711	0.96711			6
2024.06.10	00:59:07.282	0.96701	0.96701			6
2024.06.10	00:59:07.342	0.96711	0.96711			6
2024.06.10	00:59:07.402	0.96709	0.96709			6
2024.06.10	00:59:07.431	0.96711	0.96711			6
2024.06.10	00:59:07.465	0.96709	0.96709			6
2024.06.10	00:59:07.496	0.96711	0.96711			6
2024.06.10	00:59:07.760	0.96700	0.96700			6
2024.06.10	00:59:07.820	0.96709	0.96709			6
2024.06.10	00:59:07.850	0.96708	0.96708			6
2024.06.10	00:59:07.881	0.96711	0.96711			6
2024.06.10	00:59:07.910	0.96709	0.96709			6
2024.06.10	00:59:07.941	0.96711	0.96711			6
2024.06.10	00:59:08.006	0.96710	0.96710			6
2024.06.10	00:59:08.036	0.96715	0.96715			6
2024.06.10	00:59:08.174	0.96709	0.96709			6
2024.06.10	00:59:09.479	0.96707	0.96707			6
2024.06.10	00:59:09.509	0.96714	0.96714			6
2024.06.10	00:59:09.539	0.96715	0.96715			6
2024.06.10	00:59:10.363	0.96721	0.96721			6
2024.06.10	00:59:11.986	0.96719	0.96719			6
2024.06.10	00:59:12.053	0.96717	0.96717			6
2024.06.10	00:59:12.114	0.96715	0.96715			6
2024.06.10	00:59:12.145	0.96713	0.96713			6
2024.06.10	00:59:12.204	0.96714	0.96714			6
2024.06.10	00:59:12.264	0.96715	0.96715			6
2024.06.10	00:59:12.294	0.96717	0.96717			6
2024.06.10	00:59:12.386	0.96722	0.96722			6
2024.06.10	00:59:12.456	0.96713	0.96713			6
2024.06.10	00:59:13.376	0.96722	0.96722			6
2024.06.10	00:59:13.466	0.96715	0.96715			6
2024.06.10	00:59:14.583	0.96720	0.96720			6
2024.06.10	00:59:14.858	0.96715	0.96715			6
2024.06.10	00:59:14.918	0.96714	0.96714			6
2024.06.10	00:59:14.947	0.96715	0.96715			6
2024.06.10	00:59:15.097	0.96703	0.96703			6
2024.06.10	00:59:16.380	0.96707	0.96707			6
2024.06.10	00:59:16.446	0.96715	0.96715			6
2024.06.10	00:59:16.475	0.96713	0.96713			6
2024.06.10	00:59:16.506	0.96711	0.96711			6
2024.06.10	00:59:16.536	0.96716	0.96716			6
2024.06.10	00:59:16.565	0.96714	0.96714			6
2024.06.10	00:59:16.887	0.96716	0.96716			6
2024.06.10	00:59:16.917	0.96713	0.96713			6
2024.06.10	00:59:16.947	0.96711	0.96711			6
2024.06.10	00:59:16.978	0.96713	0.96713			6
2024.06.10	00:59:17.038	0.96714	0.96714			6
2024.06.10	00:59:17.068	0.96713	0.96713			6
2024.06.10	00:59:17.099	0.96711	0.96711			6
2024.06.10	00:59:17.128	0.96704	0.96704			6
2024.06.10	00:59:17.193	0.96713	0.96713			6
2024.06.10	00:59:17.222	0.96700	0.96700			6
2024.06.10	00:59:17.678	0.96701	0.96701			6
2024.06.10	00:59:18.294	0.96700	0.96700			6
2024.06.10	00:59:19.974	0.96702	0.96702			6
2024.06.10	00:59:20.337	0.96710	0.96710			6
2024.06.10	00:59:20.367	0.96712	0.96712			6
2024.06.10	00:59:20.397	0.96710	0.96710			6
2024.06.10	00:59:20.427	0.96712	0.96712			6
2024.06.10	00:59:20.457	0.96713	0.96713			6
2024.06.10	00:59:20.547	0.96705	0.96705			6
2024.06.10	00:59:20.577	0.96713	0.96713			6
2024.06.10	00:59:20.636	0.96712	0.96712			6
2024.06.10	00:59:20.877	0.96710	0.96710			6
2024.06.10	00:59:20.907	0.96711	0.96711			6
2024.06.10	00:59:21.244	0.96712	0.96712			6
2024.06.10	00:59:21.272	0.96713	0.96713			6
2024.06.10	00:59:21.302	0.96712	0.96712			6
2024.06.10	00:59:21.452	0.96710	0.96710			6
2024.06.10	00:59:21.542	0.96712	0.96712			6
2024.06.10	00:59:21.572	0.96710	0.96710			6
2024.06.10	00:59:21.603	0.96712	0.96712			6
2024.06.10	00:59:21.662	0.96713	0.96713			6
2024.06.10	00:59:21.723	0.96711	0.96711			6
2024.06.10	00:59:21.753	0.96712	0.96712			6
2024.06.10	00:59:21.782	0.96713	0.96713			6
2024.06.10	00:59:21.812	0.96712	0.96712			6
2024.06.10	00:59:21.934	0.96713	0.96713			6
2024.06.10	00:59:21.964	0.96712	0.96712			6
2024.06.10	00:59:22.054	0.96709	0.96709			6
2024.06.10	00:59:22.084	0.96712	0.96712			6
2024.06.10	00:59:22.175	0.96713	0.96713			6
2024.06.10	00:59:22.206	0.96711	0.96711			6
2024.06.10	00:59:22.235	0.96712	0.96712			6
2024.06.10	00:59:22.267	0.96711	0.96711			6
2024.06.10	00:59:22.298	0.96712	0.96712			6
2024.06.10	00:59:22.327	0.96709	0.96709			6
2024.06.10	00:59:22.357	0.96711	0.96711			6
2024.06.10	00:59:22.387	0.96712	0.96712			6
2024.06.10	00:59:22.417	0.96711	0.96711			6
2024.06.10	00:59:22.446	0.96712	0.96712			6
2024.06.10	00:59:22.506	0.96713	0.96713			6
2024.06.10	00:59:22.546	0.96711	0.96711			6
2024.06.10	00:59:22.576	0.96713	0.96713			6
2024.06.10	00:59:22.637	0.96711	0.96711			6
2024.06.10	00:59:22.667	0.96712	0.96712			6
2024.06.10	00:59:22.697	0.96711	0.96711			6
2024.06.10	00:59:22.727	0.96712	0.96712			6
2024.06.10	00:59:22.757	0.96710	0.96710			6
2024.06.10	00:59:22.787	0.96712	0.96712			6
2024.06.10	00:59:22.907	0.96710	0.96710			6
2024.06.10	00:59:22.937	0.96713	0.96713			6
2024.06.10	00:59:22.967	0.96712	0.96712			6
2024.06.10	00:59:22.996	0.96713	0.96713			6
2024.06.10	00:59:23.057	0.96712	0.96712			6
2024.06.10	00:59:23.087	0.96713	0.96713			6
2024.06.10	00:59:23.177	0.96711	0.96711			6
2024.06.10	00:59:23.207	0.96713	0.96713			6
2024.06.10	00:59:23.238	0.96711	0.96711			6
2024.06.10	00:59:23.268	0.96712	0.96712			6
2024.06.10	00:59:23.329	0.96713	0.96713			6
2024.06.10	00:59:23.389	0.96711	0.96711			6
2024.06.10	00:59:23.420	0.96713	0.96713			6
2024.06.10	00:59:23.449	0.96711	0.96711			6
2024.06.10	00:59:23.479	0.96713	0.96713			6
2024.06.10	00:59:23.539	0.96712	0.96712			6
2024.06.10	00:59:23.569	0.96713	0.96713			6
2024.06.10	00:59:23.599	0.96714	0.96714			6
2024.06.10	00:59:23.629	0.96711	0.96711			6
2024.06.10	00:59:23.658	0.96712	0.96712			6
2024.06.10	00:59:23.689	0.96710	0.96710			6
2024.06.10	00:59:23.719	0.96712	0.96712			6
2024.06.10	00:59:23.748	0.96713	0.96713			6
2024.06.10	00:59:23.780	0.96714	0.96714			6
2024.06.10	00:59:23.839	0.96713	0.96713			6
2024.06.10	00:59:23.929	0.96712	0.96712			6
2024.06.10	00:59:23.958	0.96713	0.96713			6
2024.06.10	00:59:23.988	0.96712	0.96712			6
2024.06.10	00:59:24.019	0.96714	0.96714			6
2024.06.10	00:59:24.049	0.96712	0.96712			6
2024.06.10	00:59:24.109	0.96713	0.96713			6
2024.06.10	00:59:24.170	0.96714	0.96714			6
2024.06.10	00:59:24.200	0.96712	0.96712			6
2024.06.10	00:59:24.231	0.96713	0.96713			6
2024.06.10	00:59:24.291	0.96712	0.96712			6
2024.06.10	00:59:24.321	0.96714	0.96714			6
2024.06.10	00:59:24.381	0.96712	0.96712			6
2024.06.10	00:59:24.412	0.96714	0.96714			6
2024.06.10	00:59:24.441	0.96712	0.96712			6
2024.06.10	00:59:24.471	0.96713	0.96713			6
2024.06.10	00:59:24.532	0.96711	0.96711			6
2024.06.10	00:59:24.562	0.96713	0.96713			6
2024.06.10	00:59:24.712	0.96712	0.96712			6
2024.06.10	00:59:24.774	0.96714	0.96714			6
2024.06.10	00:59:24.801	0.96713	0.96713			6
2024.06.10	00:59:24.861	0.96711	0.96711			6
2024.06.10	00:59:24.892	0.96707	0.96707			6
2024.06.10	00:59:24.922	0.96711	0.96711			6
2024.06.10	00:59:24.951	0.96713	0.96713			6
2024.06.10	00:59:25.012	0.96712	0.96712			6
2024.06.10	00:59:25.042	0.96713	0.96713			6
2024.06.10	00:59:25.131	0.96712	0.96712			6
2024.06.10	00:59:25.161	0.96713	0.96713			6
2024.06.10	00:59:25.191	0.96710	0.96710			6
2024.06.10	00:59:25.221	0.96712	0.96712			6
2024.06.10	00:59:25.251	0.96711	0.96711			6
2024.06.10	00:59:25.282	0.96713	0.96713			6
2024.06.10	00:59:25.312	0.96711	0.96711			6
2024.06.10	00:59:25.373	0.96714	0.96714			6
2024.06.10	00:59:25.432	0.96713	0.96713			6
2024.06.10	00:59:25.492	0.96704	0.96704			6
2024.06.10	00:59:25.522	0.96705	0.96705			6
2024.06.10	00:59:25.552	0.96712	0.96712			6
2024.06.10	00:59:25.611	0.96713	0.96713			6
2024.06.10	00:59:25.762	0.96711	0.96711			6
2024.06.10	00:59:25.793	0.96710	0.96710			6
2024.06.10	00:59:25.823	0.96714	0.96714			6
2024.06.10	00:59:25.853	0.96711	0.96711			6
2024.06.10	00:59:25.882	0.96712	0.96712			6
2024.06.10	00:59:25.913	0.96713	0.96713			6
2024.06.10	00:59:25.942	0.96712	0.96712			6
2024.06.10	00:59:25.972	0.96713	0.96713			6
2024.06.10	00:59:26.123	0.96711	0.96711			6
2024.06.10	00:59:26.154	0.96713	0.96713			6
2024.06.10	00:59:26.213	0.96712	0.96712			6
2024.06.10	00:59:26.243	0.96713	0.96713			6
2024.06.10	00:59:26.362	0.96714	0.96714			6
2024.06.10	00:59:26.424	0.96712	0.96712			6
2024.06.10	00:59:26.453	0.96711	0.96711			6
2024.06.10	00:59:26.483	0.96713	0.96713			6
2024.06.10	00:59:26.513	0.96711	0.96711			6
2024.06.10	00:59:26.543	0.96713	0.96713			6
2024.06.10	00:59:26.573	0.96714	0.96714			6
2024.06.10	00:59:26.602	0.96708	0.96708			6
2024.06.10	00:59:26.633	0.96713	0.96713			6
2024.06.10	00:59:26.664	0.96712	0.96712			6
2024.06.10	00:59:26.723	0.96714	0.96714			6
2024.06.10	00:59:26.753	0.96712	0.96712			6
2024.06.10	00:59:26.785	0.96714	0.96714			6
2024.06.10	00:59:26.814	0.96713	0.96713			6
2024.06.10	00:59:26.875	0.96703	0.96703			6
2024.06.10	00:59:27.903	0.96712	0.96712			6
2024.06.10	00:59:27.933	0.96713	0.96713			6
2024.06.10	00:59:27.963	0.96714	0.96714			6
2024.06.10	00:59:28.253	0.96703	0.96703			6
2024.06.10	00:59:28.323	0.96705	0.96705			6
2024.06.10	00:59:28.383	0.96711	0.96711			6
2024.06.10	00:59:28.413	0.96714	0.96714			6
2024.06.10	00:59:28.443	0.96712	0.96712			6
2024.06.10	00:59:28.472	0.96715	0.96715			6
2024.06.10	00:59:28.563	0.96703	0.96703			6
2024.06.10	00:59:29.644	0.96692	0.96692			6
2024.06.10	00:59:29.704	0.96700	0.96700			6
2024.06.10	00:59:31.079	0.96703	0.96703			6
2024.06.10	00:59:31.148	0.96705	0.96705			6
2024.06.10	00:59:31.177	0.96704	0.96704			6
2024.06.10	00:59:31.207	0.96710	0.96710			6
2024.06.10	00:59:31.238	0.96714	0.96714			6
2024.06.10	00:59:31.268	0.96712	0.96712			6
2024.06.10	00:59:31.298	0.96714	0.96714			6
2024.06.10	00:59:31.328	0.96712	0.96712			6
2024.06.10	00:59:31.358	0.96713	0.96713			6
2024.06.10	00:59:31.419	0.96703	0.96703			6
2024.06.10	00:59:32.446	0.96702	0.96702			6
2024.06.10	00:59:32.506	0.96713	0.96713			6
2024.06.10	00:59:32.536	0.96714	0.96714			6
2024.06.10	00:59:32.566	0.96712	0.96712			6
2024.06.10	00:59:32.596	0.96713	0.96713			6
2024.06.10	00:59:33.486	0.96702	0.96702			6
2024.06.10	00:59:33.559	0.96705	0.96705			6
2024.06.10	00:59:33.589	0.96704	0.96704			6
2024.06.10	00:59:33.620	0.96709	0.96709			6
2024.06.10	00:59:33.649	0.96713	0.96713			6
2024.06.10	00:59:33.709	0.96712	0.96712			6
2024.06.10	00:59:33.739	0.96713	0.96713			6
2024.06.10	00:59:33.799	0.96703	0.96703			6
2024.06.10	00:59:34.680	0.96704	0.96704			6
2024.06.10	00:59:34.741	0.96705	0.96705			6
2024.06.10	00:59:34.770	0.96704	0.96704			6
2024.06.10	00:59:34.800	0.96703	0.96703			6
2024.06.10	00:59:34.830	0.96713	0.96713			6
2024.06.10	00:59:34.860	0.96714	0.96714			6
2024.06.10	00:59:34.979	0.96700	0.96700			6
2024.06.10	00:59:35.812	0.96704	0.96704			6
2024.06.10	00:59:35.872	0.96701	0.96701			6
2024.06.10	00:59:36.183	0.96700	0.96700			6
2024.06.10	00:59:36.334	0.96699	0.96699			6
2024.06.10	00:59:36.776	0.96702	0.96702			6
2024.06.10	00:59:36.867	0.96698	0.96698			6
2024.06.10	00:59:37.272	0.96702	0.96702			6
2024.06.10	00:59:37.550	0.96701	0.96701			6
2024.06.10	00:59:37.611	0.96691	0.96691			6
2024.06.10	00:59:37.696	0.96701	0.96701			6
2024.06.10	00:59:38.107	0.96702	0.96702			6
2024.06.10	00:59:38.176	0.96691	0.96691			6
2024.06.10	00:59:38.266	0.96701	0.96701			6
2024.06.10	00:59:39.134	0.96700	0.96700			6
2024.06.10	00:59:40.568	0.96690	0.96690			6
2024.06.10	00:59:40.627	0.96700	0.96700			6
2024.06.10	00:59:42.191	0.96699	0.96699			6
2024.06.10	00:59:42.251	0.96704	0.96704			6
2024.06.10	00:59:42.281	0.96703	0.96703			6
2024.06.10	00:59:42.311	0.96702	0.96702			6
2024.06.10	00:59:42.341	0.96714	0.96714			6
2024.06.10	00:59:42.371	0.96715	0.96715			6
2024.06.10	00:59:42.401	0.96714	0.96714			6
2024.06.10	00:59:42.431	0.96715	0.96715			6
2024.06.10	00:59:42.761	0.96703	0.96703			6
2024.06.10	00:59:42.850	0.96696	0.96696			6
2024.06.10	00:59:43.296	0.96702	0.96702			6
2024.06.10	00:59:43.357	0.96701	0.96701			6
2024.06.10	00:59:43.717	0.96694	0.96694			6
2024.06.10	00:59:43.777	0.96702	0.96702			6
2024.06.10	00:59:44.172	0.96700	0.96700			6
2024.06.10	00:59:44.322	0.96711	0.96711			6
2024.06.10	00:59:44.352	0.96712	0.96712			6
2024.06.10	00:59:44.411	0.96713	0.96713			6
2024.06.10	00:59:44.703	0.96701	0.96701			6
2024.06.10	00:59:45.196	0.96702	0.96702			6
2024.06.10	00:59:45.259	0.96693	0.96693			6
2024.06.10	00:59:45.583	0.96701	0.96701			6
2024.06.10	00:59:47.891	0.96697	0.96697			6
2024.06.10	00:59:48.394	0.96688	0.96688			6
2024.06.10	00:59:48.453	0.96687	0.96687			6
2024.06.10	00:59:49.372	0.96674	0.96674			6
2024.06.10	00:59:50.292	0.96687	0.96687			6
2024.06.10	00:59:50.350	0.96686	0.96686			6
2024.06.10	00:59:50.441	0.96687	0.96687			6
2024.06.10	00:59:50.501	0.96686	0.96686			6
2024.06.10	00:59:50.771	0.96673	0.96673			6
2024.06.10	00:59:51.290	0.96671	0.96671			6
2024.06.10	00:59:51.663	0.96669	0.96669			6
2024.06.10	00:59:52.200	0.96663	0.96663			6
2024.06.10	00:59:52.554	0.96662	0.96662			6
2024.06.10	00:59:52.619	0.96659	0.96659			6
2024.06.10	00:59:53.579	0.96658	0.96658			6
2024.06.10	00:59:53.876	0.96660	0.96660			6
2024.06.10	00:59:55.463	0.96674	0.96674			6
2024.06.10	00:59:55.523	0.96682	0.96682			6
2024.06.10	00:59:55.703	0.96691	0.96691			6
2024.06.10	00:59:57.045	0.96690	0.96690			6
2024.06.10	00:59:57.165	0.96679	0.96679			6
2024.06.10	00:59:57.255	0.96692	0.96692			6
2024.06.10	00:59:58.036	0.96691	0.96691			6
2024.06.10	00:59:58.653	0.96696	0.96696			6
2024.06.10	00:59:58.713	0.96701	0.96701			6
