<DATE>	<TIME>	<BID>	<ASK>	<LAST>	<VOLUME>	<FLAGS>
2024.06.19	00:00:04.516	0.94961	0.94961			6
2024.06.19	00:00:04.798	0.94960	0.94960			6
2024.06.19	00:00:04.988	0.94953	0.94953			6
2024.06.19	00:00:05.337	0.94936	0.94936			6
2024.06.19	00:00:05.419	0.94934	0.94934			6
2024.06.19	00:00:10.034	0.94927	0.94927			6
2024.06.19	00:00:18.772	0.94941	0.94941			6
2024.06.19	00:00:32.037	0.94946	0.94946			6
2024.06.19	00:00:33.153	0.94948	0.94948			6
2024.06.19	00:01:07.119	0.94959	0.94959			6
2024.06.19	00:01:07.589	0.94970	0.94970			6
2024.06.19	00:01:07.618	0.94960	0.94960			6
2024.06.19	00:01:09.077	0.94956	0.94956			6
2024.06.19	00:01:46.742	0.94955	0.94955			6
2024.06.19	00:01:46.834	0.94956	0.94956			6
2024.06.19	00:01:46.905	0.94955	0.94955			6
2024.06.19	00:01:47.030	0.94956	0.94956			6
2024.06.19	00:01:47.060	0.94955	0.94955			6
2024.06.19	00:01:47.232	0.94956	0.94956			6
2024.06.19	00:01:47.356	0.94955	0.94955			6
2024.06.19	00:01:47.475	0.94956	0.94956			6
2024.06.19	00:01:47.550	0.94955	0.94955			6
2024.06.19	00:01:47.678	0.94956	0.94956			6
2024.06.19	00:01:47.787	0.94955	0.94955			6
2024.06.19	00:01:51.333	0.94956	0.94956			6
2024.06.19	00:02:08.731	0.94948	0.94948			6
2024.06.19	00:03:04.148	0.94947	0.94947			6
2024.06.19	00:03:41.333	0.94948	0.94948			6
2024.06.19	00:03:48.377	0.94956	0.94956			6
2024.06.19	00:04:11.378	0.94955	0.94955			6
2024.06.19	00:05:01.458	0.94941	0.94941			6
2024.06.19	00:05:03.861	0.94940	0.94940			6
2024.06.19	00:05:15.003	0.94927	0.94927			6
2024.06.19	00:05:28.247	0.94930	0.94930			6
2024.06.19	00:05:30.562	0.94929	0.94929			6
2024.06.19	00:05:59.404	0.94919	0.94919			6
2024.06.19	00:07:37.241	0.94921	0.94921			6
2024.06.19	00:08:02.139	0.94931	0.94931			6
2024.06.19	00:08:14.653	0.94921	0.94921			6
2024.06.19	00:08:33.573	0.94929	0.94929			6
2024.06.19	00:08:35.441	0.94948	0.94948			6
2024.06.19	00:08:35.532	0.94945	0.94945			6
2024.06.19	00:08:35.641	0.94948	0.94948			6
2024.06.19	00:08:35.733	0.94945	0.94945			6
2024.06.19	00:08:35.870	0.94948	0.94948			6
2024.06.19	00:08:35.952	0.94945	0.94945			6
2024.06.19	00:08:36.066	0.94948	0.94948			6
2024.06.19	00:08:36.177	0.94945	0.94945			6
2024.06.19	00:08:36.295	0.94948	0.94948			6
2024.06.19	00:08:36.386	0.94945	0.94945			6
2024.06.19	00:10:06.532	0.94977	0.94977			6
2024.06.19	00:10:41.900	0.94974	0.94974			6
2024.06.19	00:10:42.029	0.94975	0.94975			6
2024.06.19	00:10:42.940	0.94972	0.94972			6
2024.06.19	00:10:43.876	0.94975	0.94975			6
2024.06.19	00:10:49.048	0.94980	0.94980			6
2024.06.19	00:11:01.903	0.94979	0.94979			6
2024.06.19	00:11:09.402	0.94975	0.94975			6
2024.06.19	00:11:18.232	0.94969	0.94969			6
2024.06.19	00:12:01.938	0.94973	0.94973			6
2024.06.19	00:12:11.981	0.94981	0.94981			6
2024.06.19	00:12:12.179	0.94983	0.94983			6
2024.06.19	00:12:13.583	0.94985	0.94985			6
2024.06.19	00:12:19.792	0.94982	0.94982			6
2024.06.19	00:12:22.023	0.94983	0.94983			6
2024.06.19	00:12:25.232	0.94984	0.94984			6
2024.06.19	00:12:27.782	0.94981	0.94981			6
2024.06.19	00:12:32.018	0.94983	0.94983			6
2024.06.19	00:12:32.090	0.94981	0.94981			6
2024.06.19	00:12:33.939	0.94985	0.94985			6
2024.06.19	00:12:33.999	0.94981	0.94981			6
2024.06.19	00:12:37.652	0.94977	0.94977			6
2024.06.19	00:12:37.682	0.94983	0.94983			6
2024.06.19	00:12:39.169	0.94973	0.94973			6
2024.06.19	00:12:39.199	0.94983	0.94983			6
2024.06.19	00:12:39.764	0.94990	0.94990			6
2024.06.19	00:12:43.941	0.94991	0.94991			6
2024.06.19	00:12:47.762	0.94992	0.94992			6
2024.06.19	00:12:49.733	0.94990	0.94990			6
2024.06.19	00:12:50.187	0.94983	0.94983			6
2024.06.19	00:12:50.217	0.94990	0.94990			6
2024.06.19	00:12:51.053	0.94983	0.94983			6
2024.06.19	00:12:51.084	0.94980	0.94980			6
2024.06.19	00:12:51.114	0.94973	0.94973			6
2024.06.19	00:12:51.144	0.94969	0.94969			6
2024.06.19	00:12:51.294	0.94971	0.94971			6
2024.06.19	00:12:51.809	0.94969	0.94969			6
2024.06.19	00:12:52.945	0.94968	0.94968			6
2024.06.19	00:12:53.006	0.94976	0.94976			6
2024.06.19	00:12:53.037	0.94971	0.94971			6
2024.06.19	00:12:53.095	0.94967	0.94967			6
2024.06.19	00:12:53.245	0.94972	0.94972			6
2024.06.19	00:12:53.276	0.94968	0.94968			6
2024.06.19	00:12:53.337	0.94973	0.94973			6
2024.06.19	00:12:53.367	0.94968	0.94968			6
2024.06.19	00:12:54.369	0.94966	0.94966			6
2024.06.19	00:12:59.447	0.94967	0.94967			6
2024.06.19	00:13:00.100	0.94961	0.94961			6
2024.06.19	00:13:00.159	0.94968	0.94968			6
2024.06.19	00:13:00.422	0.94961	0.94961			6
2024.06.19	00:13:02.120	0.94963	0.94963			6
2024.06.19	00:13:02.149	0.94960	0.94960			6
2024.06.19	00:13:02.179	0.94967	0.94967			6
2024.06.19	00:13:02.209	0.94962	0.94962			6
2024.06.19	00:13:03.704	0.94968	0.94968			6
2024.06.19	00:13:03.734	0.94965	0.94965			6
2024.06.19	00:13:04.670	0.94967	0.94967			6
2024.06.19	00:13:05.801	0.94971	0.94971			6
2024.06.19	00:13:05.830	0.94973	0.94973			6
2024.06.19	00:13:08.090	0.94975	0.94975			6
2024.06.19	00:13:08.149	0.94973	0.94973			6
2024.06.19	00:13:13.537	0.94975	0.94975			6
2024.06.19	00:13:13.569	0.94976	0.94976			6
2024.06.19	00:13:13.762	0.94977	0.94977			6
2024.06.19	00:13:14.950	0.94978	0.94978			6
2024.06.19	00:13:15.069	0.94979	0.94979			6
2024.06.19	00:13:15.160	0.94980	0.94980			6
2024.06.19	00:13:17.075	0.94979	0.94979			6
2024.06.19	00:13:18.246	0.94980	0.94980			6
2024.06.19	00:13:19.748	0.94979	0.94979			6
2024.06.19	00:13:19.892	0.94980	0.94980			6
2024.06.19	00:13:22.112	0.94981	0.94981			6
2024.06.19	00:13:29.609	0.94983	0.94983			6
2024.06.19	00:13:36.247	0.94982	0.94982			6
2024.06.19	00:13:36.770	0.94983	0.94983			6
2024.06.19	00:13:42.561	0.94984	0.94984			6
2024.06.19	00:13:45.740	0.94983	0.94983			6
2024.06.19	00:13:46.138	0.94982	0.94982			6
2024.06.19	00:13:46.738	0.94983	0.94983			6
2024.06.19	00:13:46.947	0.94982	0.94982			6
2024.06.19	00:13:47.007	0.94983	0.94983			6
2024.06.19	00:13:47.079	0.94982	0.94982			6
2024.06.19	00:13:47.139	0.94983	0.94983			6
2024.06.19	00:13:47.201	0.94982	0.94982			6
2024.06.19	00:13:47.281	0.94983	0.94983			6
2024.06.19	00:13:47.351	0.94982	0.94982			6
2024.06.19	00:13:47.472	0.94983	0.94983			6
2024.06.19	00:13:47.501	0.94982	0.94982			6
2024.06.19	00:13:47.531	0.94983	0.94983			6
2024.06.19	00:13:48.153	0.94984	0.94984			6
2024.06.19	00:14:00.160	0.94983	0.94983			6
2024.06.19	00:14:00.430	0.94984	0.94984			6
2024.06.19	00:14:00.529	0.94983	0.94983			6
2024.06.19	00:14:02.038	0.94984	0.94984			6
2024.06.19	00:14:03.858	0.94985	0.94985			6
2024.06.19	00:14:07.951	0.94987	0.94987			6
2024.06.19	00:14:08.070	0.94986	0.94986			6
2024.06.19	00:14:08.251	0.94987	0.94987			6
2024.06.19	00:14:16.433	0.94988	0.94988			6
2024.06.19	00:14:18.931	0.94989	0.94989			6
2024.06.19	00:14:18.960	0.94990	0.94990			6
2024.06.19	00:14:19.959	0.94991	0.94991			6
2024.06.19	00:14:22.147	0.94990	0.94990			6
2024.06.19	00:14:40.760	0.94989	0.94989			6
2024.06.19	00:14:45.243	0.94988	0.94988			6
2024.06.19	00:14:50.758	0.94985	0.94985			6
2024.06.19	00:14:50.834	0.94984	0.94984			6
2024.06.19	00:14:55.011	0.94985	0.94985			6
2024.06.19	00:14:58.532	0.94987	0.94987			6
2024.06.19	00:15:00.061	0.94986	0.94986			6
2024.06.19	00:15:00.091	0.94982	0.94982			6
2024.06.19	00:15:00.151	0.94981	0.94981			6
2024.06.19	00:15:00.525	0.94982	0.94982			6
2024.06.19	00:15:00.555	0.94981	0.94981			6
2024.06.19	00:15:00.865	0.94979	0.94979			6
2024.06.19	00:15:01.162	0.94980	0.94980			6
2024.06.19	00:15:01.192	0.94977	0.94977			6
2024.06.19	00:15:02.076	0.94974	0.94974			6
2024.06.19	00:15:03.201	0.94975	0.94975			6
2024.06.19	00:15:03.546	0.94980	0.94980			6
2024.06.19	00:15:03.576	0.94975	0.94975			6
2024.06.19	00:15:04.138	0.94974	0.94974			6
2024.06.19	00:15:04.539	0.94977	0.94977			6
2024.06.19	00:15:05.669	0.94978	0.94978			6
2024.06.19	00:15:12.065	0.94977	0.94977			6
2024.06.19	00:15:14.193	0.94976	0.94976			6
2024.06.19	00:15:15.562	0.94975	0.94975			6
2024.06.19	00:15:19.666	0.94976	0.94976			6
2024.06.19	00:15:20.704	0.94977	0.94977			6
2024.06.19	00:15:20.734	0.94979	0.94979			6
2024.06.19	00:15:20.763	0.94978	0.94978			6
2024.06.19	00:15:20.853	0.94979	0.94979			6
2024.06.19	00:15:21.044	0.94970	0.94970			6
2024.06.19	00:15:21.073	0.94978	0.94978			6
2024.06.19	00:15:22.010	0.94979	0.94979			6
2024.06.19	00:15:22.041	0.94977	0.94977			6
2024.06.19	00:15:23.700	0.94978	0.94978			6
2024.06.19	00:15:25.133	0.94977	0.94977			6
2024.06.19	00:15:25.162	0.94975	0.94975			6
2024.06.19	00:15:25.488	0.94976	0.94976			6
2024.06.19	00:15:25.519	0.94974	0.94974			6
2024.06.19	00:15:29.610	0.94968	0.94968			6
2024.06.19	00:15:29.640	0.94974	0.94974			6
2024.06.19	00:15:30.588	0.94973	0.94973			6
2024.06.19	00:15:30.618	0.94976	0.94976			6
2024.06.19	00:15:30.647	0.94975	0.94975			6
2024.06.19	00:15:30.709	0.94977	0.94977			6
2024.06.19	00:15:30.739	0.94975	0.94975			6
2024.06.19	00:15:30.919	0.94973	0.94973			6
2024.06.19	00:15:30.948	0.94976	0.94976			6
2024.06.19	00:15:30.978	0.94973	0.94973			6
2024.06.19	00:15:31.245	0.94975	0.94975			6
2024.06.19	00:15:31.329	0.94981	0.94981			6
2024.06.19	00:15:31.360	0.94977	0.94977			6
2024.06.19	00:15:31.420	0.94976	0.94976			6
2024.06.19	00:15:31.687	0.94977	0.94977			6
2024.06.19	00:15:31.717	0.94978	0.94978			6
2024.06.19	00:15:31.746	0.94977	0.94977			6
2024.06.19	00:15:32.011	0.94971	0.94971			6
2024.06.19	00:15:32.040	0.94976	0.94976			6
2024.06.19	00:15:32.101	0.94975	0.94975			6
2024.06.19	00:15:33.935	0.94976	0.94976			6
2024.06.19	00:15:33.995	0.94975	0.94975			6
2024.06.19	00:15:41.126	0.94976	0.94976			6
2024.06.19	00:15:41.156	0.94975	0.94975			6
2024.06.19	00:15:41.721	0.94974	0.94974			6
2024.06.19	00:15:42.274	0.94968	0.94968			6
2024.06.19	00:15:42.304	0.94974	0.94974			6
2024.06.19	00:15:45.053	0.94968	0.94968			6
2024.06.19	00:15:45.083	0.94974	0.94974			6
2024.06.19	00:15:46.552	0.94968	0.94968			6
2024.06.19	00:15:46.581	0.94975	0.94975			6
2024.06.19	00:15:46.612	0.94974	0.94974			6
2024.06.19	00:15:46.821	0.94976	0.94976			6
2024.06.19	00:15:46.881	0.94978	0.94978			6
2024.06.19	00:15:46.958	0.94976	0.94976			6
2024.06.19	00:15:47.168	0.94974	0.94974			6
2024.06.19	00:15:47.335	0.94971	0.94971			6
2024.06.19	00:15:47.365	0.94973	0.94973			6
2024.06.19	00:15:47.395	0.94970	0.94970			6
2024.06.19	00:15:47.425	0.94973	0.94973			6
2024.06.19	00:15:49.132	0.94972	0.94972			6
2024.06.19	00:15:49.161	0.94973	0.94973			6
2024.06.19	00:15:49.192	0.94972	0.94972			6
2024.06.19	00:15:49.257	0.94965	0.94965			6
2024.06.19	00:15:49.287	0.94972	0.94972			6
2024.06.19	00:15:50.333	0.94975	0.94975			6
2024.06.19	00:15:50.432	0.94977	0.94977			6
2024.06.19	00:15:50.523	0.94975	0.94975			6
2024.06.19	00:15:50.613	0.94972	0.94972			6
2024.06.19	00:15:50.667	0.94969	0.94969			6
2024.06.19	00:15:50.696	0.94972	0.94972			6
2024.06.19	00:15:50.732	0.94969	0.94969			6
2024.06.19	00:15:50.763	0.94972	0.94972			6
2024.06.19	00:15:52.546	0.94969	0.94969			6
2024.06.19	00:15:52.825	0.94968	0.94968			6
2024.06.19	00:15:54.082	0.94969	0.94969			6
2024.06.19	00:15:54.112	0.94973	0.94973			6
2024.06.19	00:15:55.091	0.94970	0.94970			6
2024.06.19	00:15:55.150	0.94971	0.94971			6
2024.06.19	00:15:55.371	0.94964	0.94964			6
2024.06.19	00:15:55.400	0.94969	0.94969			6
2024.06.19	00:16:00.510	0.94970	0.94970			6
2024.06.19	00:16:00.540	0.94967	0.94967			6
2024.06.19	00:16:00.569	0.94973	0.94973			6
2024.06.19	00:16:00.629	0.94972	0.94972			6
2024.06.19	00:16:00.700	0.94973	0.94973			6
2024.06.19	00:16:00.730	0.94972	0.94972			6
2024.06.19	00:16:04.695	0.94971	0.94971			6
2024.06.19	00:16:07.890	0.94972	0.94972			6
2024.06.19	00:16:07.920	0.94971	0.94971			6
2024.06.19	00:16:08.071	0.94973	0.94973			6
2024.06.19	00:16:09.867	0.94972	0.94972			6
2024.06.19	00:16:18.958	0.94971	0.94971			6
2024.06.19	00:16:21.580	0.94972	0.94972			6
2024.06.19	00:16:24.750	0.94971	0.94971			6
2024.06.19	00:16:24.880	0.94972	0.94972			6
2024.06.19	00:16:28.157	0.94971	0.94971			6
2024.06.19	00:16:29.601	0.94972	0.94972			6
2024.06.19	00:16:29.878	0.94974	0.94974			6
2024.06.19	00:16:29.937	0.94972	0.94972			6
2024.06.19	00:16:30.679	0.94973	0.94973			6
2024.06.19	00:16:31.684	0.94975	0.94975			6
2024.06.19	00:16:32.082	0.94974	0.94974			6
2024.06.19	00:16:32.112	0.94972	0.94972			6
2024.06.19	00:16:32.142	0.94975	0.94975			6
2024.06.19	00:16:32.480	0.94974	0.94974			6
2024.06.19	00:16:36.562	0.94973	0.94973			6
2024.06.19	00:16:40.101	0.94974	0.94974			6
2024.06.19	00:16:50.844	0.94978	0.94978			6
2024.06.19	00:16:50.875	0.94983	0.94983			6
2024.06.19	00:16:50.904	0.94985	0.94985			6
2024.06.19	00:16:51.245	0.94986	0.94986			6
2024.06.19	00:16:51.396	0.94985	0.94985			6
2024.06.19	00:16:51.486	0.94973	0.94973			6
2024.06.19	00:16:51.516	0.94983	0.94983			6
2024.06.19	00:16:51.900	0.94985	0.94985			6
2024.06.19	00:16:58.450	0.94986	0.94986			6
2024.06.19	00:17:01.685	0.94982	0.94982			6
2024.06.19	00:17:01.715	0.94977	0.94977			6
2024.06.19	00:17:01.745	0.94978	0.94978			6
2024.06.19	00:17:01.776	0.94976	0.94976			6
2024.06.19	00:17:01.806	0.94977	0.94977			6
2024.06.19	00:17:08.081	0.94976	0.94976			6
2024.06.19	00:17:46.415	0.94975	0.94975			6
2024.06.19	00:17:46.445	0.94972	0.94972			6
2024.06.19	00:17:49.331	0.94971	0.94971			6
2024.06.19	00:17:52.749	0.94970	0.94970			6
2024.06.19	00:17:52.780	0.94968	0.94968			6
2024.06.19	00:17:53.432	0.94964	0.94964			6
2024.06.19	00:17:53.462	0.94963	0.94963			6
2024.06.19	00:17:53.492	0.94962	0.94962			6
2024.06.19	00:17:53.552	0.94973	0.94973			6
2024.06.19	00:17:53.612	0.94975	0.94975			6
2024.06.19	00:17:55.031	0.94979	0.94979			6
2024.06.19	00:17:55.398	0.94991	0.94991			6
2024.06.19	00:17:57.846	0.94992	0.94992			6
2024.06.19	00:18:01.093	0.94998	0.94998			6
2024.06.19	00:18:02.845	0.95000	0.95000			6
2024.06.19	00:18:03.156	0.94998	0.94998			6
2024.06.19	00:18:03.570	0.94996	0.94996			6
2024.06.19	00:18:06.496	0.94985	0.94985			6
2024.06.19	00:18:06.556	0.94984	0.94984			6
2024.06.19	00:18:23.297	0.94986	0.94986			6
2024.06.19	00:18:31.712	0.94978	0.94978			6
2024.06.19	00:18:38.717	0.94977	0.94977			6
2024.06.19	00:18:38.748	0.94975	0.94975			6
2024.06.19	00:18:38.777	0.94973	0.94973			6
2024.06.19	00:18:38.807	0.94970	0.94970			6
2024.06.19	00:18:39.300	0.94969	0.94969			6
2024.06.19	00:18:39.518	0.94970	0.94970			6
2024.06.19	00:18:39.607	0.94969	0.94969			6
2024.06.19	00:18:39.656	0.94971	0.94971			6
2024.06.19	00:18:39.686	0.94969	0.94969			6
2024.06.19	00:18:40.101	0.94970	0.94970			6
2024.06.19	00:18:41.102	0.94969	0.94969			6
2024.06.19	00:18:41.132	0.94968	0.94968			6
2024.06.19	00:18:45.090	0.94969	0.94969			6
2024.06.19	00:18:45.409	0.94968	0.94968			6
2024.06.19	00:18:46.047	0.94971	0.94971			6
2024.06.19	00:18:48.374	0.94970	0.94970			6
2024.06.19	00:18:48.942	0.94966	0.94966			6
2024.06.19	00:18:49.034	0.94969	0.94969			6
2024.06.19	00:18:49.064	0.94966	0.94966			6
2024.06.19	00:18:49.094	0.94968	0.94968			6
2024.06.19	00:18:50.122	0.94966	0.94966			6
2024.06.19	00:18:51.280	0.94965	0.94965			6
2024.06.19	00:18:53.422	0.94970	0.94970			6
2024.06.19	00:18:53.780	0.94971	0.94971			6
2024.06.19	00:18:55.683	0.94968	0.94968			6
2024.06.19	00:18:55.772	0.94969	0.94969			6
2024.06.19	00:18:56.105	0.94968	0.94968			6
2024.06.19	00:18:57.506	0.94967	0.94967			6
2024.06.19	00:18:57.536	0.94965	0.94965			6
2024.06.19	00:18:57.770	0.94966	0.94966			6
2024.06.19	00:18:57.830	0.94964	0.94964			6
2024.06.19	00:18:58.112	0.94965	0.94965			6
2024.06.19	00:18:58.142	0.94966	0.94966			6
2024.06.19	00:18:58.803	0.94965	0.94965			6
2024.06.19	00:18:58.893	0.94966	0.94966			6
2024.06.19	00:18:58.923	0.94968	0.94968			6
2024.06.19	00:18:58.953	0.94965	0.94965			6
2024.06.19	00:18:58.983	0.94966	0.94966			6
2024.06.19	00:18:59.013	0.94967	0.94967			6
2024.06.19	00:19:00.060	0.94965	0.94965			6
2024.06.19	00:19:02.035	0.94963	0.94963			6
2024.06.19	00:19:02.758	0.94962	0.94962			6
2024.06.19	00:19:02.788	0.94963	0.94963			6
2024.06.19	00:19:03.142	0.94960	0.94960			6
2024.06.19	00:19:03.202	0.94959	0.94959			6
2024.06.19	00:19:03.836	0.94957	0.94957			6
2024.06.19	00:19:03.866	0.94959	0.94959			6
2024.06.19	00:19:04.446	0.94957	0.94957			6
2024.06.19	00:19:04.477	0.94959	0.94959			6
2024.06.19	00:19:04.801	0.94956	0.94956			6
2024.06.19	00:19:05.531	0.94954	0.94954			6
2024.06.19	00:19:05.602	0.94958	0.94958			6
2024.06.19	00:19:06.547	0.94957	0.94957			6
2024.06.19	00:19:06.770	0.94955	0.94955			6
2024.06.19	00:19:06.830	0.94953	0.94953			6
2024.06.19	00:19:06.859	0.94956	0.94956			6
2024.06.19	00:19:08.577	0.94953	0.94953			6
2024.06.19	00:19:08.606	0.94950	0.94950			6
2024.06.19	00:19:09.018	0.94949	0.94949			6
2024.06.19	00:19:09.048	0.94948	0.94948			6
2024.06.19	00:19:09.661	0.94924	0.94924			6
2024.06.19	00:19:09.691	0.94931	0.94931			6
2024.06.19	00:19:10.041	0.94934	0.94934			6
2024.06.19	00:19:10.071	0.94931	0.94931			6
2024.06.19	00:19:13.342	0.94934	0.94934			6
2024.06.19	00:19:13.371	0.94931	0.94931			6
2024.06.19	00:19:14.839	0.94929	0.94929			6
2024.06.19	00:19:15.430	0.94922	0.94922			6
2024.06.19	00:19:15.460	0.94929	0.94929			6
2024.06.19	00:19:16.233	0.94932	0.94932			6
2024.06.19	00:19:16.264	0.94930	0.94930			6
2024.06.19	00:19:16.755	0.94922	0.94922			6
2024.06.19	00:19:16.784	0.94929	0.94929			6
2024.06.19	00:19:16.846	0.94933	0.94933			6
2024.06.19	00:19:18.908	0.94932	0.94932			6
2024.06.19	00:19:19.835	0.94933	0.94933			6
2024.06.19	00:19:19.924	0.94931	0.94931			6
2024.06.19	00:19:19.954	0.94932	0.94932			6
2024.06.19	00:19:20.045	0.94934	0.94934			6
2024.06.19	00:19:20.075	0.94932	0.94932			6
2024.06.19	00:19:20.524	0.94931	0.94931			6
2024.06.19	00:19:20.894	0.94933	0.94933			6
2024.06.19	00:19:20.924	0.94931	0.94931			6
2024.06.19	00:19:21.030	0.94933	0.94933			6
2024.06.19	00:19:21.061	0.94931	0.94931			6
2024.06.19	00:19:21.316	0.94925	0.94925			6
2024.06.19	00:19:21.346	0.94931	0.94931			6
2024.06.19	00:19:21.407	0.94923	0.94923			6
2024.06.19	00:19:21.437	0.94931	0.94931			6
2024.06.19	00:19:23.804	0.94930	0.94930			6
2024.06.19	00:19:24.109	0.94931	0.94931			6
2024.06.19	00:19:24.199	0.94930	0.94930			6
2024.06.19	00:19:24.500	0.94929	0.94929			6
2024.06.19	00:19:25.007	0.94932	0.94932			6
2024.06.19	00:19:25.036	0.94930	0.94930			6
2024.06.19	00:19:25.519	0.94932	0.94932			6
2024.06.19	00:19:25.549	0.94930	0.94930			6
2024.06.19	00:19:26.028	0.94929	0.94929			6
2024.06.19	00:19:27.016	0.94930	0.94930			6
2024.06.19	00:19:27.331	0.94929	0.94929			6
2024.06.19	00:19:27.957	0.94930	0.94930			6
2024.06.19	00:19:28.210	0.94933	0.94933			6
2024.06.19	00:19:28.239	0.94934	0.94934			6
2024.06.19	00:19:28.282	0.94941	0.94941			6
2024.06.19	00:19:28.313	0.94934	0.94934			6
2024.06.19	00:19:29.049	0.94935	0.94935			6
2024.06.19	00:19:29.093	0.94936	0.94936			6
2024.06.19	00:19:29.122	0.94944	0.94944			6
2024.06.19	00:19:30.328	0.94945	0.94945			6
2024.06.19	00:19:33.259	0.94946	0.94946			6
2024.06.19	00:19:34.143	0.94959	0.94959			6
2024.06.19	00:19:34.203	0.94960	0.94960			6
2024.06.19	00:19:35.750	0.94961	0.94961			6
2024.06.19	00:19:38.943	0.94951	0.94951			6
2024.06.19	00:19:39.003	0.94955	0.94955			6
2024.06.19	00:19:39.063	0.94954	0.94954			6
2024.06.19	00:19:39.295	0.94953	0.94953			6
2024.06.19	00:19:40.047	0.94954	0.94954			6
2024.06.19	00:19:40.631	0.94952	0.94952			6
2024.06.19	00:19:40.661	0.94953	0.94953			6
2024.06.19	00:19:41.000	0.94954	0.94954			6
2024.06.19	00:19:41.030	0.94951	0.94951			6
2024.06.19	00:19:41.091	0.94952	0.94952			6
2024.06.19	00:19:41.121	0.94951	0.94951			6
2024.06.19	00:19:41.568	0.94952	0.94952			6
2024.06.19	00:19:41.599	0.94951	0.94951			6
2024.06.19	00:19:41.915	0.94952	0.94952			6
2024.06.19	00:19:43.988	0.94951	0.94951			6
2024.06.19	00:19:44.018	0.94950	0.94950			6
2024.06.19	00:19:44.048	0.94953	0.94953			6
2024.06.19	00:19:44.170	0.94951	0.94951			6
2024.06.19	00:19:44.199	0.94953	0.94953			6
2024.06.19	00:19:44.401	0.94954	0.94954			6
2024.06.19	00:19:44.500	0.94953	0.94953			6
2024.06.19	00:19:47.300	0.94952	0.94952			6
2024.06.19	00:19:49.830	0.94951	0.94951			6
2024.06.19	00:19:49.860	0.94952	0.94952			6
2024.06.19	00:19:52.274	0.94951	0.94951			6
2024.06.19	00:19:52.375	0.94950	0.94950			6
2024.06.19	00:19:52.404	0.94952	0.94952			6
2024.06.19	00:19:52.465	0.94953	0.94953			6
2024.06.19	00:19:52.495	0.94952	0.94952			6
2024.06.19	00:19:52.599	0.94953	0.94953			6
2024.06.19	00:19:54.113	0.94952	0.94952			6
2024.06.19	00:19:54.187	0.94953	0.94953			6
2024.06.19	00:19:54.560	0.94954	0.94954			6
2024.06.19	00:19:57.005	0.94952	0.94952			6
2024.06.19	00:19:57.036	0.94954	0.94954			6
2024.06.19	00:19:57.156	0.94953	0.94953			6
2024.06.19	00:19:57.187	0.94954	0.94954			6
2024.06.19	00:19:57.219	0.94953	0.94953			6
2024.06.19	00:19:57.246	0.94954	0.94954			6
2024.06.19	00:19:57.557	0.94955	0.94955			6
2024.06.19	00:20:00.099	0.94954	0.94954			6
2024.06.19	00:20:00.230	0.94955	0.94955			6
2024.06.19	00:20:01.481	0.94956	0.94956			6
2024.06.19	00:20:04.785	0.94955	0.94955			6
2024.06.19	00:20:04.815	0.94956	0.94956			6
2024.06.19	00:20:09.401	0.94955	0.94955			6
2024.06.19	00:20:11.159	0.94950	0.94950			6
2024.06.19	00:20:11.427	0.94951	0.94951			6
2024.06.19	00:20:11.487	0.94953	0.94953			6
2024.06.19	00:20:11.801	0.94954	0.94954			6
2024.06.19	00:20:12.078	0.94953	0.94953			6
2024.06.19	00:20:14.449	0.94952	0.94952			6
2024.06.19	00:20:19.060	0.94953	0.94953			6
2024.06.19	00:20:27.489	0.94952	0.94952			6
2024.06.19	00:20:28.046	0.94951	0.94951			6
2024.06.19	00:20:29.893	0.94952	0.94952			6
2024.06.19	00:20:29.922	0.94951	0.94951			6
2024.06.19	00:20:31.591	0.94949	0.94949			6
2024.06.19	00:20:34.805	0.94948	0.94948			6
2024.06.19	00:20:34.836	0.94950	0.94950			6
2024.06.19	00:20:35.299	0.94951	0.94951			6
2024.06.19	00:20:35.329	0.94949	0.94949			6
2024.06.19	00:20:56.108	0.94948	0.94948			6
2024.06.19	00:21:01.839	0.94949	0.94949			6
2024.06.19	00:21:01.958	0.94950	0.94950			6
2024.06.19	00:21:01.990	0.94949	0.94949			6
2024.06.19	00:21:02.019	0.94950	0.94950			6
2024.06.19	00:21:05.063	0.94949	0.94949			6
2024.06.19	00:21:19.788	0.94948	0.94948			6
2024.06.19	00:21:19.818	0.94947	0.94947			6
2024.06.19	00:21:19.878	0.94946	0.94946			6
2024.06.19	00:21:19.908	0.94945	0.94945			6
2024.06.19	00:21:20.059	0.94946	0.94946			6
2024.06.19	00:21:20.344	0.94945	0.94945			6
2024.06.19	00:21:21.793	0.94946	0.94946			6
2024.06.19	00:21:21.976	0.94948	0.94948			6
2024.06.19	00:21:22.007	0.94946	0.94946			6
2024.06.19	00:21:28.445	0.94947	0.94947			6
2024.06.19	00:21:29.137	0.94946	0.94946			6
2024.06.19	00:21:35.513	0.94947	0.94947			6
2024.06.19	00:21:35.544	0.94948	0.94948			6
2024.06.19	00:21:35.730	0.94949	0.94949			6
2024.06.19	00:21:35.981	0.94948	0.94948			6
2024.06.19	00:21:39.746	0.94937	0.94937			6
2024.06.19	00:21:39.838	0.94938	0.94938			6
2024.06.19	00:21:43.297	0.94937	0.94937			6
2024.06.19	00:21:43.327	0.94936	0.94936			6
2024.06.19	00:21:44.199	0.94937	0.94937			6
2024.06.19	00:21:44.547	0.94934	0.94934			6
2024.06.19	00:21:44.577	0.94931	0.94931			6
2024.06.19	00:21:45.288	0.94934	0.94934			6
2024.06.19	00:21:45.318	0.94931	0.94931			6
2024.06.19	00:21:46.828	0.94930	0.94930			6
2024.06.19	00:21:46.858	0.94928	0.94928			6
2024.06.19	00:21:46.888	0.94932	0.94932			6
2024.06.19	00:21:46.917	0.94928	0.94928			6
2024.06.19	00:21:47.167	0.94932	0.94932			6
2024.06.19	00:21:47.199	0.94928	0.94928			6
2024.06.19	00:21:47.246	0.94932	0.94932			6
2024.06.19	00:21:47.276	0.94929	0.94929			6
2024.06.19	00:21:50.127	0.94928	0.94928			6
2024.06.19	00:21:50.157	0.94926	0.94926			6
2024.06.19	00:21:52.879	0.94934	0.94934			6
2024.06.19	00:21:52.939	0.94935	0.94935			6
2024.06.19	00:21:53.203	0.94936	0.94936			6
2024.06.19	00:21:53.263	0.94938	0.94938			6
2024.06.19	00:21:53.293	0.94935	0.94935			6
2024.06.19	00:21:53.322	0.94936	0.94936			6
2024.06.19	00:21:55.710	0.94933	0.94933			6
2024.06.19	00:21:58.503	0.94934	0.94934			6
2024.06.19	00:21:59.099	0.94936	0.94936			6
2024.06.19	00:22:02.208	0.94935	0.94935			6
2024.06.19	00:22:02.239	0.94934	0.94934			6
2024.06.19	00:22:06.902	0.94935	0.94935			6
2024.06.19	00:22:08.707	0.94936	0.94936			6
2024.06.19	00:22:09.010	0.94934	0.94934			6
2024.06.19	00:22:09.073	0.94935	0.94935			6
2024.06.19	00:22:09.167	0.94937	0.94937			6
2024.06.19	00:22:09.375	0.94938	0.94938			6
2024.06.19	00:22:09.495	0.94936	0.94936			6
2024.06.19	00:22:10.090	0.94937	0.94937			6
2024.06.19	00:22:11.841	0.94935	0.94935			6
2024.06.19	00:22:12.141	0.94937	0.94937			6
2024.06.19	00:22:12.170	0.94936	0.94936			6
2024.06.19	00:22:14.532	0.94935	0.94935			6
2024.06.19	00:22:14.562	0.94933	0.94933			6
2024.06.19	00:22:15.957	0.94938	0.94938			6
2024.06.19	00:22:20.114	0.94937	0.94937			6
2024.06.19	00:22:20.146	0.94938	0.94938			6
2024.06.19	00:22:20.788	0.94937	0.94937			6
2024.06.19	00:22:22.192	0.94938	0.94938			6
2024.06.19	00:22:24.770	0.94937	0.94937			6
2024.06.19	00:22:24.999	0.94939	0.94939			6
2024.06.19	00:22:25.029	0.94938	0.94938			6
2024.06.19	00:22:26.213	0.94937	0.94937			6
2024.06.19	00:22:27.321	0.94936	0.94936			6
2024.06.19	00:22:28.788	0.94934	0.94934			6
2024.06.19	00:22:28.878	0.94937	0.94937			6
2024.06.19	00:22:40.520	0.94935	0.94935			6
2024.06.19	00:22:40.549	0.94934	0.94934			6
2024.06.19	00:22:46.240	0.94936	0.94936			6
2024.06.19	00:22:46.269	0.94937	0.94937			6
2024.06.19	00:22:48.568	0.94936	0.94936			6
2024.06.19	00:22:52.500	0.94933	0.94933			6
2024.06.19	00:22:56.349	0.94934	0.94934			6
2024.06.19	00:23:05.947	0.94933	0.94933			6
2024.06.19	00:23:06.949	0.94937	0.94937			6
2024.06.19	00:23:07.295	0.94938	0.94938			6
2024.06.19	00:23:07.325	0.94937	0.94937			6
2024.06.19	00:23:08.364	0.94938	0.94938			6
2024.06.19	00:23:13.091	0.94935	0.94935			6
2024.06.19	00:23:15.960	0.94936	0.94936			6
2024.06.19	00:23:20.401	0.94934	0.94934			6
2024.06.19	00:23:20.491	0.94936	0.94936			6
2024.06.19	00:23:26.426	0.94935	0.94935			6
2024.06.19	00:23:26.457	0.94936	0.94936			6
2024.06.19	00:23:26.546	0.94937	0.94937			6
2024.06.19	00:23:30.410	0.94936	0.94936			6
2024.06.19	00:23:30.440	0.94934	0.94934			6
2024.06.19	00:23:30.500	0.94935	0.94935			6
2024.06.19	00:23:41.057	0.94934	0.94934			6
2024.06.19	00:23:45.349	0.94932	0.94932			6
2024.06.19	00:23:45.380	0.94933	0.94933			6
2024.06.19	00:23:45.699	0.94934	0.94934			6
2024.06.19	00:23:48.846	0.94935	0.94935			6
2024.06.19	00:23:51.546	0.94934	0.94934			6
2024.06.19	00:23:56.500	0.94938	0.94938			6
2024.06.19	00:24:44.275	0.94939	0.94939			6
2024.06.19	00:24:44.364	0.94935	0.94935			6
2024.06.19	00:24:59.591	0.94938	0.94938			6
2024.06.19	00:24:59.652	0.94937	0.94937			6
2024.06.19	00:25:00.780	0.94938	0.94938			6
2024.06.19	00:25:01.767	0.94939	0.94939			6
2024.06.19	00:25:02.550	0.94940	0.94940			6
2024.06.19	00:25:07.174	0.94941	0.94941			6
2024.06.19	00:25:09.849	0.94940	0.94940			6
2024.06.19	00:25:15.010	0.94939	0.94939			6
2024.06.19	00:25:15.857	0.94941	0.94941			6
2024.06.19	00:25:15.887	0.94944	0.94944			6
2024.06.19	00:25:15.946	0.94945	0.94945			6
2024.06.19	00:25:17.345	0.94946	0.94946			6
2024.06.19	00:25:21.270	0.94945	0.94945			6
2024.06.19	00:25:25.144	0.94944	0.94944			6
2024.06.19	00:25:28.560	0.94945	0.94945			6
2024.06.19	00:25:34.351	0.94946	0.94946			6
2024.06.19	00:25:35.715	0.94947	0.94947			6
2024.06.19	00:25:36.360	0.94948	0.94948			6
2024.06.19	00:25:36.389	0.94949	0.94949			6
2024.06.19	00:25:36.420	0.94950	0.94950			6
2024.06.19	00:25:38.497	0.94949	0.94949			6
2024.06.19	00:25:38.885	0.94950	0.94950			6
2024.06.19	00:25:43.849	0.94948	0.94948			6
2024.06.19	00:25:44.157	0.94946	0.94946			6
2024.06.19	00:25:44.665	0.94952	0.94952			6
2024.06.19	00:25:45.164	0.94953	0.94953			6
2024.06.19	00:25:47.046	0.94954	0.94954			6
2024.06.19	00:25:48.480	0.94953	0.94953			6
2024.06.19	00:25:50.699	0.94954	0.94954			6
2024.06.19	00:25:50.788	0.94955	0.94955			6
2024.06.19	00:25:51.116	0.94956	0.94956			6
2024.06.19	00:25:51.146	0.94955	0.94955			6
2024.06.19	00:25:51.177	0.94959	0.94959			6
2024.06.19	00:25:51.209	0.94958	0.94958			6
2024.06.19	00:25:51.267	0.94959	0.94959			6
2024.06.19	00:25:51.298	0.94958	0.94958			6
2024.06.19	00:25:51.448	0.94955	0.94955			6
2024.06.19	00:25:51.478	0.94956	0.94956			6
2024.06.19	00:25:51.598	0.94960	0.94960			6
2024.06.19	00:25:51.699	0.94959	0.94959			6
2024.06.19	00:25:51.947	0.94955	0.94955			6
2024.06.19	00:25:53.658	0.94956	0.94956			6
2024.06.19	00:26:08.267	0.94955	0.94955			6
2024.06.19	00:26:10.460	0.94956	0.94956			6
2024.06.19	00:26:21.285	0.94955	0.94955			6
2024.06.19	00:26:25.144	0.94956	0.94956			6
2024.06.19	00:26:29.678	0.94955	0.94955			6
2024.06.19	00:26:39.392	0.94954	0.94954			6
2024.06.19	00:26:41.952	0.94955	0.94955			6
2024.06.19	00:26:50.752	0.94956	0.94956			6
2024.06.19	00:27:16.463	0.94957	0.94957			6
2024.06.19	00:27:18.965	0.94956	0.94956			6
2024.06.19	00:27:18.995	0.94957	0.94957			6
2024.06.19	00:27:20.085	0.94958	0.94958			6
2024.06.19	00:27:21.179	0.94957	0.94957			6
2024.06.19	00:27:21.217	0.94958	0.94958			6
2024.06.19	00:27:30.150	0.94957	0.94957			6
2024.06.19	00:27:31.966	0.94958	0.94958			6
2024.06.19	00:27:32.768	0.94957	0.94957			6
2024.06.19	00:27:34.800	0.94956	0.94956			6
2024.06.19	00:27:40.749	0.94957	0.94957			6
2024.06.19	00:27:50.295	0.94956	0.94956			6
2024.06.19	00:27:51.865	0.94957	0.94957			6
2024.06.19	00:27:59.056	0.94956	0.94956			6
2024.06.19	00:28:00.325	0.94957	0.94957			6
2024.06.19	00:28:09.555	0.94956	0.94956			6
2024.06.19	00:28:20.568	0.94957	0.94957			6
2024.06.19	00:28:21.017	0.94955	0.94955			6
2024.06.19	00:28:23.366	0.94956	0.94956			6
2024.06.19	00:28:24.853	0.94957	0.94957			6
2024.06.19	00:28:24.886	0.94956	0.94956			6
2024.06.19	00:28:51.002	0.94955	0.94955			6
2024.06.19	00:28:56.166	0.94956	0.94956			6
2024.06.19	00:28:56.197	0.94957	0.94957			6
2024.06.19	00:28:57.166	0.94956	0.94956			6
2024.06.19	00:28:59.394	0.94957	0.94957			6
2024.06.19	00:29:01.700	0.94958	0.94958			6
2024.06.19	00:29:01.807	0.94957	0.94957			6
2024.06.19	00:29:07.299	0.94956	0.94956			6
2024.06.19	00:29:12.524	0.94957	0.94957			6
2024.06.19	00:29:12.847	0.94956	0.94956			6
2024.06.19	00:29:18.293	0.94957	0.94957			6
2024.06.19	00:29:18.430	0.94956	0.94956			6
2024.06.19	00:29:20.344	0.94957	0.94957			6
2024.06.19	00:29:24.557	0.94956	0.94956			6
2024.06.19	00:29:25.446	0.94957	0.94957			6
2024.06.19	00:29:25.476	0.94958	0.94958			6
2024.06.19	00:29:26.344	0.94957	0.94957			6
2024.06.19	00:29:35.113	0.94955	0.94955			6
2024.06.19	00:29:35.185	0.94956	0.94956			6
2024.06.19	00:29:38.954	0.94955	0.94955			6
2024.06.19	00:29:40.878	0.94956	0.94956			6
2024.06.19	00:29:44.348	0.94957	0.94957			6
2024.06.19	00:29:51.277	0.94958	0.94958			6
2024.06.19	00:29:51.366	0.94957	0.94957			6
2024.06.19	00:29:56.298	0.94956	0.94956			6
2024.06.19	00:29:56.807	0.94957	0.94957			6
2024.06.19	00:30:00.095	0.94958	0.94958			6
2024.06.19	00:30:00.156	0.94959	0.94959			6
2024.06.19	00:30:00.494	0.94960	0.94960			6
2024.06.19	00:30:00.806	0.94961	0.94961			6
2024.06.19	00:30:01.983	0.94960	0.94960			6
2024.06.19	00:30:17.488	0.94959	0.94959			6
2024.06.19	00:30:17.548	0.94961	0.94961			6
2024.06.19	00:30:17.578	0.94960	0.94960			6
2024.06.19	00:30:17.671	0.94959	0.94959			6
2024.06.19	00:30:22.023	0.94962	0.94962			6
2024.06.19	00:30:22.338	0.94961	0.94961			6
2024.06.19	00:30:22.368	0.94960	0.94960			6
2024.06.19	00:30:22.488	0.94959	0.94959			6
2024.06.19	00:30:22.518	0.94958	0.94958			6
2024.06.19	00:30:22.548	0.94959	0.94959			6
2024.06.19	00:30:22.915	0.94958	0.94958			6
2024.06.19	00:30:22.975	0.94959	0.94959			6
2024.06.19	00:30:23.034	0.94958	0.94958			6
2024.06.19	00:30:23.456	0.94959	0.94959			6
2024.06.19	00:30:23.545	0.94958	0.94958			6
2024.06.19	00:30:23.695	0.94959	0.94959			6
2024.06.19	00:30:23.816	0.94960	0.94960			6
2024.06.19	00:30:23.846	0.94956	0.94956			6
2024.06.19	00:30:23.905	0.94957	0.94957			6
2024.06.19	00:30:23.936	0.94958	0.94958			6
2024.06.19	00:30:24.216	0.94957	0.94957			6
2024.06.19	00:30:24.336	0.94958	0.94958			6
2024.06.19	00:30:24.826	0.94957	0.94957			6
2024.06.19	00:30:24.917	0.94959	0.94959			6
2024.06.19	00:30:24.978	0.94958	0.94958			6
2024.06.19	00:30:28.025	0.94959	0.94959			6
2024.06.19	00:30:28.441	0.94956	0.94956			6
2024.06.19	00:30:28.473	0.94958	0.94958			6
2024.06.19	00:30:28.534	0.94959	0.94959			6
2024.06.19	00:30:28.594	0.94958	0.94958			6
2024.06.19	00:30:29.017	0.94959	0.94959			6
2024.06.19	00:30:29.077	0.94958	0.94958			6
2024.06.19	00:30:29.168	0.94959	0.94959			6
2024.06.19	00:30:29.451	0.94956	0.94956			6
2024.06.19	00:30:29.513	0.94958	0.94958			6
2024.06.19	00:30:30.064	0.94959	0.94959			6
2024.06.19	00:30:30.130	0.94958	0.94958			6
2024.06.19	00:30:30.190	0.94959	0.94959			6
2024.06.19	00:30:30.281	0.94958	0.94958			6
2024.06.19	00:30:30.702	0.94959	0.94959			6
2024.06.19	00:30:30.732	0.94958	0.94958			6
2024.06.19	00:30:30.902	0.94959	0.94959			6
2024.06.19	00:30:30.933	0.94958	0.94958			6
2024.06.19	00:30:31.055	0.94957	0.94957			6
2024.06.19	00:30:31.456	0.94958	0.94958			6
2024.06.19	00:30:31.576	0.94959	0.94959			6
2024.06.19	00:30:31.606	0.94958	0.94958			6
2024.06.19	00:30:31.761	0.94959	0.94959			6
2024.06.19	00:30:31.791	0.94958	0.94958			6
2024.06.19	00:30:31.821	0.94959	0.94959			6
2024.06.19	00:30:31.851	0.94958	0.94958			6
2024.06.19	00:30:31.883	0.94959	0.94959			6
2024.06.19	00:30:31.912	0.94958	0.94958			6
2024.06.19	00:30:31.942	0.94957	0.94957			6
2024.06.19	00:30:31.971	0.94958	0.94958			6
2024.06.19	00:30:32.032	0.94959	0.94959			6
2024.06.19	00:30:32.190	0.94957	0.94957			6
2024.06.19	00:30:32.248	0.94958	0.94958			6
2024.06.19	00:30:34.461	0.94957	0.94957			6
2024.06.19	00:30:38.751	0.94959	0.94959			6
2024.06.19	00:30:38.821	0.94958	0.94958			6
2024.06.19	00:30:39.004	0.94959	0.94959			6
2024.06.19	00:30:39.034	0.94958	0.94958			6
2024.06.19	00:30:39.094	0.94959	0.94959			6
2024.06.19	00:30:39.155	0.94958	0.94958			6
2024.06.19	00:30:39.270	0.94959	0.94959			6
2024.06.19	00:30:39.302	0.94958	0.94958			6
2024.06.19	00:30:39.420	0.94959	0.94959			6
2024.06.19	00:30:39.511	0.94958	0.94958			6
2024.06.19	00:30:39.829	0.94959	0.94959			6
2024.06.19	00:30:39.889	0.94958	0.94958			6
2024.06.19	00:30:39.949	0.94959	0.94959			6
2024.06.19	00:30:40.114	0.94958	0.94958			6
2024.06.19	00:30:40.143	0.94959	0.94959			6
2024.06.19	00:30:40.300	0.94958	0.94958			6
2024.06.19	00:30:40.361	0.94959	0.94959			6
2024.06.19	00:30:40.421	0.94958	0.94958			6
2024.06.19	00:30:40.450	0.94959	0.94959			6
2024.06.19	00:30:40.510	0.94958	0.94958			6
2024.06.19	00:30:40.631	0.94959	0.94959			6
2024.06.19	00:30:40.661	0.94958	0.94958			6
2024.06.19	00:30:40.811	0.94957	0.94957			6
2024.06.19	00:30:40.901	0.94958	0.94958			6
2024.06.19	00:30:41.166	0.94959	0.94959			6
2024.06.19	00:30:41.651	0.94960	0.94960			6
2024.06.19	00:30:41.817	0.94959	0.94959			6
2024.06.19	00:30:41.848	0.94960	0.94960			6
2024.06.19	00:30:41.879	0.94961	0.94961			6
2024.06.19	00:30:41.908	0.94960	0.94960			6
2024.06.19	00:30:41.968	0.94961	0.94961			6
2024.06.19	00:30:42.029	0.94960	0.94960			6
2024.06.19	00:30:42.059	0.94959	0.94959			6
2024.06.19	00:30:42.119	0.94960	0.94960			6
2024.06.19	00:30:42.178	0.94961	0.94961			6
2024.06.19	00:30:42.208	0.94960	0.94960			6
2024.06.19	00:30:42.239	0.94961	0.94961			6
2024.06.19	00:30:42.269	0.94959	0.94959			6
2024.06.19	00:30:42.333	0.94960	0.94960			6
2024.06.19	00:30:42.394	0.94959	0.94959			6
2024.06.19	00:30:42.511	0.94960	0.94960			6
2024.06.19	00:30:42.625	0.94959	0.94959			6
2024.06.19	00:30:42.713	0.94961	0.94961			6
2024.06.19	00:30:42.744	0.94960	0.94960			6
2024.06.19	00:30:42.863	0.94961	0.94961			6
2024.06.19	00:30:42.894	0.94960	0.94960			6
2024.06.19	00:30:42.925	0.94961	0.94961			6
2024.06.19	00:30:43.015	0.94959	0.94959			6
2024.06.19	00:30:43.076	0.94961	0.94961			6
2024.06.19	00:30:43.135	0.94959	0.94959			6
2024.06.19	00:30:43.195	0.94961	0.94961			6
2024.06.19	00:30:43.225	0.94959	0.94959			6
2024.06.19	00:30:43.256	0.94960	0.94960			6
2024.06.19	00:30:43.287	0.94959	0.94959			6
2024.06.19	00:30:43.604	0.94960	0.94960			6
2024.06.19	00:30:43.634	0.94959	0.94959			6
2024.06.19	00:30:43.665	0.94960	0.94960			6
2024.06.19	00:30:43.695	0.94959	0.94959			6
2024.06.19	00:30:43.954	0.94960	0.94960			6
2024.06.19	00:30:44.014	0.94959	0.94959			6
2024.06.19	00:30:44.566	0.94960	0.94960			6
2024.06.19	00:30:44.596	0.94959	0.94959			6
2024.06.19	00:30:44.626	0.94960	0.94960			6
2024.06.19	00:30:44.656	0.94959	0.94959			6
2024.06.19	00:30:44.716	0.94960	0.94960			6
2024.06.19	00:30:44.897	0.94958	0.94958			6
2024.06.19	00:30:44.957	0.94960	0.94960			6
2024.06.19	00:30:45.017	0.94958	0.94958			6
2024.06.19	00:30:45.507	0.94959	0.94959			6
2024.06.19	00:30:45.759	0.94960	0.94960			6
2024.06.19	00:30:45.849	0.94959	0.94959			6
2024.06.19	00:30:45.910	0.94960	0.94960			6
2024.06.19	00:30:46.063	0.94959	0.94959			6
2024.06.19	00:30:46.124	0.94960	0.94960			6
2024.06.19	00:30:46.259	0.94959	0.94959			6
2024.06.19	00:30:46.318	0.94960	0.94960			6
2024.06.19	00:30:46.512	0.94959	0.94959			6
2024.06.19	00:30:46.900	0.94960	0.94960			6
2024.06.19	00:30:46.958	0.94959	0.94959			6
2024.06.19	00:30:47.020	0.94960	0.94960			6
2024.06.19	00:30:47.165	0.94958	0.94958			6
2024.06.19	00:30:47.194	0.94959	0.94959			6
2024.06.19	00:30:47.224	0.94958	0.94958			6
2024.06.19	00:30:47.267	0.94959	0.94959			6
2024.06.19	00:30:47.331	0.94958	0.94958			6
2024.06.19	00:30:47.398	0.94959	0.94959			6
2024.06.19	00:30:47.475	0.94958	0.94958			6
2024.06.19	00:30:47.555	0.94959	0.94959			6
2024.06.19	00:30:47.615	0.94958	0.94958			6
2024.06.19	00:30:47.662	0.94959	0.94959			6
2024.06.19	00:30:47.693	0.94958	0.94958			6
2024.06.19	00:30:47.726	0.94959	0.94959			6
2024.06.19	00:30:47.799	0.94958	0.94958			6
2024.06.19	00:30:48.073	0.94959	0.94959			6
2024.06.19	00:30:48.163	0.94958	0.94958			6
2024.06.19	00:30:48.193	0.94959	0.94959			6
2024.06.19	00:30:48.286	0.94958	0.94958			6
2024.06.19	00:30:48.317	0.94959	0.94959			6
2024.06.19	00:30:48.437	0.94958	0.94958			6
2024.06.19	00:30:48.468	0.94959	0.94959			6
2024.06.19	00:30:48.499	0.94958	0.94958			6
2024.06.19	00:30:48.528	0.94959	0.94959			6
2024.06.19	00:30:48.618	0.94960	0.94960			6
2024.06.19	00:30:48.649	0.94959	0.94959			6
2024.06.19	00:30:48.863	0.94960	0.94960			6
2024.06.19	00:30:52.654	0.94961	0.94961			6
2024.06.19	00:30:52.684	0.94962	0.94962			6
2024.06.19	00:30:52.777	0.94960	0.94960			6
2024.06.19	00:30:52.885	0.94959	0.94959			6
2024.06.19	00:30:52.915	0.94960	0.94960			6
2024.06.19	00:30:53.072	0.94961	0.94961			6
2024.06.19	00:30:53.131	0.94960	0.94960			6
2024.06.19	00:30:53.193	0.94961	0.94961			6
2024.06.19	00:30:53.252	0.94960	0.94960			6
2024.06.19	00:30:53.372	0.94961	0.94961			6
2024.06.19	00:30:53.403	0.94960	0.94960			6
2024.06.19	00:30:53.884	0.94959	0.94959			6
2024.06.19	00:30:53.915	0.94960	0.94960			6
2024.06.19	00:30:53.975	0.94961	0.94961			6
2024.06.19	00:30:54.163	0.94960	0.94960			6
2024.06.19	00:30:54.299	0.94961	0.94961			6
2024.06.19	00:30:54.329	0.94960	0.94960			6
2024.06.19	00:30:54.359	0.94961	0.94961			6
2024.06.19	00:30:54.389	0.94960	0.94960			6
2024.06.19	00:30:54.419	0.94961	0.94961			6
2024.06.19	00:30:54.449	0.94960	0.94960			6
2024.06.19	00:30:54.539	0.94961	0.94961			6
2024.06.19	00:30:54.569	0.94960	0.94960			6
2024.06.19	00:30:54.729	0.94961	0.94961			6
2024.06.19	00:30:54.759	0.94960	0.94960			6
2024.06.19	00:30:54.909	0.94961	0.94961			6
2024.06.19	00:30:54.939	0.94960	0.94960			6
2024.06.19	00:30:55.121	0.94961	0.94961			6
2024.06.19	00:30:55.151	0.94960	0.94960			6
2024.06.19	00:30:55.181	0.94961	0.94961			6
2024.06.19	00:30:55.241	0.94960	0.94960			6
2024.06.19	00:30:55.300	0.94961	0.94961			6
2024.06.19	00:30:55.330	0.94960	0.94960			6
2024.06.19	00:30:55.603	0.94961	0.94961			6
2024.06.19	00:30:55.632	0.94960	0.94960			6
2024.06.19	00:30:56.007	0.94961	0.94961			6
2024.06.19	00:30:56.037	0.94960	0.94960			6
2024.06.19	00:31:01.865	0.94961	0.94961			6
2024.06.19	00:31:01.925	0.94960	0.94960			6
2024.06.19	00:31:01.984	0.94961	0.94961			6
2024.06.19	00:31:02.075	0.94960	0.94960			6
2024.06.19	00:31:02.135	0.94961	0.94961			6
2024.06.19	00:31:02.225	0.94960	0.94960			6
2024.06.19	00:31:02.254	0.94961	0.94961			6
2024.06.19	00:31:02.285	0.94960	0.94960			6
2024.06.19	00:31:02.405	0.94961	0.94961			6
2024.06.19	00:31:02.435	0.94960	0.94960			6
2024.06.19	00:31:02.556	0.94961	0.94961			6
2024.06.19	00:31:02.585	0.94960	0.94960			6
2024.06.19	00:31:02.661	0.94961	0.94961			6
2024.06.19	00:31:02.691	0.94960	0.94960			6
2024.06.19	00:31:02.998	0.94961	0.94961			6
2024.06.19	00:31:03.028	0.94960	0.94960			6
2024.06.19	00:31:03.487	0.94961	0.94961			6
2024.06.19	00:31:03.578	0.94960	0.94960			6
2024.06.19	00:31:03.637	0.94961	0.94961			6
2024.06.19	00:31:03.668	0.94960	0.94960			6
2024.06.19	00:31:03.790	0.94959	0.94959			6
2024.06.19	00:31:03.820	0.94960	0.94960			6
2024.06.19	00:31:04.275	0.94959	0.94959			6
2024.06.19	00:31:04.307	0.94954	0.94954			6
2024.06.19	00:31:04.335	0.94955	0.94955			6
2024.06.19	00:31:04.365	0.94963	0.94963			6
2024.06.19	00:31:04.485	0.94962	0.94962			6
2024.06.19	00:31:04.516	0.94961	0.94961			6
2024.06.19	00:31:04.801	0.94960	0.94960			6
2024.06.19	00:31:04.891	0.94961	0.94961			6
2024.06.19	00:31:06.744	0.94960	0.94960			6
2024.06.19	00:31:09.461	0.94961	0.94961			6
2024.06.19	00:31:09.491	0.94960	0.94960			6
2024.06.19	00:31:09.521	0.94961	0.94961			6
2024.06.19	00:31:09.551	0.94960	0.94960			6
2024.06.19	00:31:09.716	0.94961	0.94961			6
2024.06.19	00:31:09.806	0.94960	0.94960			6
2024.06.19	00:31:09.925	0.94961	0.94961			6
2024.06.19	00:31:10.045	0.94960	0.94960			6
2024.06.19	00:31:10.107	0.94961	0.94961			6
2024.06.19	00:31:10.166	0.94960	0.94960			6
2024.06.19	00:31:10.285	0.94961	0.94961			6
2024.06.19	00:31:10.412	0.94960	0.94960			6
2024.06.19	00:31:10.477	0.94961	0.94961			6
2024.06.19	00:31:10.507	0.94960	0.94960			6
2024.06.19	00:31:10.737	0.94961	0.94961			6
2024.06.19	00:31:10.827	0.94960	0.94960			6
2024.06.19	00:31:10.887	0.94961	0.94961			6
2024.06.19	00:31:10.916	0.94960	0.94960			6
2024.06.19	00:31:10.946	0.94961	0.94961			6
2024.06.19	00:31:10.976	0.94960	0.94960			6
2024.06.19	00:31:11.007	0.94961	0.94961			6
2024.06.19	00:31:11.241	0.94960	0.94960			6
2024.06.19	00:31:11.330	0.94961	0.94961			6
2024.06.19	00:31:11.391	0.94960	0.94960			6
2024.06.19	00:31:11.421	0.94961	0.94961			6
2024.06.19	00:31:11.450	0.94960	0.94960			6
2024.06.19	00:31:11.511	0.94961	0.94961			6
2024.06.19	00:31:12.839	0.94962	0.94962			6
2024.06.19	00:31:21.530	0.94961	0.94961			6
2024.06.19	00:31:22.082	0.94962	0.94962			6
2024.06.19	00:31:22.113	0.94961	0.94961			6
2024.06.19	00:31:22.233	0.94960	0.94960			6
2024.06.19	00:31:22.428	0.94961	0.94961			6
2024.06.19	00:31:22.457	0.94960	0.94960			6
2024.06.19	00:31:22.669	0.94961	0.94961			6
2024.06.19	00:31:23.310	0.94960	0.94960			6
2024.06.19	00:31:23.370	0.94962	0.94962			6
2024.06.19	00:31:23.460	0.94960	0.94960			6
2024.06.19	00:31:23.610	0.94954	0.94954			6
2024.06.19	00:31:23.640	0.94955	0.94955			6
2024.06.19	00:31:24.096	0.94956	0.94956			6
2024.06.19	00:31:24.125	0.94957	0.94957			6
2024.06.19	00:31:26.771	0.94963	0.94963			6
2024.06.19	00:31:26.800	0.94962	0.94962			6
2024.06.19	00:31:26.874	0.94961	0.94961			6
2024.06.19	00:31:26.935	0.94959	0.94959			6
2024.06.19	00:31:26.964	0.94960	0.94960			6
2024.06.19	00:31:27.026	0.94957	0.94957			6
2024.06.19	00:31:27.086	0.94958	0.94958			6
2024.06.19	00:31:27.235	0.94957	0.94957			6
2024.06.19	00:31:27.265	0.94958	0.94958			6
2024.06.19	00:31:27.295	0.94957	0.94957			6
2024.06.19	00:31:27.357	0.94958	0.94958			6
2024.06.19	00:31:27.416	0.94957	0.94957			6
2024.06.19	00:31:27.491	0.94958	0.94958			6
2024.06.19	00:31:27.872	0.94957	0.94957			6
2024.06.19	00:31:28.078	0.94959	0.94959			6
2024.06.19	00:31:28.139	0.94958	0.94958			6
2024.06.19	00:31:28.236	0.94957	0.94957			6
2024.06.19	00:31:28.604	0.94958	0.94958			6
2024.06.19	00:31:28.635	0.94957	0.94957			6
2024.06.19	00:31:28.759	0.94958	0.94958			6
2024.06.19	00:31:28.850	0.94956	0.94956			6
2024.06.19	00:31:28.911	0.94958	0.94958			6
2024.06.19	00:31:28.940	0.94957	0.94957			6
2024.06.19	00:31:28.970	0.94958	0.94958			6
2024.06.19	00:31:29.295	0.94957	0.94957			6
2024.06.19	00:31:29.325	0.94958	0.94958			6
2024.06.19	00:31:29.537	0.94957	0.94957			6
2024.06.19	00:31:29.567	0.94958	0.94958			6
2024.06.19	00:31:29.597	0.94957	0.94957			6
2024.06.19	00:31:29.717	0.94956	0.94956			6
2024.06.19	00:31:29.777	0.94957	0.94957			6
2024.06.19	00:31:29.997	0.94956	0.94956			6
2024.06.19	00:31:30.086	0.94957	0.94957			6
2024.06.19	00:31:30.176	0.94956	0.94956			6
2024.06.19	00:31:30.207	0.94957	0.94957			6
2024.06.19	00:31:30.367	0.94956	0.94956			6
2024.06.19	00:31:30.396	0.94957	0.94957			6
2024.06.19	00:31:30.427	0.94956	0.94956			6
2024.06.19	00:31:30.511	0.94953	0.94953			6
2024.06.19	00:31:30.783	0.94955	0.94955			6
2024.06.19	00:31:30.812	0.94956	0.94956			6
2024.06.19	00:31:33.268	0.94958	0.94958			6
2024.06.19	00:31:33.586	0.94957	0.94957			6
2024.06.19	00:31:33.615	0.94959	0.94959			6
2024.06.19	00:31:35.196	0.94957	0.94957			6
2024.06.19	00:31:35.243	0.94959	0.94959			6
2024.06.19	00:31:38.358	0.94958	0.94958			6
2024.06.19	00:31:38.478	0.94959	0.94959			6
2024.06.19	00:31:38.539	0.94960	0.94960			6
2024.06.19	00:31:38.569	0.94958	0.94958			6
2024.06.19	00:31:41.119	0.94959	0.94959			6
2024.06.19	00:31:41.149	0.94958	0.94958			6
2024.06.19	00:31:41.422	0.94957	0.94957			6
2024.06.19	00:31:41.456	0.94956	0.94956			6
2024.06.19	00:31:41.547	0.94957	0.94957			6
2024.06.19	00:31:41.577	0.94956	0.94956			6
2024.06.19	00:31:42.151	0.94960	0.94960			6
2024.06.19	00:31:42.211	0.94959	0.94959			6
2024.06.19	00:31:42.302	0.94957	0.94957			6
2024.06.19	00:31:42.584	0.94950	0.94950			6
2024.06.19	00:31:42.646	0.94951	0.94951			6
2024.06.19	00:31:42.677	0.94952	0.94952			6
2024.06.19	00:31:42.706	0.94953	0.94953			6
2024.06.19	00:32:01.157	0.94952	0.94952			6
2024.06.19	00:32:01.187	0.94953	0.94953			6
2024.06.19	00:32:01.217	0.94949	0.94949			6
2024.06.19	00:32:01.248	0.94950	0.94950			6
2024.06.19	00:32:01.278	0.94949	0.94949			6
2024.06.19	00:32:01.309	0.94950	0.94950			6
2024.06.19	00:32:01.375	0.94949	0.94949			6
2024.06.19	00:32:01.406	0.94952	0.94952			6
2024.06.19	00:32:01.466	0.94953	0.94953			6
2024.06.19	00:32:01.526	0.94950	0.94950			6
2024.06.19	00:32:01.556	0.94953	0.94953			6
2024.06.19	00:32:15.229	0.94954	0.94954			6
2024.06.19	00:32:15.260	0.94950	0.94950			6
2024.06.19	00:32:15.289	0.94949	0.94949			6
2024.06.19	00:32:15.348	0.94950	0.94950			6
2024.06.19	00:32:15.408	0.94953	0.94953			6
2024.06.19	00:32:16.267	0.94951	0.94951			6
2024.06.19	00:32:16.462	0.94950	0.94950			6
2024.06.19	00:32:18.717	0.94951	0.94951			6
2024.06.19	00:32:18.776	0.94953	0.94953			6
2024.06.19	00:32:21.211	0.94950	0.94950			6
2024.06.19	00:32:21.272	0.94951	0.94951			6
2024.06.19	00:32:21.302	0.94953	0.94953			6
2024.06.19	00:32:22.539	0.94954	0.94954			6
2024.06.19	00:32:22.569	0.94950	0.94950			6
2024.06.19	00:32:22.599	0.94953	0.94953			6
2024.06.19	00:32:23.935	0.94954	0.94954			6
2024.06.19	00:32:25.456	0.94953	0.94953			6
2024.06.19	00:32:28.849	0.94954	0.94954			6
2024.06.19	00:32:28.909	0.94953	0.94953			6
2024.06.19	00:32:29.003	0.94954	0.94954			6
2024.06.19	00:32:29.034	0.94953	0.94953			6
2024.06.19	00:32:37.077	0.94954	0.94954			6
2024.06.19	00:32:37.107	0.94953	0.94953			6
2024.06.19	00:32:37.137	0.94954	0.94954			6
2024.06.19	00:32:37.212	0.94953	0.94953			6
2024.06.19	00:32:41.030	0.94954	0.94954			6
2024.06.19	00:32:41.061	0.94953	0.94953			6
2024.06.19	00:32:44.135	0.94954	0.94954			6
2024.06.19	00:32:44.195	0.94953	0.94953			6
2024.06.19	00:32:45.576	0.94954	0.94954			6
2024.06.19	00:32:45.606	0.94953	0.94953			6
2024.06.19	00:32:45.666	0.94954	0.94954			6
2024.06.19	00:32:45.696	0.94953	0.94953			6
2024.06.19	00:32:55.697	0.94954	0.94954			6
2024.06.19	00:32:56.130	0.94953	0.94953			6
2024.06.19	00:32:59.334	0.94954	0.94954			6
2024.06.19	00:32:59.424	0.94953	0.94953			6
2024.06.19	00:33:00.192	0.94954	0.94954			6
2024.06.19	00:33:00.283	0.94953	0.94953			6
2024.06.19	00:33:00.409	0.94951	0.94951			6
2024.06.19	00:33:00.500	0.94953	0.94953			6
2024.06.19	00:33:00.531	0.94951	0.94951			6
2024.06.19	00:33:00.560	0.94953	0.94953			6
2024.06.19	00:33:00.901	0.94952	0.94952			6
2024.06.19	00:33:00.933	0.94951	0.94951			6
2024.06.19	00:33:00.963	0.94953	0.94953			6
2024.06.19	00:33:03.868	0.94954	0.94954			6
2024.06.19	00:33:04.381	0.94953	0.94953			6
2024.06.19	00:33:04.440	0.94951	0.94951			6
2024.06.19	00:33:04.531	0.94953	0.94953			6
2024.06.19	00:33:05.055	0.94954	0.94954			6
2024.06.19	00:33:05.085	0.94953	0.94953			6
2024.06.19	00:33:05.176	0.94954	0.94954			6
2024.06.19	00:33:05.326	0.94953	0.94953			6
2024.06.19	00:33:05.446	0.94954	0.94954			6
2024.06.19	00:33:05.512	0.94953	0.94953			6
2024.06.19	00:33:05.566	0.94954	0.94954			6
2024.06.19	00:33:05.596	0.94953	0.94953			6
2024.06.19	00:33:07.977	0.94954	0.94954			6
2024.06.19	00:33:08.096	0.94953	0.94953			6
2024.06.19	00:33:08.217	0.94954	0.94954			6
2024.06.19	00:33:08.247	0.94953	0.94953			6
2024.06.19	00:33:08.277	0.94954	0.94954			6
2024.06.19	00:33:08.307	0.94953	0.94953			6
2024.06.19	00:33:08.428	0.94951	0.94951			6
2024.06.19	00:33:08.518	0.94950	0.94950			6
2024.06.19	00:33:08.548	0.94954	0.94954			6
2024.06.19	00:33:08.578	0.94953	0.94953			6
2024.06.19	00:33:10.877	0.94952	0.94952			6
2024.06.19	00:33:11.259	0.94953	0.94953			6
2024.06.19	00:33:11.289	0.94951	0.94951			6
2024.06.19	00:33:11.349	0.94953	0.94953			6
2024.06.19	00:33:11.409	0.94951	0.94951			6
2024.06.19	00:33:11.476	0.94953	0.94953			6
2024.06.19	00:33:11.537	0.94951	0.94951			6
2024.06.19	00:33:11.597	0.94953	0.94953			6
2024.06.19	00:33:11.686	0.94955	0.94955			6
2024.06.19	00:33:11.716	0.94953	0.94953			6
2024.06.19	00:33:11.746	0.94952	0.94952			6
2024.06.19	00:33:11.811	0.94953	0.94953			6
2024.06.19	00:33:11.841	0.94952	0.94952			6
2024.06.19	00:33:11.931	0.94953	0.94953			6
2024.06.19	00:33:11.962	0.94952	0.94952			6
2024.06.19	00:33:12.141	0.94953	0.94953			6
2024.06.19	00:33:12.292	0.94951	0.94951			6
2024.06.19	00:33:14.461	0.94953	0.94953			6
2024.06.19	00:33:22.042	0.94954	0.94954			6
2024.06.19	00:33:22.072	0.94960	0.94960			6
2024.06.19	00:33:24.611	0.94958	0.94958			6
2024.06.19	00:33:24.762	0.94959	0.94959			6
2024.06.19	00:33:24.821	0.94958	0.94958			6
2024.06.19	00:33:24.897	0.94957	0.94957			6
2024.06.19	00:33:24.957	0.94955	0.94955			6
2024.06.19	00:33:25.017	0.94956	0.94956			6
2024.06.19	00:33:25.168	0.94955	0.94955			6
2024.06.19	00:33:25.229	0.94957	0.94957			6
2024.06.19	00:33:25.263	0.94956	0.94956			6
2024.06.19	00:33:25.352	0.94955	0.94955			6
2024.06.19	00:33:25.382	0.94951	0.94951			6
2024.06.19	00:33:25.413	0.94952	0.94952			6
2024.06.19	00:33:25.473	0.94953	0.94953			6
2024.06.19	00:33:25.532	0.94954	0.94954			6
2024.06.19	00:33:25.562	0.94953	0.94953			6
2024.06.19	00:33:25.665	0.94955	0.94955			6
2024.06.19	00:33:25.695	0.94953	0.94953			6
2024.06.19	00:33:25.755	0.94955	0.94955			6
2024.06.19	00:33:25.875	0.94953	0.94953			6
2024.06.19	00:33:26.025	0.94954	0.94954			6
2024.06.19	00:33:26.217	0.94956	0.94956			6
2024.06.19	00:33:26.246	0.94954	0.94954			6
2024.06.19	00:33:26.277	0.94953	0.94953			6
2024.06.19	00:33:26.490	0.94952	0.94952			6
2024.06.19	00:33:26.578	0.94953	0.94953			6
2024.06.19	00:33:26.699	0.94952	0.94952			6
2024.06.19	00:33:26.760	0.94953	0.94953			6
2024.06.19	00:33:27.210	0.94952	0.94952			6
2024.06.19	00:33:35.406	0.94954	0.94954			6
2024.06.19	00:33:35.698	0.94952	0.94952			6
2024.06.19	00:33:36.162	0.94953	0.94953			6
2024.06.19	00:33:36.193	0.94952	0.94952			6
2024.06.19	00:33:36.222	0.94953	0.94953			6
2024.06.19	00:33:36.283	0.94952	0.94952			6
2024.06.19	00:33:36.433	0.94953	0.94953			6
2024.06.19	00:33:36.464	0.94952	0.94952			6
2024.06.19	00:33:36.943	0.94953	0.94953			6
2024.06.19	00:33:36.972	0.94952	0.94952			6
2024.06.19	00:33:44.121	0.94953	0.94953			6
2024.06.19	00:33:44.151	0.94952	0.94952			6
2024.06.19	00:33:44.276	0.94953	0.94953			6
2024.06.19	00:33:44.487	0.94952	0.94952			6
2024.06.19	00:33:51.033	0.94951	0.94951			6
2024.06.19	00:34:07.537	0.94953	0.94953			6
2024.06.19	00:34:29.367	0.94951	0.94951			6
2024.06.19	00:34:31.377	0.94952	0.94952			6
2024.06.19	00:34:32.004	0.94954	0.94954			6
2024.06.19	00:34:34.435	0.94951	0.94951			6
2024.06.19	00:34:34.464	0.94954	0.94954			6
2024.06.19	00:34:35.484	0.94953	0.94953			6
2024.06.19	00:34:36.488	0.94954	0.94954			6
2024.06.19	00:34:39.190	0.94951	0.94951			6
2024.06.19	00:35:01.351	0.94952	0.94952			6
2024.06.19	00:35:01.441	0.94955	0.94955			6
2024.06.19	00:35:01.472	0.94953	0.94953			6
2024.06.19	00:35:01.502	0.94956	0.94956			6
2024.06.19	00:35:01.532	0.94953	0.94953			6
2024.06.19	00:35:01.562	0.94954	0.94954			6
2024.06.19	00:35:01.592	0.94953	0.94953			6
2024.06.19	00:35:01.685	0.94954	0.94954			6
2024.06.19	00:35:01.715	0.94955	0.94955			6
2024.06.19	00:35:01.745	0.94951	0.94951			6
2024.06.19	00:35:01.775	0.94955	0.94955			6
2024.06.19	00:35:01.805	0.94953	0.94953			6
2024.06.19	00:35:01.835	0.94954	0.94954			6
2024.06.19	00:35:01.895	0.94953	0.94953			6
2024.06.19	00:35:01.955	0.94954	0.94954			6
2024.06.19	00:35:01.985	0.94955	0.94955			6
2024.06.19	00:35:02.015	0.94954	0.94954			6
2024.06.19	00:35:02.081	0.94955	0.94955			6
2024.06.19	00:35:02.111	0.94953	0.94953			6
2024.06.19	00:35:02.201	0.94954	0.94954			6
2024.06.19	00:35:02.470	0.94953	0.94953			6
2024.06.19	00:35:04.058	0.94957	0.94957			6
2024.06.19	00:35:04.089	0.94962	0.94962			6
2024.06.19	00:35:04.239	0.94961	0.94961			6
2024.06.19	00:35:04.270	0.94962	0.94962			6
2024.06.19	00:35:04.360	0.94961	0.94961			6
2024.06.19	00:35:04.450	0.94962	0.94962			6
2024.06.19	00:35:04.509	0.94961	0.94961			6
2024.06.19	00:35:04.598	0.94962	0.94962			6
2024.06.19	00:35:04.634	0.94961	0.94961			6
2024.06.19	00:35:04.725	0.94962	0.94962			6
2024.06.19	00:35:04.786	0.94963	0.94963			6
2024.06.19	00:35:05.026	0.94964	0.94964			6
2024.06.19	00:35:05.058	0.94963	0.94963			6
2024.06.19	00:35:05.088	0.94964	0.94964			6
2024.06.19	00:35:05.558	0.94963	0.94963			6
2024.06.19	00:35:09.557	0.94965	0.94965			6
2024.06.19	00:35:09.618	0.94962	0.94962			6
2024.06.19	00:35:09.677	0.94961	0.94961			6
2024.06.19	00:35:09.887	0.94962	0.94962			6
2024.06.19	00:35:09.948	0.94963	0.94963			6
2024.06.19	00:35:12.106	0.94962	0.94962			6
2024.06.19	00:35:12.152	0.94961	0.94961			6
2024.06.19	00:35:12.302	0.94962	0.94962			6
2024.06.19	00:35:12.393	0.94961	0.94961			6
2024.06.19	00:35:12.451	0.94962	0.94962			6
2024.06.19	00:35:12.482	0.94961	0.94961			6
2024.06.19	00:35:12.602	0.94962	0.94962			6
2024.06.19	00:35:12.662	0.94961	0.94961			6
2024.06.19	00:35:12.963	0.94962	0.94962			6
2024.06.19	00:35:26.059	0.94963	0.94963			6
2024.06.19	00:35:33.427	0.94962	0.94962			6
2024.06.19	00:35:33.458	0.94961	0.94961			6
2024.06.19	00:35:33.578	0.94962	0.94962			6
2024.06.19	00:35:33.730	0.94961	0.94961			6
2024.06.19	00:35:35.312	0.94962	0.94962			6
2024.06.19	00:35:41.898	0.94961	0.94961			6
2024.06.19	00:35:48.299	0.94962	0.94962			6
2024.06.19	00:35:52.446	0.94961	0.94961			6
2024.06.19	00:35:55.733	0.94962	0.94962			6
2024.06.19	00:36:01.442	0.94963	0.94963			6
2024.06.19	00:36:01.503	0.94962	0.94962			6
2024.06.19	00:36:06.190	0.94963	0.94963			6
2024.06.19	00:36:07.686	0.94962	0.94962			6
2024.06.19	00:36:08.362	0.94963	0.94963			6
2024.06.19	00:36:08.562	0.94964	0.94964			6
2024.06.19	00:36:08.624	0.94962	0.94962			6
2024.06.19	00:36:08.752	0.94963	0.94963			6
2024.06.19	00:36:08.893	0.94962	0.94962			6
2024.06.19	00:36:10.528	0.94963	0.94963			6
2024.06.19	00:36:10.588	0.94962	0.94962			6
2024.06.19	00:36:10.648	0.94961	0.94961			6
2024.06.19	00:36:10.708	0.94962	0.94962			6
2024.06.19	00:36:10.737	0.94961	0.94961			6
2024.06.19	00:36:10.932	0.94962	0.94962			6
2024.06.19	00:36:11.085	0.94961	0.94961			6
2024.06.19	00:36:11.144	0.94962	0.94962			6
2024.06.19	00:36:13.641	0.94963	0.94963			6
2024.06.19	00:36:13.760	0.94962	0.94962			6
2024.06.19	00:36:14.232	0.94961	0.94961			6
2024.06.19	00:36:16.779	0.94962	0.94962			6
2024.06.19	00:36:16.841	0.94963	0.94963			6
2024.06.19	00:36:16.901	0.94962	0.94962			6
2024.06.19	00:36:16.961	0.94963	0.94963			6
2024.06.19	00:36:16.991	0.94962	0.94962			6
2024.06.19	00:36:19.858	0.94963	0.94963			6
2024.06.19	00:36:19.918	0.94964	0.94964			6
2024.06.19	00:36:19.979	0.94962	0.94962			6
2024.06.19	00:36:20.009	0.94963	0.94963			6
2024.06.19	00:36:20.222	0.94964	0.94964			6
2024.06.19	00:36:20.254	0.94963	0.94963			6
2024.06.19	00:36:20.313	0.94964	0.94964			6
2024.06.19	00:36:20.433	0.94963	0.94963			6
2024.06.19	00:36:20.674	0.94964	0.94964			6
2024.06.19	00:36:20.703	0.94963	0.94963			6
2024.06.19	00:36:21.094	0.94964	0.94964			6
2024.06.19	00:36:21.243	0.94963	0.94963			6
2024.06.19	00:36:25.106	0.94964	0.94964			6
2024.06.19	00:36:26.889	0.94963	0.94963			6
2024.06.19	00:36:35.876	0.94964	0.94964			6
2024.06.19	00:36:36.159	0.94963	0.94963			6
2024.06.19	00:36:36.492	0.94964	0.94964			6
2024.06.19	00:36:36.522	0.94962	0.94962			6
2024.06.19	00:36:36.552	0.94963	0.94963			6
2024.06.19	00:36:37.240	0.94962	0.94962			6
2024.06.19	00:36:37.270	0.94961	0.94961			6
2024.06.19	00:36:37.300	0.94962	0.94962			6
2024.06.19	00:36:43.682	0.94963	0.94963			6
2024.06.19	00:36:43.711	0.94961	0.94961			6
2024.06.19	00:36:43.785	0.94962	0.94962			6
2024.06.19	00:36:43.904	0.94963	0.94963			6
2024.06.19	00:36:43.936	0.94962	0.94962			6
2024.06.19	00:36:43.966	0.94963	0.94963			6
2024.06.19	00:36:43.995	0.94961	0.94961			6
2024.06.19	00:36:44.145	0.94962	0.94962			6
2024.06.19	00:36:44.357	0.94961	0.94961			6
2024.06.19	00:36:44.627	0.94962	0.94962			6
2024.06.19	00:36:44.657	0.94961	0.94961			6
2024.06.19	00:36:44.689	0.94962	0.94962			6
2024.06.19	00:36:44.719	0.94961	0.94961			6
2024.06.19	00:36:44.749	0.94962	0.94962			6
2024.06.19	00:36:44.823	0.94963	0.94963			6
2024.06.19	00:36:44.853	0.94962	0.94962			6
2024.06.19	00:36:45.003	0.94961	0.94961			6
2024.06.19	00:36:45.032	0.94962	0.94962			6
2024.06.19	00:36:45.097	0.94963	0.94963			6
2024.06.19	00:36:45.127	0.94961	0.94961			6
2024.06.19	00:36:45.247	0.94962	0.94962			6
2024.06.19	00:36:45.277	0.94961	0.94961			6
2024.06.19	00:36:45.308	0.94963	0.94963			6
2024.06.19	00:36:45.367	0.94961	0.94961			6
2024.06.19	00:36:45.397	0.94962	0.94962			6
2024.06.19	00:36:45.429	0.94963	0.94963			6
2024.06.19	00:36:45.458	0.94961	0.94961			6
2024.06.19	00:36:45.488	0.94957	0.94957			6
2024.06.19	00:36:45.518	0.94958	0.94958			6
2024.06.19	00:36:45.548	0.94959	0.94959			6
2024.06.19	00:36:45.578	0.94955	0.94955			6
2024.06.19	00:36:45.608	0.94956	0.94956			6
2024.06.19	00:36:45.639	0.94955	0.94955			6
2024.06.19	00:36:45.668	0.94956	0.94956			6
2024.06.19	00:36:45.728	0.94955	0.94955			6
2024.06.19	00:36:46.242	0.94956	0.94956			6
2024.06.19	00:36:46.272	0.94955	0.94955			6
2024.06.19	00:36:46.302	0.94957	0.94957			6
2024.06.19	00:36:46.332	0.94954	0.94954			6
2024.06.19	00:36:46.452	0.94957	0.94957			6
2024.06.19	00:36:46.483	0.94954	0.94954			6
2024.06.19	00:36:46.513	0.94955	0.94955			6
2024.06.19	00:36:46.544	0.94956	0.94956			6
2024.06.19	00:36:46.573	0.94955	0.94955			6
2024.06.19	00:36:46.633	0.94956	0.94956			6
2024.06.19	00:36:46.693	0.94955	0.94955			6
2024.06.19	00:36:46.723	0.94954	0.94954			6
2024.06.19	00:36:46.783	0.94956	0.94956			6
2024.06.19	00:36:46.813	0.94954	0.94954			6
2024.06.19	00:36:47.070	0.94953	0.94953			6
2024.06.19	00:36:47.100	0.94954	0.94954			6
2024.06.19	00:36:47.250	0.94955	0.94955			6
2024.06.19	00:36:47.280	0.94954	0.94954			6
2024.06.19	00:36:47.311	0.94955	0.94955			6
2024.06.19	00:36:47.340	0.94954	0.94954			6
2024.06.19	00:36:47.520	0.94953	0.94953			6
2024.06.19	00:36:47.633	0.94954	0.94954			6
2024.06.19	00:36:48.059	0.94953	0.94953			6
2024.06.19	00:36:48.090	0.94954	0.94954			6
2024.06.19	00:36:48.119	0.94956	0.94956			6
2024.06.19	00:36:48.210	0.94955	0.94955			6
2024.06.19	00:36:48.340	0.94954	0.94954			6
2024.06.19	00:36:48.419	0.94955	0.94955			6
2024.06.19	00:36:48.478	0.94954	0.94954			6
2024.06.19	00:36:48.508	0.94955	0.94955			6
2024.06.19	00:36:48.664	0.94954	0.94954			6
2024.06.19	00:36:48.783	0.94953	0.94953			6
2024.06.19	00:36:48.845	0.94954	0.94954			6
2024.06.19	00:36:48.904	0.94955	0.94955			6
2024.06.19	00:36:49.054	0.94954	0.94954			6
2024.06.19	00:36:49.084	0.94953	0.94953			6
2024.06.19	00:36:49.114	0.94956	0.94956			6
2024.06.19	00:36:49.143	0.94954	0.94954			6
2024.06.19	00:36:49.175	0.94955	0.94955			6
2024.06.19	00:36:49.204	0.94954	0.94954			6
2024.06.19	00:36:49.234	0.94955	0.94955			6
2024.06.19	00:36:49.295	0.94956	0.94956			6
2024.06.19	00:36:49.324	0.94954	0.94954			6
2024.06.19	00:36:49.354	0.94957	0.94957			6
2024.06.19	00:36:49.383	0.94955	0.94955			6
2024.06.19	00:36:49.443	0.94956	0.94956			6
2024.06.19	00:36:49.504	0.94955	0.94955			6
2024.06.19	00:36:49.533	0.94954	0.94954			6
2024.06.19	00:36:49.567	0.94955	0.94955			6
2024.06.19	00:36:49.597	0.94954	0.94954			6
2024.06.19	00:36:49.658	0.94956	0.94956			6
2024.06.19	00:36:49.688	0.94955	0.94955			6
2024.06.19	00:36:49.718	0.94954	0.94954			6
2024.06.19	00:36:49.968	0.94953	0.94953			6
2024.06.19	00:36:49.998	0.94954	0.94954			6
2024.06.19	00:36:50.282	0.94955	0.94955			6
2024.06.19	00:36:50.931	0.94956	0.94956			6
2024.06.19	00:36:50.990	0.94955	0.94955			6
2024.06.19	00:36:52.357	0.94954	0.94954			6
2024.06.19	00:36:53.497	0.94955	0.94955			6
2024.06.19	00:36:53.527	0.94956	0.94956			6
2024.06.19	00:36:53.557	0.94955	0.94955			6
2024.06.19	00:36:57.835	0.94956	0.94956			6
2024.06.19	00:36:57.864	0.94955	0.94955			6
2024.06.19	00:37:02.177	0.94954	0.94954			6
2024.06.19	00:37:02.266	0.94953	0.94953			6
2024.06.19	00:37:02.297	0.94954	0.94954			6
2024.06.19	00:37:02.507	0.94953	0.94953			6
2024.06.19	00:37:02.567	0.94954	0.94954			6
2024.06.19	00:37:02.627	0.94955	0.94955			6
2024.06.19	00:37:02.656	0.94954	0.94954			6
2024.06.19	00:37:03.126	0.94955	0.94955			6
2024.06.19	00:37:03.651	0.94954	0.94954			6
2024.06.19	00:37:07.426	0.94955	0.94955			6
2024.06.19	00:37:07.697	0.94956	0.94956			6
2024.06.19	00:37:07.847	0.94957	0.94957			6
2024.06.19	00:37:07.877	0.94955	0.94955			6
2024.06.19	00:37:07.907	0.94956	0.94956			6
2024.06.19	00:37:07.938	0.94955	0.94955			6
2024.06.19	00:37:07.999	0.94954	0.94954			6
2024.06.19	00:37:08.438	0.94955	0.94955			6
2024.06.19	00:37:08.943	0.94954	0.94954			6
2024.06.19	00:37:09.057	0.94955	0.94955			6
2024.06.19	00:37:09.558	0.94956	0.94956			6
2024.06.19	00:37:13.640	0.94958	0.94958			6
2024.06.19	00:37:13.670	0.94956	0.94956			6
2024.06.19	00:37:15.563	0.94958	0.94958			6
2024.06.19	00:37:15.740	0.94956	0.94956			6
2024.06.19	00:37:17.675	0.94955	0.94955			6
2024.06.19	00:37:29.786	0.94956	0.94956			6
2024.06.19	00:37:29.846	0.94955	0.94955			6
2024.06.19	00:37:38.032	0.94954	0.94954			6
2024.06.19	00:37:44.645	0.94955	0.94955			6
2024.06.19	00:37:44.705	0.94954	0.94954			6
2024.06.19	00:37:44.766	0.94955	0.94955			6
2024.06.19	00:37:45.369	0.94956	0.94956			6
2024.06.19	00:37:45.399	0.94957	0.94957			6
2024.06.19	00:37:45.429	0.94956	0.94956			6
2024.06.19	00:37:45.790	0.94957	0.94957			6
2024.06.19	00:37:45.851	0.94955	0.94955			6
2024.06.19	00:37:45.911	0.94954	0.94954			6
2024.06.19	00:37:45.972	0.94955	0.94955			6
2024.06.19	00:37:46.185	0.94954	0.94954			6
2024.06.19	00:37:46.215	0.94955	0.94955			6
2024.06.19	00:37:46.245	0.94954	0.94954			6
2024.06.19	00:37:46.334	0.94956	0.94956			6
2024.06.19	00:37:46.400	0.94955	0.94955			6
2024.06.19	00:37:46.430	0.94956	0.94956			6
2024.06.19	00:37:46.460	0.94955	0.94955			6
2024.06.19	00:37:46.490	0.94956	0.94956			6
2024.06.19	00:37:46.606	0.94955	0.94955			6
2024.06.19	00:37:46.816	0.94957	0.94957			6
2024.06.19	00:37:46.847	0.94956	0.94956			6
2024.06.19	00:37:46.876	0.94957	0.94957			6
2024.06.19	00:37:46.907	0.94956	0.94956			6
2024.06.19	00:37:46.936	0.94955	0.94955			6
2024.06.19	00:37:47.056	0.94956	0.94956			6
2024.06.19	00:37:47.117	0.94955	0.94955			6
2024.06.19	00:37:47.367	0.94957	0.94957			6
2024.06.19	00:37:47.427	0.94955	0.94955			6
2024.06.19	00:37:47.458	0.94956	0.94956			6
2024.06.19	00:37:47.488	0.94955	0.94955			6
2024.06.19	00:37:47.548	0.94956	0.94956			6
2024.06.19	00:37:47.578	0.94957	0.94957			6
2024.06.19	00:37:47.608	0.94956	0.94956			6
2024.06.19	00:37:47.667	0.94955	0.94955			6
2024.06.19	00:37:47.698	0.94956	0.94956			6
2024.06.19	00:37:47.788	0.94955	0.94955			6
2024.06.19	00:37:47.879	0.94957	0.94957			6
2024.06.19	00:37:47.909	0.94954	0.94954			6
2024.06.19	00:37:47.939	0.94955	0.94955			6
2024.06.19	00:37:47.969	0.94954	0.94954			6
2024.06.19	00:37:48.029	0.94955	0.94955			6
2024.06.19	00:37:48.059	0.94954	0.94954			6
2024.06.19	00:37:48.088	0.94955	0.94955			6
2024.06.19	00:37:48.119	0.94954	0.94954			6
2024.06.19	00:37:48.149	0.94956	0.94956			6
2024.06.19	00:37:48.179	0.94955	0.94955			6
2024.06.19	00:37:50.839	0.94956	0.94956			6
2024.06.19	00:37:50.899	0.94954	0.94954			6
2024.06.19	00:37:50.929	0.94953	0.94953			6
2024.06.19	00:37:50.989	0.94952	0.94952			6
2024.06.19	00:37:51.019	0.94953	0.94953			6
2024.06.19	00:37:51.049	0.94954	0.94954			6
2024.06.19	00:37:51.079	0.94953	0.94953			6
2024.06.19	00:37:51.108	0.94954	0.94954			6
2024.06.19	00:37:51.216	0.94953	0.94953			6
2024.06.19	00:37:51.247	0.94954	0.94954			6
2024.06.19	00:37:51.307	0.94953	0.94953			6
2024.06.19	00:37:51.336	0.94955	0.94955			6
2024.06.19	00:37:51.368	0.94954	0.94954			6
2024.06.19	00:37:51.398	0.94955	0.94955			6
2024.06.19	00:37:51.428	0.94956	0.94956			6
2024.06.19	00:37:51.458	0.94953	0.94953			6
2024.06.19	00:37:51.488	0.94956	0.94956			6
2024.06.19	00:37:51.518	0.94955	0.94955			6
2024.06.19	00:37:51.579	0.94954	0.94954			6
2024.06.19	00:37:51.609	0.94955	0.94955			6
2024.06.19	00:37:51.640	0.94956	0.94956			6
2024.06.19	00:37:51.669	0.94953	0.94953			6
2024.06.19	00:37:51.699	0.94956	0.94956			6
2024.06.19	00:37:51.728	0.94954	0.94954			6
2024.06.19	00:37:51.788	0.94955	0.94955			6
2024.06.19	00:37:51.908	0.94954	0.94954			6
2024.06.19	00:37:51.938	0.94953	0.94953			6
2024.06.19	00:37:51.969	0.94956	0.94956			6
2024.06.19	00:37:51.999	0.94955	0.94955			6
2024.06.19	00:37:52.029	0.94956	0.94956			6
2024.06.19	00:37:52.058	0.94957	0.94957			6
2024.06.19	00:37:52.089	0.94956	0.94956			6
2024.06.19	00:37:52.120	0.94955	0.94955			6
2024.06.19	00:37:52.149	0.94954	0.94954			6
2024.06.19	00:37:52.208	0.94956	0.94956			6
2024.06.19	00:37:52.298	0.94954	0.94954			6
2024.06.19	00:37:52.329	0.94955	0.94955			6
2024.06.19	00:37:52.359	0.94953	0.94953			6
2024.06.19	00:37:52.390	0.94954	0.94954			6
2024.06.19	00:37:52.513	0.94956	0.94956			6
2024.06.19	00:37:52.602	0.94954	0.94954			6
2024.06.19	00:37:52.633	0.94955	0.94955			6
2024.06.19	00:37:52.662	0.94956	0.94956			6
2024.06.19	00:37:52.692	0.94957	0.94957			6
2024.06.19	00:37:52.723	0.94953	0.94953			6
2024.06.19	00:37:52.753	0.94956	0.94956			6
2024.06.19	00:37:52.782	0.94955	0.94955			6
2024.06.19	00:37:52.813	0.94953	0.94953			6
2024.06.19	00:37:52.843	0.94956	0.94956			6
2024.06.19	00:37:52.873	0.94954	0.94954			6
2024.06.19	00:37:52.903	0.94956	0.94956			6
2024.06.19	00:37:52.934	0.94954	0.94954			6
2024.06.19	00:37:52.994	0.94955	0.94955			6
2024.06.19	00:37:53.023	0.94953	0.94953			6
2024.06.19	00:37:53.083	0.94956	0.94956			6
2024.06.19	00:37:53.114	0.94955	0.94955			6
2024.06.19	00:37:53.144	0.94954	0.94954			6
2024.06.19	00:37:53.174	0.94956	0.94956			6
2024.06.19	00:37:53.234	0.94954	0.94954			6
2024.06.19	00:37:53.323	0.94955	0.94955			6
2024.06.19	00:37:53.384	0.94954	0.94954			6
2024.06.19	00:37:53.474	0.94957	0.94957			6
2024.06.19	00:37:53.504	0.94956	0.94956			6
2024.06.19	00:37:53.533	0.94955	0.94955			6
2024.06.19	00:37:53.564	0.94954	0.94954			6
2024.06.19	00:37:53.623	0.94956	0.94956			6
2024.06.19	00:37:53.654	0.94957	0.94957			6
2024.06.19	00:37:53.684	0.94955	0.94955			6
2024.06.19	00:37:53.714	0.94956	0.94956			6
2024.06.19	00:37:53.744	0.94953	0.94953			6
2024.06.19	00:37:53.804	0.94955	0.94955			6
2024.06.19	00:37:53.834	0.94954	0.94954			6
2024.06.19	00:37:53.864	0.94956	0.94956			6
2024.06.19	00:37:53.924	0.94953	0.94953			6
2024.06.19	00:37:53.954	0.94956	0.94956			6
2024.06.19	00:37:54.013	0.94955	0.94955			6
2024.06.19	00:37:54.043	0.94957	0.94957			6
2024.06.19	00:37:54.104	0.94956	0.94956			6
2024.06.19	00:37:54.134	0.94957	0.94957			6
2024.06.19	00:37:54.346	0.94953	0.94953			6
2024.06.19	00:37:54.405	0.94957	0.94957			6
2024.06.19	00:37:54.465	0.94956	0.94956			6
2024.06.19	00:37:54.555	0.94955	0.94955			6
2024.06.19	00:37:54.615	0.94956	0.94956			6
2024.06.19	00:37:54.675	0.94954	0.94954			6
2024.06.19	00:37:54.735	0.94955	0.94955			6
2024.06.19	00:37:55.101	0.94957	0.94957			6
2024.06.19	00:37:55.210	0.94954	0.94954			6
2024.06.19	00:37:55.271	0.94955	0.94955			6
2024.06.19	00:37:55.300	0.94957	0.94957			6
2024.06.19	00:37:55.363	0.94953	0.94953			6
2024.06.19	00:37:55.391	0.94954	0.94954			6
2024.06.19	00:37:55.421	0.94955	0.94955			6
2024.06.19	00:37:55.481	0.94956	0.94956			6
2024.06.19	00:37:55.540	0.94954	0.94954			6
2024.06.19	00:37:55.570	0.94955	0.94955			6
2024.06.19	00:37:55.601	0.94954	0.94954			6
2024.06.19	00:37:55.630	0.94955	0.94955			6
2024.06.19	00:37:57.778	0.94956	0.94956			6
2024.06.19	00:37:57.837	0.94957	0.94957			6
2024.06.19	00:37:57.927	0.94954	0.94954			6
2024.06.19	00:37:57.988	0.94955	0.94955			6
2024.06.19	00:37:58.018	0.94954	0.94954			6
2024.06.19	00:37:58.048	0.94955	0.94955			6
2024.06.19	00:37:58.078	0.94954	0.94954			6
2024.06.19	00:37:58.108	0.94957	0.94957			6
2024.06.19	00:37:58.138	0.94955	0.94955			6
2024.06.19	00:37:58.167	0.94954	0.94954			6
2024.06.19	00:37:58.198	0.94957	0.94957			6
2024.06.19	00:37:58.288	0.94954	0.94954			6
2024.06.19	00:37:58.347	0.94957	0.94957			6
2024.06.19	00:37:58.408	0.94956	0.94956			6
2024.06.19	00:37:59.201	0.94958	0.94958			6
2024.06.19	00:37:59.231	0.94953	0.94953			6
2024.06.19	00:37:59.291	0.94955	0.94955			6
2024.06.19	00:37:59.321	0.94954	0.94954			6
2024.06.19	00:37:59.411	0.94953	0.94953			6
2024.06.19	00:37:59.441	0.94956	0.94956			6
2024.06.19	00:37:59.531	0.94957	0.94957			6
2024.06.19	00:37:59.562	0.94956	0.94956			6
2024.06.19	00:37:59.591	0.94957	0.94957			6
2024.06.19	00:37:59.621	0.94956	0.94956			6
2024.06.19	00:37:59.681	0.94958	0.94958			6
2024.06.19	00:37:59.711	0.94956	0.94956			6
2024.06.19	00:37:59.740	0.94957	0.94957			6
2024.06.19	00:37:59.771	0.94956	0.94956			6
2024.06.19	00:37:59.801	0.94958	0.94958			6
2024.06.19	00:37:59.831	0.94956	0.94956			6
2024.06.19	00:37:59.861	0.94957	0.94957			6
2024.06.19	00:37:59.951	0.94956	0.94956			6
2024.06.19	00:37:59.981	0.94955	0.94955			6
2024.06.19	00:38:00.010	0.94956	0.94956			6
2024.06.19	00:38:00.776	0.94955	0.94955			6
2024.06.19	00:38:00.815	0.94956	0.94956			6
2024.06.19	00:38:00.906	0.94955	0.94955			6
2024.06.19	00:38:00.966	0.94957	0.94957			6
2024.06.19	00:38:00.996	0.94954	0.94954			6
2024.06.19	00:38:01.057	0.94955	0.94955			6
2024.06.19	00:38:01.086	0.94957	0.94957			6
2024.06.19	00:38:01.115	0.94954	0.94954			6
2024.06.19	00:38:01.148	0.94955	0.94955			6
2024.06.19	00:38:01.206	0.94956	0.94956			6
2024.06.19	00:38:01.651	0.94955	0.94955			6
2024.06.19	00:38:01.836	0.94953	0.94953			6
2024.06.19	00:38:01.900	0.94956	0.94956			6
2024.06.19	00:38:01.929	0.94954	0.94954			6
2024.06.19	00:38:01.959	0.94955	0.94955			6
2024.06.19	00:38:02.019	0.94956	0.94956			6
2024.06.19	00:38:02.277	0.94955	0.94955			6
2024.06.19	00:38:02.308	0.94956	0.94956			6
2024.06.19	00:38:03.486	0.94954	0.94954			6
2024.06.19	00:38:03.575	0.94953	0.94953			6
2024.06.19	00:38:03.606	0.94954	0.94954			6
2024.06.19	00:38:08.364	0.94955	0.94955			6
2024.06.19	00:38:09.259	0.94954	0.94954			6
2024.06.19	00:38:10.344	0.94955	0.94955			6
2024.06.19	00:38:10.374	0.94954	0.94954			6
2024.06.19	00:38:10.435	0.94955	0.94955			6
2024.06.19	00:38:11.070	0.94956	0.94956			6
2024.06.19	00:38:11.460	0.94955	0.94955			6
2024.06.19	00:38:11.897	0.94954	0.94954			6
2024.06.19	00:38:12.077	0.94955	0.94955			6
2024.06.19	00:38:12.107	0.94954	0.94954			6
2024.06.19	00:38:12.855	0.94955	0.94955			6
2024.06.19	00:38:12.915	0.94954	0.94954			6
2024.06.19	00:38:12.945	0.94955	0.94955			6
2024.06.19	00:38:13.194	0.94954	0.94954			6
2024.06.19	00:38:13.223	0.94955	0.94955			6
2024.06.19	00:38:15.276	0.94954	0.94954			6
2024.06.19	00:38:16.349	0.94955	0.94955			6
2024.06.19	00:38:16.622	0.94954	0.94954			6
2024.06.19	00:38:16.652	0.94957	0.94957			6
2024.06.19	00:38:17.643	0.94956	0.94956			6
2024.06.19	00:38:18.424	0.94955	0.94955			6
2024.06.19	00:38:18.453	0.94953	0.94953			6
2024.06.19	00:38:18.484	0.94954	0.94954			6
2024.06.19	00:38:18.513	0.94956	0.94956			6
2024.06.19	00:38:18.573	0.94953	0.94953			6
2024.06.19	00:38:18.634	0.94956	0.94956			6
2024.06.19	00:38:18.694	0.94953	0.94953			6
2024.06.19	00:38:18.724	0.94954	0.94954			6
2024.06.19	00:38:18.757	0.94953	0.94953			6
2024.06.19	00:38:18.786	0.94955	0.94955			6
2024.06.19	00:38:18.847	0.94956	0.94956			6
2024.06.19	00:38:18.877	0.94953	0.94953			6
2024.06.19	00:38:18.937	0.94956	0.94956			6
2024.06.19	00:38:18.967	0.94955	0.94955			6
2024.06.19	00:38:18.997	0.94954	0.94954			6
2024.06.19	00:38:19.058	0.94956	0.94956			6
2024.06.19	00:38:19.237	0.94955	0.94955			6
2024.06.19	00:38:19.299	0.94954	0.94954			6
2024.06.19	00:38:19.388	0.94957	0.94957			6
2024.06.19	00:38:19.419	0.94956	0.94956			6
2024.06.19	00:38:19.449	0.94954	0.94954			6
2024.06.19	00:38:19.509	0.94953	0.94953			6
2024.06.19	00:38:19.569	0.94955	0.94955			6
2024.06.19	00:38:19.599	0.94954	0.94954			6
2024.06.19	00:38:19.629	0.94955	0.94955			6
2024.06.19	00:38:19.718	0.94954	0.94954			6
2024.06.19	00:38:19.815	0.94956	0.94956			6
2024.06.19	00:38:19.845	0.94954	0.94954			6
2024.06.19	00:38:19.875	0.94953	0.94953			6
2024.06.19	00:38:19.905	0.94954	0.94954			6
2024.06.19	00:38:19.934	0.94956	0.94956			6
2024.06.19	00:38:19.965	0.94954	0.94954			6
2024.06.19	00:38:20.085	0.94955	0.94955			6
2024.06.19	00:38:20.115	0.94954	0.94954			6
2024.06.19	00:38:20.205	0.94953	0.94953			6
2024.06.19	00:38:20.235	0.94955	0.94955			6
2024.06.19	00:38:20.265	0.94954	0.94954			6
2024.06.19	00:38:20.295	0.94953	0.94953			6
2024.06.19	00:38:20.325	0.94954	0.94954			6
2024.06.19	00:38:20.355	0.94956	0.94956			6
2024.06.19	00:38:20.414	0.94955	0.94955			6
2024.06.19	00:38:23.695	0.94953	0.94953			6
2024.06.19	00:38:23.754	0.94956	0.94956			6
2024.06.19	00:38:23.815	0.94954	0.94954			6
2024.06.19	00:38:23.905	0.94956	0.94956			6
2024.06.19	00:38:23.965	0.94953	0.94953			6
2024.06.19	00:38:24.032	0.94954	0.94954			6
2024.06.19	00:38:24.062	0.94953	0.94953			6
2024.06.19	00:38:24.091	0.94954	0.94954			6
2024.06.19	00:38:24.121	0.94952	0.94952			6
2024.06.19	00:38:24.151	0.94953	0.94953			6
2024.06.19	00:38:24.363	0.94955	0.94955			6
2024.06.19	00:38:24.393	0.94953	0.94953			6
2024.06.19	00:38:24.512	0.94954	0.94954			6
2024.06.19	00:38:24.543	0.94953	0.94953			6
2024.06.19	00:38:24.602	0.94952	0.94952			6
2024.06.19	00:38:24.662	0.94954	0.94954			6
2024.06.19	00:38:24.724	0.94956	0.94956			6
2024.06.19	00:38:24.784	0.94955	0.94955			6
2024.06.19	00:38:24.845	0.94954	0.94954			6
2024.06.19	00:38:24.876	0.94955	0.94955			6
2024.06.19	00:38:24.906	0.94956	0.94956			6
2024.06.19	00:38:24.936	0.94955	0.94955			6
2024.06.19	00:38:24.966	0.94957	0.94957			6
2024.06.19	00:38:24.996	0.94954	0.94954			6
2024.06.19	00:38:25.058	0.94956	0.94956			6
2024.06.19	00:38:25.088	0.94961	0.94961			6
2024.06.19	00:38:25.118	0.94960	0.94960			6
2024.06.19	00:38:25.149	0.94962	0.94962			6
2024.06.19	00:38:25.178	0.94960	0.94960			6
2024.06.19	00:38:25.250	0.94962	0.94962			6
2024.06.19	00:38:25.397	0.94960	0.94960			6
2024.06.19	00:38:25.505	0.94961	0.94961			6
2024.06.19	00:38:25.535	0.94960	0.94960			6
2024.06.19	00:38:25.564	0.94961	0.94961			6
2024.06.19	00:38:25.595	0.94960	0.94960			6
2024.06.19	00:38:25.624	0.94962	0.94962			6
2024.06.19	00:38:25.684	0.94959	0.94959			6
2024.06.19	00:38:25.745	0.94961	0.94961			6
2024.06.19	00:38:25.775	0.94960	0.94960			6
2024.06.19	00:38:25.896	0.94961	0.94961			6
2024.06.19	00:38:26.015	0.94960	0.94960			6
2024.06.19	00:38:26.151	0.94962	0.94962			6
2024.06.19	00:38:26.181	0.94960	0.94960			6
2024.06.19	00:38:26.211	0.94961	0.94961			6
2024.06.19	00:38:26.275	0.94960	0.94960			6
2024.06.19	00:38:26.510	0.94961	0.94961			6
2024.06.19	00:38:26.752	0.94963	0.94963			6
2024.06.19	00:38:26.812	0.94960	0.94960			6
2024.06.19	00:38:26.903	0.94963	0.94963			6
2024.06.19	00:38:26.963	0.94962	0.94962			6
2024.06.19	00:38:27.023	0.94960	0.94960			6
2024.06.19	00:38:27.052	0.94963	0.94963			6
2024.06.19	00:38:27.082	0.94964	0.94964			6
2024.06.19	00:38:27.112	0.94961	0.94961			6
2024.06.19	00:38:27.172	0.94963	0.94963			6
2024.06.19	00:38:27.202	0.94962	0.94962			6
2024.06.19	00:38:27.475	0.94961	0.94961			6
2024.06.19	00:38:27.505	0.94956	0.94956			6
2024.06.19	00:38:27.566	0.94955	0.94955			6
2024.06.19	00:38:27.631	0.94957	0.94957			6
2024.06.19	00:38:27.753	0.94955	0.94955			6
2024.06.19	00:38:27.783	0.94957	0.94957			6
2024.06.19	00:38:27.843	0.94956	0.94956			6
2024.06.19	00:38:27.902	0.94957	0.94957			6
2024.06.19	00:38:28.200	0.94956	0.94956			6
2024.06.19	00:38:28.741	0.94954	0.94954			6
2024.06.19	00:38:28.771	0.94953	0.94953			6
2024.06.19	00:38:28.833	0.94954	0.94954			6
2024.06.19	00:38:28.893	0.94955	0.94955			6
2024.06.19	00:38:28.952	0.94954	0.94954			6
2024.06.19	00:38:29.013	0.94956	0.94956			6
2024.06.19	00:38:29.075	0.94955	0.94955			6
2024.06.19	00:38:29.166	0.94956	0.94956			6
2024.06.19	00:38:29.198	0.94955	0.94955			6
2024.06.19	00:38:29.228	0.94956	0.94956			6
2024.06.19	00:38:29.692	0.94955	0.94955			6
2024.06.19	00:38:29.752	0.94953	0.94953			6
2024.06.19	00:38:29.841	0.94954	0.94954			6
2024.06.19	00:38:29.901	0.94955	0.94955			6
2024.06.19	00:38:29.962	0.94956	0.94956			6
2024.06.19	00:38:30.183	0.94955	0.94955			6
2024.06.19	00:38:30.243	0.94954	0.94954			6
2024.06.19	00:38:30.334	0.94955	0.94955			6
2024.06.19	00:38:30.394	0.94954	0.94954			6
2024.06.19	00:38:30.484	0.94955	0.94955			6
2024.06.19	00:38:30.765	0.94954	0.94954			6
2024.06.19	00:38:34.182	0.94956	0.94956			6
2024.06.19	00:38:34.212	0.94955	0.94955			6
2024.06.19	00:38:35.861	0.94956	0.94956			6
2024.06.19	00:38:35.922	0.94955	0.94955			6
2024.06.19	00:38:36.056	0.94954	0.94954			6
2024.06.19	00:38:36.086	0.94955	0.94955			6
2024.06.19	00:38:36.357	0.94954	0.94954			6
2024.06.19	00:38:36.448	0.94955	0.94955			6
2024.06.19	00:38:36.478	0.94954	0.94954			6
2024.06.19	00:38:36.537	0.94955	0.94955			6
2024.06.19	00:38:36.568	0.94954	0.94954			6
2024.06.19	00:38:36.598	0.94955	0.94955			6
2024.06.19	00:38:36.659	0.94954	0.94954			6
2024.06.19	00:38:36.900	0.94955	0.94955			6
2024.06.19	00:38:36.930	0.94954	0.94954			6
2024.06.19	00:38:36.959	0.94956	0.94956			6
2024.06.19	00:38:36.989	0.94955	0.94955			6
2024.06.19	00:38:37.019	0.94956	0.94956			6
2024.06.19	00:38:37.079	0.94955	0.94955			6
2024.06.19	00:38:37.110	0.94956	0.94956			6
2024.06.19	00:38:37.200	0.94955	0.94955			6
2024.06.19	00:38:37.259	0.94956	0.94956			6
2024.06.19	00:38:37.290	0.94955	0.94955			6
2024.06.19	00:38:37.319	0.94954	0.94954			6
2024.06.19	00:38:37.380	0.94955	0.94955			6
2024.06.19	00:38:37.470	0.94956	0.94956			6
2024.06.19	00:38:37.500	0.94955	0.94955			6
2024.06.19	00:38:37.590	0.94954	0.94954			6
2024.06.19	00:38:37.619	0.94955	0.94955			6
2024.06.19	00:38:37.800	0.94956	0.94956			6
2024.06.19	00:38:37.831	0.94955	0.94955			6
2024.06.19	00:38:37.890	0.94956	0.94956			6
2024.06.19	00:38:37.921	0.94958	0.94958			6
2024.06.19	00:38:37.957	0.94956	0.94956			6
2024.06.19	00:38:38.048	0.94954	0.94954			6
2024.06.19	00:38:38.162	0.94956	0.94956			6
2024.06.19	00:38:38.192	0.94955	0.94955			6
2024.06.19	00:38:38.344	0.94954	0.94954			6
2024.06.19	00:38:38.373	0.94955	0.94955			6
2024.06.19	00:38:38.403	0.94956	0.94956			6
2024.06.19	00:38:38.434	0.94955	0.94955			6
2024.06.19	00:38:38.463	0.94954	0.94954			6
2024.06.19	00:38:38.494	0.94955	0.94955			6
2024.06.19	00:38:38.553	0.94954	0.94954			6
2024.06.19	00:38:38.585	0.94955	0.94955			6
2024.06.19	00:38:38.675	0.94956	0.94956			6
2024.06.19	00:38:38.705	0.94955	0.94955			6
2024.06.19	00:38:38.734	0.94954	0.94954			6
2024.06.19	00:38:38.794	0.94955	0.94955			6
2024.06.19	00:38:38.824	0.94956	0.94956			6
2024.06.19	00:38:38.854	0.94955	0.94955			6
2024.06.19	00:38:39.045	0.94954	0.94954			6
2024.06.19	00:38:39.627	0.94955	0.94955			6
2024.06.19	00:38:41.547	0.94956	0.94956			6
2024.06.19	00:38:42.241	0.94955	0.94955			6
2024.06.19	00:38:42.840	0.94954	0.94954			6
2024.06.19	00:38:42.961	0.94955	0.94955			6
2024.06.19	00:38:42.990	0.94954	0.94954			6
2024.06.19	00:38:43.020	0.94955	0.94955			6
2024.06.19	00:38:43.050	0.94954	0.94954			6
2024.06.19	00:38:43.298	0.94955	0.94955			6
2024.06.19	00:38:43.358	0.94954	0.94954			6
2024.06.19	00:38:43.387	0.94955	0.94955			6
2024.06.19	00:38:43.418	0.94954	0.94954			6
2024.06.19	00:38:43.447	0.94955	0.94955			6
2024.06.19	00:38:43.991	0.94954	0.94954			6
2024.06.19	00:38:44.022	0.94955	0.94955			6
2024.06.19	00:38:44.237	0.94954	0.94954			6
2024.06.19	00:38:44.297	0.94955	0.94955			6
2024.06.19	00:38:44.572	0.94954	0.94954			6
2024.06.19	00:38:44.604	0.94955	0.94955			6
2024.06.19	00:38:44.725	0.94954	0.94954			6
2024.06.19	00:38:44.755	0.94955	0.94955			6
2024.06.19	00:38:44.875	0.94956	0.94956			6
2024.06.19	00:38:45.545	0.94955	0.94955			6
2024.06.19	00:38:45.914	0.94954	0.94954			6
2024.06.19	00:38:45.997	0.94956	0.94956			6
2024.06.19	00:38:46.026	0.94955	0.94955			6
2024.06.19	00:38:48.682	0.94956	0.94956			6
2024.06.19	00:38:48.803	0.94955	0.94955			6
2024.06.19	00:38:49.043	0.94954	0.94954			6
2024.06.19	00:38:49.073	0.94955	0.94955			6
2024.06.19	00:38:49.135	0.94954	0.94954			6
2024.06.19	00:38:49.166	0.94955	0.94955			6
2024.06.19	00:38:49.316	0.94956	0.94956			6
2024.06.19	00:38:49.406	0.94955	0.94955			6
2024.06.19	00:38:49.510	0.94956	0.94956			6
2024.06.19	00:38:49.540	0.94955	0.94955			6
2024.06.19	00:38:49.932	0.94956	0.94956			6
2024.06.19	00:38:49.991	0.94955	0.94955			6
2024.06.19	00:38:50.021	0.94956	0.94956			6
2024.06.19	00:38:50.052	0.94955	0.94955			6
2024.06.19	00:38:50.232	0.94956	0.94956			6
2024.06.19	00:38:50.263	0.94955	0.94955			6
2024.06.19	00:38:50.293	0.94956	0.94956			6
2024.06.19	00:38:50.323	0.94954	0.94954			6
2024.06.19	00:38:50.595	0.94955	0.94955			6
2024.06.19	00:38:50.625	0.94954	0.94954			6
2024.06.19	00:38:50.656	0.94955	0.94955			6
2024.06.19	00:38:50.686	0.94954	0.94954			6
2024.06.19	00:38:50.775	0.94955	0.94955			6
2024.06.19	00:38:50.806	0.94954	0.94954			6
2024.06.19	00:38:50.925	0.94955	0.94955			6
2024.06.19	00:38:50.955	0.94954	0.94954			6
2024.06.19	00:38:51.016	0.94956	0.94956			6
2024.06.19	00:38:51.167	0.94955	0.94955			6
2024.06.19	00:38:51.197	0.94954	0.94954			6
2024.06.19	00:38:51.258	0.94955	0.94955			6
2024.06.19	00:38:51.410	0.94956	0.94956			6
2024.06.19	00:38:51.440	0.94955	0.94955			6
2024.06.19	00:38:51.500	0.94954	0.94954			6
2024.06.19	00:38:51.530	0.94955	0.94955			6
2024.06.19	00:38:51.559	0.94954	0.94954			6
2024.06.19	00:38:51.590	0.94955	0.94955			6
2024.06.19	00:38:51.651	0.94954	0.94954			6
2024.06.19	00:38:51.861	0.94955	0.94955			6
2024.06.19	00:38:51.951	0.94954	0.94954			6
2024.06.19	00:38:52.010	0.94955	0.94955			6
2024.06.19	00:38:52.040	0.94954	0.94954			6
2024.06.19	00:38:52.456	0.94955	0.94955			6
2024.06.19	00:38:52.486	0.94954	0.94954			6
2024.06.19	00:38:52.517	0.94955	0.94955			6
2024.06.19	00:38:52.550	0.94954	0.94954			6
2024.06.19	00:38:52.699	0.94955	0.94955			6
2024.06.19	00:38:52.941	0.94954	0.94954			6
2024.06.19	00:38:52.971	0.94955	0.94955			6
2024.06.19	00:38:53.210	0.94956	0.94956			6
2024.06.19	00:38:53.242	0.94955	0.94955			6
2024.06.19	00:38:53.331	0.94954	0.94954			6
2024.06.19	00:38:53.451	0.94955	0.94955			6
2024.06.19	00:38:53.570	0.94954	0.94954			6
2024.06.19	00:38:53.821	0.94955	0.94955			6
2024.06.19	00:39:01.181	0.94956	0.94956			6
2024.06.19	00:39:02.504	0.94955	0.94955			6
2024.06.19	00:39:02.575	0.94956	0.94956			6
2024.06.19	00:39:02.604	0.94955	0.94955			6
2024.06.19	00:39:02.634	0.94956	0.94956			6
2024.06.19	00:39:02.665	0.94954	0.94954			6
2024.06.19	00:39:02.694	0.94955	0.94955			6
2024.06.19	00:39:02.784	0.94954	0.94954			6
2024.06.19	00:39:02.814	0.94956	0.94956			6
2024.06.19	00:39:02.845	0.94955	0.94955			6
2024.06.19	00:39:02.875	0.94956	0.94956			6
2024.06.19	00:39:02.934	0.94955	0.94955			6
2024.06.19	00:39:03.475	0.94954	0.94954			6
2024.06.19	00:39:03.505	0.94955	0.94955			6
2024.06.19	00:39:09.047	0.94954	0.94954			6
2024.06.19	00:39:09.138	0.94955	0.94955			6
2024.06.19	00:39:09.169	0.94956	0.94956			6
2024.06.19	00:39:09.228	0.94955	0.94955			6
2024.06.19	00:39:09.259	0.94956	0.94956			6
2024.06.19	00:39:09.289	0.94955	0.94955			6
2024.06.19	00:39:09.348	0.94954	0.94954			6
2024.06.19	00:39:09.409	0.94955	0.94955			6
2024.06.19	00:39:09.475	0.94954	0.94954			6
2024.06.19	00:39:09.534	0.94956	0.94956			6
2024.06.19	00:39:09.565	0.94955	0.94955			6
2024.06.19	00:39:09.595	0.94954	0.94954			6
2024.06.19	00:39:09.625	0.94955	0.94955			6
2024.06.19	00:39:09.655	0.94956	0.94956			6
2024.06.19	00:39:09.685	0.94955	0.94955			6
2024.06.19	00:39:09.716	0.94956	0.94956			6
2024.06.19	00:39:09.746	0.94955	0.94955			6
2024.06.19	00:39:09.776	0.94956	0.94956			6
2024.06.19	00:39:09.807	0.94955	0.94955			6
2024.06.19	00:39:10.017	0.94956	0.94956			6
2024.06.19	00:39:10.046	0.94955	0.94955			6
2024.06.19	00:39:10.137	0.94954	0.94954			6
2024.06.19	00:39:10.198	0.94955	0.94955			6
2024.06.19	00:39:12.797	0.94954	0.94954			6
2024.06.19	00:39:12.917	0.94955	0.94955			6
2024.06.19	00:39:12.977	0.94954	0.94954			6
2024.06.19	00:39:13.097	0.94956	0.94956			6
2024.06.19	00:39:13.129	0.94954	0.94954			6
2024.06.19	00:39:13.157	0.94955	0.94955			6
2024.06.19	00:39:13.218	0.94954	0.94954			6
2024.06.19	00:39:13.248	0.94955	0.94955			6
2024.06.19	00:39:13.367	0.94954	0.94954			6
2024.06.19	00:39:13.428	0.94955	0.94955			6
2024.06.19	00:39:13.518	0.94954	0.94954			6
2024.06.19	00:39:13.579	0.94955	0.94955			6
2024.06.19	00:39:13.609	0.94954	0.94954			6
2024.06.19	00:39:13.638	0.94955	0.94955			6
2024.06.19	00:39:13.668	0.94954	0.94954			6
2024.06.19	00:39:13.698	0.94955	0.94955			6
2024.06.19	00:39:13.848	0.94956	0.94956			6
2024.06.19	00:39:13.879	0.94955	0.94955			6
2024.06.19	00:39:13.909	0.94956	0.94956			6
2024.06.19	00:39:13.940	0.94955	0.94955			6
2024.06.19	00:39:14.001	0.94956	0.94956			6
2024.06.19	00:39:14.091	0.94955	0.94955			6
2024.06.19	00:39:14.121	0.94954	0.94954			6
2024.06.19	00:39:14.151	0.94955	0.94955			6
2024.06.19	00:39:14.210	0.94954	0.94954			6
2024.06.19	00:39:14.240	0.94956	0.94956			6
2024.06.19	00:39:14.361	0.94955	0.94955			6
2024.06.19	00:39:14.452	0.94956	0.94956			6
2024.06.19	00:39:14.543	0.94954	0.94954			6
2024.06.19	00:39:14.603	0.94955	0.94955			6
2024.06.19	00:39:14.662	0.94954	0.94954			6
2024.06.19	00:39:14.693	0.94955	0.94955			6
2024.06.19	00:39:14.872	0.94956	0.94956			6
2024.06.19	00:39:14.964	0.94955	0.94955			6
2024.06.19	00:39:15.023	0.94956	0.94956			6
2024.06.19	00:39:15.116	0.94954	0.94954			6
2024.06.19	00:39:15.146	0.94955	0.94955			6
2024.06.19	00:39:15.235	0.94956	0.94956			6
2024.06.19	00:39:15.327	0.94955	0.94955			6
2024.06.19	00:39:15.416	0.94954	0.94954			6
2024.06.19	00:39:15.506	0.94955	0.94955			6
2024.06.19	00:39:15.596	0.94954	0.94954			6
2024.06.19	00:39:15.717	0.94955	0.94955			6
2024.06.19	00:39:15.789	0.94954	0.94954			6
2024.06.19	00:39:15.939	0.94955	0.94955			6
2024.06.19	00:39:20.033	0.94956	0.94956			6
2024.06.19	00:39:20.141	0.94955	0.94955			6
2024.06.19	00:39:20.261	0.94956	0.94956			6
2024.06.19	00:39:20.576	0.94955	0.94955			6
2024.06.19	00:39:20.705	0.94956	0.94956			6
2024.06.19	00:39:20.854	0.94955	0.94955			6
2024.06.19	00:39:20.883	0.94956	0.94956			6
2024.06.19	00:39:20.973	0.94957	0.94957			6
2024.06.19	00:39:21.034	0.94956	0.94956			6
2024.06.19	00:39:21.096	0.94955	0.94955			6
2024.06.19	00:39:21.126	0.94956	0.94956			6
2024.06.19	00:39:25.407	0.94955	0.94955			6
2024.06.19	00:39:25.535	0.94956	0.94956			6
2024.06.19	00:39:25.565	0.94958	0.94958			6
2024.06.19	00:39:25.597	0.94957	0.94957			6
2024.06.19	00:39:25.657	0.94955	0.94955			6
2024.06.19	00:39:25.717	0.94957	0.94957			6
2024.06.19	00:39:25.747	0.94955	0.94955			6
2024.06.19	00:39:25.836	0.94956	0.94956			6
2024.06.19	00:39:25.896	0.94955	0.94955			6
2024.06.19	00:39:25.926	0.94956	0.94956			6
2024.06.19	00:39:25.987	0.94955	0.94955			6
2024.06.19	00:39:26.077	0.94956	0.94956			6
2024.06.19	00:39:26.106	0.94955	0.94955			6
2024.06.19	00:39:26.166	0.94956	0.94956			6
2024.06.19	00:39:26.196	0.94955	0.94955			6
2024.06.19	00:39:26.227	0.94956	0.94956			6
2024.06.19	00:39:26.406	0.94955	0.94955			6
2024.06.19	00:39:26.466	0.94956	0.94956			6
2024.06.19	00:39:26.496	0.94955	0.94955			6
2024.06.19	00:39:26.527	0.94956	0.94956			6
2024.06.19	00:39:26.556	0.94955	0.94955			6
2024.06.19	00:39:26.586	0.94956	0.94956			6
2024.06.19	00:39:26.676	0.94955	0.94955			6
2024.06.19	00:39:26.768	0.94956	0.94956			6
2024.06.19	00:39:26.827	0.94955	0.94955			6
2024.06.19	00:39:26.871	0.94956	0.94956			6
2024.06.19	00:39:26.901	0.94955	0.94955			6
2024.06.19	00:39:26.992	0.94956	0.94956			6
2024.06.19	00:39:27.293	0.94957	0.94957			6
2024.06.19	00:39:27.442	0.94956	0.94956			6
2024.06.19	00:39:27.593	0.94955	0.94955			6
2024.06.19	00:39:27.623	0.94956	0.94956			6
2024.06.19	00:39:27.652	0.94955	0.94955			6
2024.06.19	00:39:27.683	0.94954	0.94954			6
2024.06.19	00:39:27.713	0.94956	0.94956			6
2024.06.19	00:39:28.014	0.94955	0.94955			6
2024.06.19	00:39:28.044	0.94958	0.94958			6
2024.06.19	00:39:28.073	0.94956	0.94956			6
2024.06.19	00:39:28.133	0.94955	0.94955			6
2024.06.19	00:39:28.163	0.94956	0.94956			6
2024.06.19	00:39:28.223	0.94954	0.94954			6
2024.06.19	00:39:28.344	0.94955	0.94955			6
2024.06.19	00:39:28.403	0.94957	0.94957			6
2024.06.19	00:39:28.434	0.94958	0.94958			6
2024.06.19	00:39:28.463	0.94957	0.94957			6
2024.06.19	00:39:28.553	0.94958	0.94958			6
2024.06.19	00:39:28.583	0.94957	0.94957			6
2024.06.19	00:39:28.644	0.94956	0.94956			6
2024.06.19	00:39:28.734	0.94955	0.94955			6
2024.06.19	00:39:28.764	0.94957	0.94957			6
2024.06.19	00:39:28.794	0.94955	0.94955			6
2024.06.19	00:39:28.824	0.94956	0.94956			6
2024.06.19	00:39:28.974	0.94957	0.94957			6
2024.06.19	00:39:29.304	0.94958	0.94958			6
2024.06.19	00:39:29.336	0.94957	0.94957			6
2024.06.19	00:39:29.366	0.94956	0.94956			6
2024.06.19	00:39:29.426	0.94955	0.94955			6
2024.06.19	00:39:29.456	0.94956	0.94956			6
2024.06.19	00:39:29.485	0.94955	0.94955			6
2024.06.19	00:39:29.516	0.94956	0.94956			6
2024.06.19	00:39:29.575	0.94955	0.94955			6
2024.06.19	00:39:29.766	0.94957	0.94957			6
2024.06.19	00:39:30.127	0.94956	0.94956			6
2024.06.19	00:39:30.174	0.94955	0.94955			6
2024.06.19	00:39:30.413	0.94957	0.94957			6
2024.06.19	00:39:30.474	0.94955	0.94955			6
2024.06.19	00:39:30.537	0.94956	0.94956			6
2024.06.19	00:39:30.610	0.94955	0.94955			6
2024.06.19	00:39:30.766	0.94956	0.94956			6
2024.06.19	00:39:30.826	0.94955	0.94955			6
2024.06.19	00:39:30.857	0.94956	0.94956			6
2024.06.19	00:39:30.887	0.94957	0.94957			6
2024.06.19	00:39:30.947	0.94956	0.94956			6
2024.06.19	00:39:31.067	0.94955	0.94955			6
2024.06.19	00:39:31.247	0.94956	0.94956			6
2024.06.19	00:39:31.278	0.94954	0.94954			6
2024.06.19	00:39:31.308	0.94955	0.94955			6
2024.06.19	00:39:32.053	0.94956	0.94956			6
2024.06.19	00:39:32.202	0.94955	0.94955			6
2024.06.19	00:39:32.232	0.94958	0.94958			6
2024.06.19	00:39:32.298	0.94957	0.94957			6
2024.06.19	00:39:32.328	0.94956	0.94956			6
2024.06.19	00:39:32.419	0.94955	0.94955			6
2024.06.19	00:39:32.897	0.94956	0.94956			6
2024.06.19	00:39:33.078	0.94955	0.94955			6
2024.06.19	00:39:33.137	0.94956	0.94956			6
2024.06.19	00:39:33.168	0.94955	0.94955			6
2024.06.19	00:39:33.199	0.94956	0.94956			6
2024.06.19	00:39:33.258	0.94955	0.94955			6
2024.06.19	00:39:33.319	0.94956	0.94956			6
2024.06.19	00:39:33.410	0.94955	0.94955			6
2024.06.19	00:39:33.439	0.94956	0.94956			6
2024.06.19	00:39:33.499	0.94957	0.94957			6
2024.06.19	00:39:33.529	0.94956	0.94956			6
2024.06.19	00:39:33.559	0.94957	0.94957			6
2024.06.19	00:39:33.589	0.94956	0.94956			6
2024.06.19	00:39:33.649	0.94954	0.94954			6
2024.06.19	00:39:33.680	0.94955	0.94955			6
2024.06.19	00:39:33.739	0.94956	0.94956			6
2024.06.19	00:39:33.921	0.94955	0.94955			6
2024.06.19	00:39:33.951	0.94956	0.94956			6
2024.06.19	00:39:34.041	0.94955	0.94955			6
2024.06.19	00:39:34.252	0.94956	0.94956			6
2024.06.19	00:39:34.282	0.94955	0.94955			6
2024.06.19	00:39:34.312	0.94956	0.94956			6
2024.06.19	00:39:34.581	0.94954	0.94954			6
2024.06.19	00:39:34.643	0.94956	0.94956			6
2024.06.19	00:39:34.945	0.94955	0.94955			6
2024.06.19	00:39:34.975	0.94956	0.94956			6
2024.06.19	00:39:35.005	0.94955	0.94955			6
2024.06.19	00:39:35.035	0.94956	0.94956			6
2024.06.19	00:39:35.065	0.94955	0.94955			6
2024.06.19	00:39:35.125	0.94956	0.94956			6
2024.06.19	00:39:35.186	0.94955	0.94955			6
2024.06.19	00:39:35.246	0.94956	0.94956			6
2024.06.19	00:39:35.306	0.94955	0.94955			6
2024.06.19	00:39:35.337	0.94954	0.94954			6
2024.06.19	00:39:35.367	0.94956	0.94956			6
2024.06.19	00:39:35.666	0.94957	0.94957			6
2024.06.19	00:39:35.787	0.94958	0.94958			6
2024.06.19	00:39:35.934	0.94957	0.94957			6
2024.06.19	00:39:35.963	0.94956	0.94956			6
2024.06.19	00:39:35.994	0.94957	0.94957			6
2024.06.19	00:39:36.399	0.94958	0.94958			6
2024.06.19	00:39:38.839	0.94957	0.94957			6
2024.06.19	00:39:38.870	0.94956	0.94956			6
2024.06.19	00:39:38.940	0.94955	0.94955			6
2024.06.19	00:39:38.999	0.94956	0.94956			6
2024.06.19	00:39:39.059	0.94955	0.94955			6
2024.06.19	00:39:39.120	0.94954	0.94954			6
2024.06.19	00:39:39.149	0.94955	0.94955			6
2024.06.19	00:39:39.691	0.94956	0.94956			6
2024.06.19	00:39:39.722	0.94955	0.94955			6
2024.06.19	00:39:39.781	0.94954	0.94954			6
2024.06.19	00:39:39.811	0.94955	0.94955			6
2024.06.19	00:39:39.873	0.94956	0.94956			6
2024.06.19	00:39:40.026	0.94955	0.94955			6
2024.06.19	00:39:40.056	0.94957	0.94957			6
2024.06.19	00:39:40.205	0.94956	0.94956			6
2024.06.19	00:39:40.237	0.94958	0.94958			6
2024.06.19	00:39:40.297	0.94956	0.94956			6
2024.06.19	00:39:40.327	0.94958	0.94958			6
2024.06.19	00:39:40.357	0.94957	0.94957			6
2024.06.19	00:39:40.387	0.94956	0.94956			6
2024.06.19	00:39:40.416	0.94958	0.94958			6
2024.06.19	00:39:40.446	0.94957	0.94957			6
2024.06.19	00:39:40.536	0.94955	0.94955			6
2024.06.19	00:39:40.566	0.94959	0.94959			6
2024.06.19	00:39:40.596	0.94957	0.94957			6
2024.06.19	00:39:40.657	0.94956	0.94956			6
2024.06.19	00:39:40.687	0.94957	0.94957			6
2024.06.19	00:39:40.716	0.94956	0.94956			6
2024.06.19	00:39:40.746	0.94957	0.94957			6
2024.06.19	00:39:40.776	0.94956	0.94956			6
2024.06.19	00:39:40.837	0.94955	0.94955			6
2024.06.19	00:39:40.866	0.94956	0.94956			6
2024.06.19	00:39:40.897	0.94955	0.94955			6
2024.06.19	00:39:40.956	0.94956	0.94956			6
2024.06.19	00:39:41.047	0.94955	0.94955			6
2024.06.19	00:39:41.078	0.94956	0.94956			6
2024.06.19	00:39:41.167	0.94958	0.94958			6
2024.06.19	00:39:41.197	0.94957	0.94957			6
2024.06.19	00:39:41.308	0.94959	0.94959			6
2024.06.19	00:39:41.337	0.94957	0.94957			6
2024.06.19	00:39:41.369	0.94958	0.94958			6
2024.06.19	00:39:41.399	0.94957	0.94957			6
2024.06.19	00:39:41.489	0.94956	0.94956			6
2024.06.19	00:39:41.610	0.94955	0.94955			6
2024.06.19	00:39:41.640	0.94954	0.94954			6
2024.06.19	00:39:41.669	0.94955	0.94955			6
2024.06.19	00:39:41.699	0.94956	0.94956			6
2024.06.19	00:39:41.729	0.94955	0.94955			6
2024.06.19	00:39:41.789	0.94956	0.94956			6
2024.06.19	00:39:41.820	0.94955	0.94955			6
2024.06.19	00:39:42.007	0.94956	0.94956			6
2024.06.19	00:39:42.201	0.94958	0.94958			6
2024.06.19	00:39:42.231	0.94956	0.94956			6
2024.06.19	00:39:42.261	0.94955	0.94955			6
2024.06.19	00:39:42.290	0.94956	0.94956			6
2024.06.19	00:39:42.380	0.94957	0.94957			6
2024.06.19	00:39:42.476	0.94956	0.94956			6
2024.06.19	00:39:42.538	0.94958	0.94958			6
2024.06.19	00:39:42.567	0.94956	0.94956			6
2024.06.19	00:39:42.627	0.94957	0.94957			6
2024.06.19	00:39:42.657	0.94956	0.94956			6
2024.06.19	00:39:42.687	0.94957	0.94957			6
2024.06.19	00:39:42.716	0.94956	0.94956			6
2024.06.19	00:39:42.866	0.94957	0.94957			6
2024.06.19	00:39:42.897	0.94956	0.94956			6
2024.06.19	00:39:43.354	0.94955	0.94955			6
2024.06.19	00:39:43.473	0.94956	0.94956			6
2024.06.19	00:39:43.503	0.94957	0.94957			6
2024.06.19	00:39:43.534	0.94956	0.94956			6
2024.06.19	00:39:43.563	0.94955	0.94955			6
2024.06.19	00:39:43.782	0.94956	0.94956			6
2024.06.19	00:39:43.841	0.94957	0.94957			6
2024.06.19	00:39:43.901	0.94956	0.94956			6
2024.06.19	00:39:43.930	0.94954	0.94954			6
2024.06.19	00:39:44.052	0.94955	0.94955			6
2024.06.19	00:39:44.232	0.94954	0.94954			6
2024.06.19	00:39:44.261	0.94955	0.94955			6
2024.06.19	00:39:44.291	0.94954	0.94954			6
2024.06.19	00:39:44.352	0.94955	0.94955			6
2024.06.19	00:39:44.412	0.94956	0.94956			6
2024.06.19	00:39:44.443	0.94955	0.94955			6
2024.06.19	00:39:44.472	0.94956	0.94956			6
2024.06.19	00:39:44.562	0.94954	0.94954			6
2024.06.19	00:39:44.623	0.94955	0.94955			6
2024.06.19	00:39:44.652	0.94954	0.94954			6
2024.06.19	00:39:44.682	0.94955	0.94955			6
2024.06.19	00:39:45.114	0.94956	0.94956			6
2024.06.19	00:39:45.145	0.94955	0.94955			6
2024.06.19	00:39:45.359	0.94956	0.94956			6
2024.06.19	00:39:45.389	0.94957	0.94957			6
2024.06.19	00:39:45.585	0.94956	0.94956			6
2024.06.19	00:39:45.948	0.94957	0.94957			6
2024.06.19	00:39:45.977	0.94956	0.94956			6
2024.06.19	00:39:46.130	0.94957	0.94957			6
2024.06.19	00:39:46.159	0.94956	0.94956			6
2024.06.19	00:39:46.219	0.94957	0.94957			6
2024.06.19	00:39:46.249	0.94954	0.94954			6
2024.06.19	00:39:46.369	0.94955	0.94955			6
2024.06.19	00:39:46.490	0.94954	0.94954			6
2024.06.19	00:39:46.520	0.94955	0.94955			6
2024.06.19	00:39:46.628	0.94954	0.94954			6
2024.06.19	00:39:46.658	0.94955	0.94955			6
2024.06.19	00:39:46.974	0.94956	0.94956			6
2024.06.19	00:39:47.005	0.94955	0.94955			6
2024.06.19	00:39:47.066	0.94956	0.94956			6
