<DATE>	<TIME>	<BID>	<ASK>	<LAST>	<VOLUME>	<FLAGS>
2024.03.27	00:00:05.423	0.97891	0.97891			6
2024.03.27	00:00:06.123	0.97894	0.97894			6
2024.03.27	00:00:06.319	0.97892	0.97892			6
2024.03.27	00:00:06.461	0.97891	0.97891			6
2024.03.27	00:00:06.545	0.97892	0.97892			6
2024.03.27	00:00:06.562	0.97893	0.97893			6
2024.03.27	00:00:06.739	0.97886	0.97886			6
2024.03.27	00:00:06.739	0.97884	0.97884			6
2024.03.27	00:00:06.749	0.97886	0.97886			6
2024.03.27	00:00:06.920	0.97884	0.97884			6
2024.03.27	00:00:06.977	0.97881	0.97881			6
2024.03.27	00:00:06.977	0.97883	0.97883			6
2024.03.27	00:00:07.007	0.97885	0.97885			6
2024.03.27	00:00:07.007	0.97884	0.97884			6
2024.03.27	00:00:07.093	0.97886	0.97886			6
2024.03.27	00:00:07.198	0.97885	0.97885			6
2024.03.27	00:00:07.247	0.97886	0.97886			6
2024.03.27	00:00:07.247	0.97887	0.97887			6
2024.03.27	00:00:07.248	0.97888	0.97888			6
2024.03.27	00:00:07.248	0.97889	0.97889			6
2024.03.27	00:00:07.272	0.97888	0.97888			6
2024.03.27	00:00:07.344	0.97889	0.97889			6
2024.03.27	00:00:07.352	0.97888	0.97888			6
2024.03.27	00:00:07.352	0.97889	0.97889			6
2024.03.27	00:00:07.352	0.97893	0.97893			6
2024.03.27	00:00:07.352	0.97892	0.97892			6
2024.03.27	00:00:07.353	0.97894	0.97894			6
2024.03.27	00:00:07.392	0.97893	0.97893			6
2024.03.27	00:00:07.426	0.97894	0.97894			6
2024.03.27	00:00:07.447	0.97889	0.97889			6
2024.03.27	00:00:07.447	0.97890	0.97890			6
2024.03.27	00:00:07.456	0.97891	0.97891			6
2024.03.27	00:00:07.494	0.97890	0.97890			6
2024.03.27	00:00:07.548	0.97892	0.97892			6
2024.03.27	00:00:07.548	0.97893	0.97893			6
2024.03.27	00:00:07.557	0.97892	0.97892			6
2024.03.27	00:00:07.567	0.97891	0.97891			6
2024.03.27	00:00:07.571	0.97892	0.97892			6
2024.03.27	00:00:07.571	0.97891	0.97891			6
2024.03.27	00:00:07.639	0.97893	0.97893			6
2024.03.27	00:00:07.655	0.97894	0.97894			6
2024.03.27	00:00:07.656	0.97898	0.97898			6
2024.03.27	00:00:07.755	0.97900	0.97900			6
2024.03.27	00:00:08.194	0.97901	0.97901			6
2024.03.27	00:00:08.345	0.97900	0.97900			6
2024.03.27	00:00:10.094	0.97896	0.97896			6
2024.03.27	00:00:10.155	0.97895	0.97895			6
2024.03.27	00:00:10.185	0.97894	0.97894			6
2024.03.27	00:00:10.305	0.97893	0.97893			6
2024.03.27	00:00:10.636	0.97894	0.97894			6
2024.03.27	00:00:10.697	0.97893	0.97893			6
2024.03.27	00:00:10.727	0.97894	0.97894			6
2024.03.27	00:00:10.786	0.97893	0.97893			6
2024.03.27	00:00:11.028	0.97894	0.97894			6
2024.03.27	00:00:11.058	0.97899	0.97899			6
2024.03.27	00:00:11.245	0.97900	0.97900			6
2024.03.27	00:00:11.638	0.97901	0.97901			6
2024.03.27	00:00:11.790	0.97902	0.97902			6
2024.03.27	00:00:11.881	0.97901	0.97901			6
2024.03.27	00:00:11.941	0.97902	0.97902			6
2024.03.27	00:00:12.699	0.97899	0.97899			6
2024.03.27	00:00:19.124	0.97898	0.97898			6
2024.03.27	00:00:27.231	0.97899	0.97899			6
2024.03.27	00:00:27.418	0.97900	0.97900			6
2024.03.27	00:00:27.449	0.97898	0.97898			6
2024.03.27	00:00:27.875	0.97897	0.97897			6
2024.03.27	00:00:27.905	0.97896	0.97896			6
2024.03.27	00:00:27.965	0.97895	0.97895			6
2024.03.27	00:00:28.555	0.97896	0.97896			6
2024.03.27	00:00:31.136	0.97895	0.97895			6
2024.03.27	00:01:04.754	0.97897	0.97897			6
2024.03.27	00:01:11.581	0.97896	0.97896			6
2024.03.27	00:01:11.611	0.97894	0.97894			6
2024.03.27	00:01:11.642	0.97893	0.97893			6
2024.03.27	00:01:12.012	0.97892	0.97892			6
2024.03.27	00:01:12.344	0.97891	0.97891			6
2024.03.27	00:01:12.373	0.97890	0.97890			6
2024.03.27	00:01:15.088	0.97889	0.97889			6
2024.03.27	00:01:20.082	0.97891	0.97891			6
2024.03.27	00:01:35.311	0.97892	0.97892			6
2024.03.27	00:01:38.582	0.97895	0.97895			6
2024.03.27	00:01:38.643	0.97896	0.97896			6
2024.03.27	00:01:38.673	0.97895	0.97895			6
2024.03.27	00:01:38.763	0.97894	0.97894			6
2024.03.27	00:01:40.395	0.97895	0.97895			6
2024.03.27	00:01:40.425	0.97896	0.97896			6
2024.03.27	00:01:41.760	0.97895	0.97895			6
2024.03.27	00:01:43.482	0.97896	0.97896			6
2024.03.27	00:01:43.778	0.97895	0.97895			6
2024.03.27	00:01:44.183	0.97896	0.97896			6
2024.03.27	00:01:46.668	0.97897	0.97897			6
2024.03.27	00:01:58.385	0.97896	0.97896			6
2024.03.27	00:01:59.599	0.97897	0.97897			6
2024.03.27	00:02:00.281	0.97901	0.97901			6
2024.03.27	00:02:00.343	0.97900	0.97900			6
2024.03.27	00:02:00.373	0.97901	0.97901			6
2024.03.27	00:02:00.464	0.97902	0.97902			6
2024.03.27	00:02:00.668	0.97901	0.97901			6
2024.03.27	00:02:01.965	0.97902	0.97902			6
2024.03.27	00:02:02.947	0.97905	0.97905			6
2024.03.27	00:02:03.199	0.97902	0.97902			6
2024.03.27	00:02:03.229	0.97900	0.97900			6
2024.03.27	00:02:04.939	0.97899	0.97899			6
2024.03.27	00:02:05.295	0.97900	0.97900			6
2024.03.27	00:02:10.176	0.97899	0.97899			6
2024.03.27	00:02:10.829	0.97898	0.97898			6
2024.03.27	00:02:10.859	0.97897	0.97897			6
2024.03.27	00:02:15.488	0.97898	0.97898			6
2024.03.27	00:02:16.012	0.97897	0.97897			6
2024.03.27	00:02:17.970	0.97896	0.97896			6
2024.03.27	00:02:28.259	0.97897	0.97897			6
2024.03.27	00:02:43.848	0.97896	0.97896			6
2024.03.27	00:02:46.201	0.97897	0.97897			6
2024.03.27	00:02:46.292	0.97898	0.97898			6
2024.03.27	00:02:53.010	0.97899	0.97899			6
2024.03.27	00:02:55.411	0.97900	0.97900			6
2024.03.27	00:02:55.441	0.97899	0.97899			6
2024.03.27	00:02:56.339	0.97898	0.97898			6
2024.03.27	00:02:56.369	0.97897	0.97897			6
2024.03.27	00:02:57.979	0.97898	0.97898			6
2024.03.27	00:03:03.423	0.97896	0.97896			6
2024.03.27	00:03:04.001	0.97897	0.97897			6
2024.03.27	00:03:08.389	0.97896	0.97896			6
2024.03.27	00:03:11.424	0.97894	0.97894			6
2024.03.27	00:03:16.431	0.97893	0.97893			6
2024.03.27	00:03:16.462	0.97894	0.97894			6
2024.03.27	00:03:22.088	0.97896	0.97896			6
2024.03.27	00:03:24.163	0.97897	0.97897			6
2024.03.27	00:03:24.887	0.97898	0.97898			6
2024.03.27	00:03:27.435	0.97897	0.97897			6
2024.03.27	00:03:27.464	0.97896	0.97896			6
2024.03.27	00:03:27.718	0.97895	0.97895			6
2024.03.27	00:03:28.257	0.97896	0.97896			6
2024.03.27	00:03:31.499	0.97897	0.97897			6
2024.03.27	00:03:41.437	0.97896	0.97896			6
2024.03.27	00:03:56.702	0.97895	0.97895			6
2024.03.27	00:03:58.500	0.97896	0.97896			6
2024.03.27	00:04:00.059	0.97895	0.97895			6
2024.03.27	00:04:01.056	0.97896	0.97896			6
2024.03.27	00:04:30.237	0.97897	0.97897			6
2024.03.27	00:04:30.599	0.97898	0.97898			6
2024.03.27	00:04:40.746	0.97899	0.97899			6
2024.03.27	00:04:46.199	0.97898	0.97898			6
2024.03.27	00:04:46.625	0.97899	0.97899			6
2024.03.27	00:05:02.060	0.97897	0.97897			6
2024.03.27	00:05:05.169	0.97896	0.97896			6
2024.03.27	00:05:05.262	0.97895	0.97895			6
2024.03.27	00:05:06.462	0.97896	0.97896			6
2024.03.27	00:05:07.252	0.97897	0.97897			6
2024.03.27	00:05:07.482	0.97896	0.97896			6
2024.03.27	00:05:08.486	0.97895	0.97895			6
2024.03.27	00:05:10.382	0.97894	0.97894			6
2024.03.27	00:05:11.993	0.97895	0.97895			6
2024.03.27	00:05:44.782	0.97894	0.97894			6
2024.03.27	00:05:44.997	0.97895	0.97895			6
2024.03.27	00:05:45.767	0.97896	0.97896			6
2024.03.27	00:05:45.857	0.97897	0.97897			6
2024.03.27	00:05:49.181	0.97898	0.97898			6
2024.03.27	00:05:58.992	0.97897	0.97897			6
2024.03.27	00:06:01.037	0.97898	0.97898			6
2024.03.27	00:06:02.007	0.97897	0.97897			6
2024.03.27	00:06:02.553	0.97898	0.97898			6
2024.03.27	00:06:02.583	0.97899	0.97899			6
2024.03.27	00:06:03.347	0.97900	0.97900			6
2024.03.27	00:06:11.168	0.97899	0.97899			6
2024.03.27	00:06:12.383	0.97900	0.97900			6
2024.03.27	00:06:18.197	0.97899	0.97899			6
2024.03.27	00:06:18.356	0.97900	0.97900			6
2024.03.27	00:06:28.129	0.97899	0.97899			6
2024.03.27	00:06:28.159	0.97897	0.97897			6
2024.03.27	00:06:29.403	0.97898	0.97898			6
2024.03.27	00:06:35.298	0.97897	0.97897			6
2024.03.27	00:06:53.981	0.97896	0.97896			6
2024.03.27	00:06:58.199	0.97897	0.97897			6
2024.03.27	00:06:59.115	0.97896	0.97896			6
2024.03.27	00:07:01.207	0.97897	0.97897			6
2024.03.27	00:07:04.354	0.97896	0.97896			6
2024.03.27	00:07:16.225	0.97897	0.97897			6
2024.03.27	00:07:17.968	0.97896	0.97896			6
2024.03.27	00:07:19.195	0.97897	0.97897			6
2024.03.27	00:07:23.717	0.97896	0.97896			6
2024.03.27	00:07:26.968	0.97897	0.97897			6
2024.03.27	00:07:27.469	0.97896	0.97896			6
2024.03.27	00:07:28.008	0.97897	0.97897			6
2024.03.27	00:07:30.581	0.97896	0.97896			6
2024.03.27	00:07:31.179	0.97897	0.97897			6
2024.03.27	00:07:34.794	0.97896	0.97896			6
2024.03.27	00:07:38.668	0.97898	0.97898			6
2024.03.27	00:07:39.069	0.97897	0.97897			6
2024.03.27	00:07:39.197	0.97898	0.97898			6
2024.03.27	00:07:39.416	0.97895	0.97895			6
2024.03.27	00:08:04.179	0.97896	0.97896			6
2024.03.27	00:08:07.186	0.97895	0.97895			6
2024.03.27	00:08:08.968	0.97896	0.97896			6
2024.03.27	00:08:10.186	0.97895	0.97895			6
2024.03.27	00:08:56.907	0.97896	0.97896			6
2024.03.27	00:09:03.763	0.97895	0.97895			6
2024.03.27	00:09:09.987	0.97896	0.97896			6
2024.03.27	00:09:10.048	0.97895	0.97895			6
2024.03.27	00:09:10.341	0.97896	0.97896			6
2024.03.27	00:09:16.199	0.97895	0.97895			6
2024.03.27	00:09:17.363	0.97896	0.97896			6
2024.03.27	00:09:19.186	0.97895	0.97895			6
2024.03.27	00:09:20.996	0.97896	0.97896			6
2024.03.27	00:09:22.198	0.97895	0.97895			6
2024.03.27	00:09:26.962	0.97896	0.97896			6
2024.03.27	00:09:28.212	0.97895	0.97895			6
2024.03.27	00:09:29.968	0.97896	0.97896			6
2024.03.27	00:09:34.193	0.97895	0.97895			6
2024.03.27	00:09:36.862	0.97896	0.97896			6
2024.03.27	00:09:40.198	0.97895	0.97895			6
2024.03.27	00:09:41.966	0.97896	0.97896			6
2024.03.27	00:09:43.199	0.97895	0.97895			6
2024.03.27	00:09:47.988	0.97896	0.97896			6
2024.03.27	00:09:49.146	0.97895	0.97895			6
2024.03.27	00:09:56.523	0.97896	0.97896			6
2024.03.27	00:09:56.740	0.97895	0.97895			6
2024.03.27	00:10:01.184	0.97896	0.97896			6
2024.03.27	00:10:01.213	0.97895	0.97895			6
2024.03.27	00:10:05.963	0.97896	0.97896			6
2024.03.27	00:10:06.286	0.97895	0.97895			6
2024.03.27	00:10:08.998	0.97896	0.97896			6
2024.03.27	00:10:10.202	0.97895	0.97895			6
2024.03.27	00:10:14.980	0.97896	0.97896			6
2024.03.27	00:10:16.198	0.97895	0.97895			6
2024.03.27	00:10:20.975	0.97896	0.97896			6
2024.03.27	00:10:25.210	0.97895	0.97895			6
2024.03.27	00:10:26.971	0.97896	0.97896			6
2024.03.27	00:10:28.498	0.97897	0.97897			6
2024.03.27	00:10:31.181	0.97896	0.97896			6
2024.03.27	00:10:32.968	0.97897	0.97897			6
2024.03.27	00:10:37.176	0.97896	0.97896			6
2024.03.27	00:10:41.975	0.97897	0.97897			6
2024.03.27	00:10:44.657	0.97898	0.97898			6
2024.03.27	00:10:44.718	0.97897	0.97897			6
2024.03.27	00:11:04.803	0.97898	0.97898			6
2024.03.27	00:11:10.207	0.97897	0.97897			6
2024.03.27	00:11:14.868	0.97898	0.97898			6
2024.03.27	00:11:30.699	0.97897	0.97897			6
2024.03.27	00:12:00.063	0.97898	0.97898			6
2024.03.27	00:12:00.211	0.97897	0.97897			6
2024.03.27	00:12:00.361	0.97898	0.97898			6
2024.03.27	00:12:00.510	0.97897	0.97897			6
2024.03.27	00:12:00.959	0.97896	0.97896			6
2024.03.27	00:12:01.593	0.97897	0.97897			6
2024.03.27	00:12:01.784	0.97896	0.97896			6
2024.03.27	00:12:02.269	0.97897	0.97897			6
2024.03.27	00:12:02.690	0.97896	0.97896			6
2024.03.27	00:12:02.981	0.97897	0.97897			6
2024.03.27	00:12:04.182	0.97896	0.97896			6
2024.03.27	00:12:04.297	0.97897	0.97897			6
2024.03.27	00:12:05.369	0.97896	0.97896			6
2024.03.27	00:12:06.153	0.97897	0.97897			6
2024.03.27	00:12:10.470	0.97896	0.97896			6
2024.03.27	00:12:11.991	0.97897	0.97897			6
2024.03.27	00:12:13.182	0.97896	0.97896			6
2024.03.27	00:12:17.961	0.97897	0.97897			6
2024.03.27	00:12:19.210	0.97896	0.97896			6
2024.03.27	00:12:21.881	0.97897	0.97897			6
2024.03.27	00:12:50.988	0.97898	0.97898			6
2024.03.27	00:12:51.108	0.97897	0.97897			6
2024.03.27	00:12:52.250	0.97898	0.97898			6
2024.03.27	00:13:03.345	0.97897	0.97897			6
2024.03.27	00:13:03.375	0.97898	0.97898			6
2024.03.27	00:13:11.845	0.97897	0.97897			6
2024.03.27	00:13:11.875	0.97898	0.97898			6
2024.03.27	00:13:41.758	0.97899	0.97899			6
2024.03.27	00:13:45.758	0.97898	0.97898			6
2024.03.27	00:13:45.788	0.97899	0.97899			6
2024.03.27	00:13:49.297	0.97898	0.97898			6
2024.03.27	00:13:49.358	0.97899	0.97899			6
2024.03.27	00:13:49.778	0.97898	0.97898			6
2024.03.27	00:13:49.866	0.97899	0.97899			6
2024.03.27	00:13:50.549	0.97898	0.97898			6
2024.03.27	00:13:56.951	0.97897	0.97897			6
2024.03.27	00:14:01.533	0.97897				2
2024.03.27	00:14:02.841	0.97898	0.97898			6
2024.03.27	00:14:06.798	0.97897	0.97897			6
2024.03.27	00:14:09.316	0.97898	0.97898			6
2024.03.27	00:14:25.547	0.97897	0.97897			6
2024.03.27	00:14:29.467	0.97898	0.97898			6
2024.03.27	00:14:29.527	0.97897	0.97897			6
2024.03.27	00:14:36.520	0.97896	0.97896			6
2024.03.27	00:14:40.213	0.97897	0.97897			6
2024.03.27	00:14:40.688	0.97898	0.97898			6
2024.03.27	00:14:44.515	0.97895	0.97895			6
2024.03.27	00:14:44.799	0.97898	0.97898			6
2024.03.27	00:15:00.132	0.97898				2
2024.03.27	00:15:10.027	0.97897	0.97897			6
2024.03.27	00:15:10.411	0.97898	0.97898			6
2024.03.27	00:15:13.088	0.97897	0.97897			6
2024.03.27	00:15:13.149	0.97896	0.97896			6
2024.03.27	00:15:13.839	0.97897	0.97897			6
2024.03.27	00:15:17.974	0.97896	0.97896			6
2024.03.27	00:15:19.197	0.97897	0.97897			6
2024.03.27	00:15:20.990	0.97896	0.97896			6
2024.03.27	00:15:22.196	0.97897	0.97897			6
2024.03.27	00:15:25.536	0.97898	0.97898			6
2024.03.27	00:15:25.776	0.97897	0.97897			6
2024.03.27	00:15:25.805	0.97896	0.97896			6
2024.03.27	00:15:29.992	0.97897	0.97897			6
2024.03.27	00:15:31.196	0.97896	0.97896			6
2024.03.27	00:15:31.258	0.97897	0.97897			6
2024.03.27	00:15:53.980	0.97898	0.97898			6
2024.03.27	00:15:55.179	0.97897	0.97897			6
2024.03.27	00:15:59.980	0.97898	0.97898			6
2024.03.27	00:16:01.190	0.97897	0.97897			6
2024.03.27	00:16:05.983	0.97898	0.97898			6
2024.03.27	00:16:10.183	0.97897	0.97897			6
2024.03.27	00:16:18.543	0.97898	0.97898			6
2024.03.27	00:16:19.602	0.97897	0.97897			6
2024.03.27	00:16:22.197	0.97898	0.97898			6
2024.03.27	00:16:22.862	0.97897	0.97897			6
2024.03.27	00:16:22.969	0.97898	0.97898			6
2024.03.27	00:16:28.444	0.97897	0.97897			6
2024.03.27	00:16:29.996	0.97898	0.97898			6
2024.03.27	00:16:34.204	0.97897	0.97897			6
2024.03.27	00:16:35.970	0.97898	0.97898			6
2024.03.27	00:16:39.677	0.97900	0.97900			6
2024.03.27	00:16:52.387	0.97899	0.97899			6
2024.03.27	00:16:52.417	0.97900	0.97900			6
2024.03.27	00:17:00.873	0.97899	0.97899			6
2024.03.27	00:17:00.903	0.97900	0.97900			6
2024.03.27	00:17:02.997	0.97899	0.97899			6
2024.03.27	00:17:26.309	0.97898	0.97898			6
2024.03.27	00:17:26.339	0.97899	0.97899			6
2024.03.27	00:17:43.287	0.97898	0.97898			6
2024.03.27	00:17:43.317	0.97899	0.97899			6
2024.03.27	00:17:47.696	0.97900	0.97900			6
2024.03.27	00:17:47.939	0.97899	0.97899			6
2024.03.27	00:17:50.683	0.97900	0.97900			6
2024.03.27	00:17:53.696	0.97901	0.97901			6
2024.03.27	00:17:56.452	0.97900	0.97900			6
2024.03.27	00:17:57.824	0.97901	0.97901			6
2024.03.27	00:18:00.249	0.97899	0.97899			6
2024.03.27	00:18:00.279	0.97901	0.97901			6
2024.03.27	00:18:08.721	0.97899	0.97899			6
2024.03.27	00:18:08.782	0.97901	0.97901			6
2024.03.27	00:18:14.059	0.97900	0.97900			6
2024.03.27	00:18:17.218	0.97899	0.97899			6
2024.03.27	00:18:17.248	0.97900	0.97900			6
2024.03.27	00:18:19.066	0.97901	0.97901			6
2024.03.27	00:18:22.937	0.97900	0.97900			6
2024.03.27	00:18:23.298	0.97901	0.97901			6
2024.03.27	00:18:25.704	0.97899	0.97899			6
2024.03.27	00:18:25.735	0.97901	0.97901			6
2024.03.27	00:18:33.175	0.97900	0.97900			6
2024.03.27	00:18:36.521	0.97901	0.97901			6
2024.03.27	00:18:37.027	0.97900	0.97900			6
2024.03.27	00:18:41.728	0.97901	0.97901			6
2024.03.27	00:18:42.661	0.97899	0.97899			6
2024.03.27	00:18:42.691	0.97901	0.97901			6
2024.03.27	00:18:45.887	0.97902	0.97902			6
2024.03.27	00:18:46.062	0.97901	0.97901			6
2024.03.27	00:18:46.386	0.97902	0.97902			6
2024.03.27	00:18:51.144	0.97901	0.97901			6
2024.03.27	00:18:51.174	0.97902	0.97902			6
2024.03.27	00:18:54.827	0.97901	0.97901			6
2024.03.27	00:18:57.642	0.97902	0.97902			6
2024.03.27	00:18:58.179	0.97901	0.97901			6
2024.03.27	00:19:01.291	0.97902	0.97902			6
2024.03.27	00:19:08.120	0.97901	0.97901			6
2024.03.27	00:19:08.151	0.97902	0.97902			6
2024.03.27	00:19:16.599	0.97901	0.97901			6
2024.03.27	00:19:16.628	0.97902	0.97902			6
2024.03.27	00:19:18.947	0.97901	0.97901			6
2024.03.27	00:19:19.649	0.97902	0.97902			6
2024.03.27	00:19:23.611	0.97901	0.97901			6
2024.03.27	00:19:24.209	0.97902	0.97902			6
2024.03.27	00:19:24.866	0.97901	0.97901			6
2024.03.27	00:19:44.477	0.97900	0.97900			6
2024.03.27	00:19:45.208	0.97899	0.97899			6
2024.03.27	00:19:45.238	0.97901	0.97901			6
2024.03.27	00:19:45.330	0.97899	0.97899			6
2024.03.27	00:19:45.940	0.97901	0.97901			6
2024.03.27	00:19:49.867	0.97900	0.97900			6
2024.03.27	00:19:50.838	0.97901	0.97901			6
2024.03.27	00:19:51.127	0.97900	0.97900			6
2024.03.27	00:19:52.409	0.97901	0.97901			6
2024.03.27	00:19:58.320	0.97900	0.97900			6
2024.03.27	00:19:58.609	0.97901	0.97901			6
2024.03.27	00:19:59.380	0.97900	0.97900			6
2024.03.27	00:19:59.639	0.97901	0.97901			6
2024.03.27	00:19:59.827	0.97899	0.97899			6
2024.03.27	00:20:00.526	0.97900	0.97900			6
2024.03.27	00:20:00.774	0.97899	0.97899			6
2024.03.27	00:20:01.457	0.97900	0.97900			6
2024.03.27	00:20:01.715	0.97899	0.97899			6
2024.03.27	00:20:01.873	0.97901	0.97901			6
2024.03.27	00:20:03.639	0.97900	0.97900			6
2024.03.27	00:20:03.879	0.97899	0.97899			6
2024.03.27	00:20:06.632	0.97900	0.97900			6
2024.03.27	00:20:06.997	0.97899	0.97899			6
2024.03.27	00:20:07.680	0.97900	0.97900			6
2024.03.27	00:20:08.027	0.97899	0.97899			6
2024.03.27	00:20:08.713	0.97900	0.97900			6
2024.03.27	00:20:09.066	0.97899	0.97899			6
2024.03.27	00:20:09.748	0.97900	0.97900			6
2024.03.27	00:20:10.099	0.97899	0.97899			6
2024.03.27	00:20:10.914	0.97900	0.97900			6
2024.03.27	00:20:11.167	0.97899	0.97899			6
2024.03.27	00:20:11.428	0.97901	0.97901			6
2024.03.27	00:20:11.822	0.97900	0.97900			6
2024.03.27	00:20:12.063	0.97901	0.97901			6
2024.03.27	00:20:12.884	0.97900	0.97900			6
2024.03.27	00:20:13.640	0.97901	0.97901			6
2024.03.27	00:20:13.894	0.97900	0.97900			6
2024.03.27	00:20:14.610	0.97901	0.97901			6
2024.03.27	00:20:15.326	0.97900	0.97900			6
2024.03.27	00:20:15.815	0.97901	0.97901			6
2024.03.27	00:20:16.066	0.97900	0.97900			6
2024.03.27	00:20:16.607	0.97901	0.97901			6
2024.03.27	00:20:19.165	0.97900	0.97900			6
2024.03.27	00:20:24.469	0.97899	0.97899			6
2024.03.27	00:20:24.500	0.97900	0.97900			6
2024.03.27	00:20:26.179	0.97899	0.97899			6
2024.03.27	00:20:26.662	0.97900	0.97900			6
2024.03.27	00:20:26.692	0.97901	0.97901			6
2024.03.27	00:20:27.241	0.97900	0.97900			6
2024.03.27	00:20:27.896	0.97901	0.97901			6
2024.03.27	00:20:28.016	0.97900	0.97900			6
2024.03.27	00:20:29.057	0.97901	0.97901			6
2024.03.27	00:20:29.814	0.97900	0.97900			6
2024.03.27	00:20:30.074	0.97901	0.97901			6
2024.03.27	00:20:30.881	0.97900	0.97900			6
2024.03.27	00:20:35.398	0.97901	0.97901			6
2024.03.27	00:20:36.609	0.97900	0.97900			6
2024.03.27	00:20:37.338	0.97901	0.97901			6
2024.03.27	00:20:37.959	0.97900	0.97900			6
2024.03.27	00:20:38.222	0.97901	0.97901			6
2024.03.27	00:20:39.163	0.97900	0.97900			6
2024.03.27	00:20:41.424	0.97899	0.97899			6
2024.03.27	00:20:41.453	0.97900	0.97900			6
2024.03.27	00:20:42.327	0.97901	0.97901			6
2024.03.27	00:20:42.627	0.97900	0.97900			6
2024.03.27	00:20:43.362	0.97901	0.97901			6
2024.03.27	00:20:43.642	0.97898	0.97898			6
2024.03.27	00:20:43.922	0.97897	0.97897			6
2024.03.27	00:20:44.042	0.97899	0.97899			6
2024.03.27	00:20:44.167	0.97897	0.97897			6
2024.03.27	00:20:44.257	0.97899	0.97899			6
2024.03.27	00:20:44.498	0.97898	0.97898			6
2024.03.27	00:20:44.588	0.97899	0.97899			6
2024.03.27	00:20:45.715	0.97900	0.97900			6
2024.03.27	00:20:49.493	0.97899	0.97899			6
2024.03.27	00:20:50.039	0.97900	0.97900			6
2024.03.27	00:20:52.015	0.97899	0.97899			6
2024.03.27	00:20:52.075	0.97900	0.97900			6
2024.03.27	00:20:54.156	0.97899	0.97899			6
2024.03.27	00:20:54.932	0.97900	0.97900			6
2024.03.27	00:20:55.029	0.97899	0.97899			6
2024.03.27	00:20:55.241	0.97900	0.97900			6
2024.03.27	00:20:55.379	0.97899	0.97899			6
2024.03.27	00:20:55.544	0.97900	0.97900			6
2024.03.27	00:20:59.856	0.97899	0.97899			6
2024.03.27	00:21:00.133	0.97900	0.97900			6
2024.03.27	00:21:02.195	0.97899	0.97899			6
2024.03.27	00:21:02.492	0.97898	0.97898			6
2024.03.27	00:21:02.613	0.97899	0.97899			6
2024.03.27	00:21:04.266	0.97900	0.97900			6
2024.03.27	00:21:05.297	0.97899	0.97899			6
2024.03.27	00:21:05.947	0.97898	0.97898			6
2024.03.27	00:21:08.297	0.97899	0.97899			6
2024.03.27	00:21:08.597	0.97900	0.97900			6
2024.03.27	00:21:08.747	0.97898	0.97898			6
2024.03.27	00:21:08.836	0.97896	0.97896			6
2024.03.27	00:21:08.868	0.97898	0.97898			6
2024.03.27	00:21:08.958	0.97900	0.97900			6
2024.03.27	00:21:08.988	0.97898	0.97898			6
2024.03.27	00:21:09.227	0.97900	0.97900			6
2024.03.27	00:21:09.366	0.97898	0.97898			6
2024.03.27	00:21:10.228	0.97900	0.97900			6
2024.03.27	00:21:10.404	0.97898	0.97898			6
2024.03.27	00:21:11.395	0.97899	0.97899			6
2024.03.27	00:21:11.697	0.97898	0.97898			6
2024.03.27	00:21:12.279	0.97900	0.97900			6
2024.03.27	00:21:12.490	0.97898	0.97898			6
2024.03.27	00:21:13.327	0.97900	0.97900			6
2024.03.27	00:21:13.527	0.97898	0.97898			6
2024.03.27	00:21:14.371	0.97899	0.97899			6
2024.03.27	00:21:14.400	0.97900	0.97900			6
2024.03.27	00:21:14.549	0.97898	0.97898			6
2024.03.27	00:21:15.510	0.97899	0.97899			6
2024.03.27	00:21:15.599	0.97898	0.97898			6
2024.03.27	00:21:15.839	0.97897	0.97897			6
2024.03.27	00:21:16.396	0.97898	0.97898			6
2024.03.27	00:21:16.884	0.97899	0.97899			6
2024.03.27	00:21:19.080	0.97900	0.97900			6
2024.03.27	00:21:19.549	0.97899	0.97899			6
2024.03.27	00:21:25.126	0.97898	0.97898			6
2024.03.27	00:21:26.008	0.97899	0.97899			6
2024.03.27	00:21:26.573	0.97898	0.97898			6
2024.03.27	00:21:27.109	0.97900	0.97900			6
2024.03.27	00:21:28.109	0.97899	0.97899			6
2024.03.27	00:21:29.005	0.97897	0.97897			6
2024.03.27	00:21:29.443	0.97899	0.97899			6
2024.03.27	00:21:29.691	0.97897	0.97897			6
2024.03.27	00:21:30.472	0.97899	0.97899			6
2024.03.27	00:21:32.688	0.97897	0.97897			6
2024.03.27	00:21:32.861	0.97899	0.97899			6
2024.03.27	00:21:34.879	0.97898	0.97898			6
2024.03.27	00:21:35.468	0.97897	0.97897			6
2024.03.27	00:21:35.626	0.97899	0.97899			6
2024.03.27	00:21:35.866	0.97898	0.97898			6
2024.03.27	00:21:36.931	0.97900	0.97900			6
2024.03.27	00:21:37.554	0.97898	0.97898			6
2024.03.27	00:21:37.956	0.97900	0.97900			6
2024.03.27	00:21:38.231	0.97898	0.97898			6
2024.03.27	00:21:38.980	0.97900	0.97900			6
2024.03.27	00:21:39.279	0.97898	0.97898			6
2024.03.27	00:21:40.022	0.97900	0.97900			6
2024.03.27	00:21:40.280	0.97898	0.97898			6
2024.03.27	00:21:41.427	0.97900	0.97900			6
2024.03.27	00:21:41.785	0.97898	0.97898			6
2024.03.27	00:21:42.621	0.97900	0.97900			6
2024.03.27	00:21:43.347	0.97898	0.97898			6
2024.03.27	00:21:43.651	0.97900	0.97900			6
2024.03.27	00:21:44.016	0.97898	0.97898			6
2024.03.27	00:21:44.673	0.97900	0.97900			6
2024.03.27	00:21:45.031	0.97898	0.97898			6
2024.03.27	00:21:45.704	0.97900	0.97900			6
2024.03.27	00:21:46.151	0.97898	0.97898			6
2024.03.27	00:21:46.757	0.97900	0.97900			6
2024.03.27	00:21:47.395	0.97898	0.97898			6
2024.03.27	00:21:47.666	0.97900	0.97900			6
2024.03.27	00:21:48.567	0.97898	0.97898			6
2024.03.27	00:21:48.827	0.97900	0.97900			6
2024.03.27	00:21:48.857	0.97898	0.97898			6
2024.03.27	00:21:49.696	0.97899	0.97899			6
2024.03.27	00:21:49.726	0.97900	0.97900			6
2024.03.27	00:21:49.979	0.97898	0.97898			6
2024.03.27	00:21:50.760	0.97899	0.97899			6
2024.03.27	00:21:50.790	0.97900	0.97900			6
2024.03.27	00:21:50.941	0.97898	0.97898			6
2024.03.27	00:21:51.818	0.97900	0.97900			6
2024.03.27	00:21:51.982	0.97898	0.97898			6
2024.03.27	00:21:52.823	0.97900	0.97900			6
2024.03.27	00:21:53.015	0.97898	0.97898			6
2024.03.27	00:21:53.670	0.97899	0.97899			6
2024.03.27	00:21:53.833	0.97898	0.97898			6
2024.03.27	00:21:56.296	0.97897	0.97897			6
2024.03.27	00:21:56.879	0.97899	0.97899			6
2024.03.27	00:21:57.061	0.97897	0.97897			6
2024.03.27	00:21:59.235	0.97898	0.97898			6
2024.03.27	00:21:59.398	0.97897	0.97897			6
2024.03.27	00:21:59.751	0.97898	0.97898			6
2024.03.27	00:22:00.032	0.97897	0.97897			6
2024.03.27	00:22:00.223	0.97898	0.97898			6
2024.03.27	00:22:00.374	0.97897	0.97897			6
2024.03.27	00:22:01.253	0.97898	0.97898			6
2024.03.27	00:22:02.713	0.97900	0.97900			6
2024.03.27	00:22:02.832	0.97898	0.97898			6
2024.03.27	00:22:03.874	0.97899	0.97899			6
2024.03.27	00:22:03.904	0.97898	0.97898			6
2024.03.27	00:22:05.014	0.97899	0.97899			6
2024.03.27	00:22:05.074	0.97897	0.97897			6
2024.03.27	00:22:05.942	0.97899	0.97899			6
2024.03.27	00:22:06.045	0.97897	0.97897			6
2024.03.27	00:22:06.075	0.97899	0.97899			6
2024.03.27	00:22:06.195	0.97897	0.97897			6
2024.03.27	00:22:06.464	0.97898	0.97898			6
2024.03.27	00:22:07.014	0.97899	0.97899			6
2024.03.27	00:22:07.411	0.97897	0.97897			6
2024.03.27	00:22:08.310	0.97898	0.97898			6
2024.03.27	00:22:08.340	0.97899	0.97899			6
2024.03.27	00:22:08.462	0.97898	0.97898			6
2024.03.27	00:22:08.521	0.97899	0.97899			6
2024.03.27	00:22:08.581	0.97898	0.97898			6
2024.03.27	00:22:09.525	0.97899	0.97899			6
2024.03.27	00:22:09.626	0.97898	0.97898			6
2024.03.27	00:22:09.906	0.97897	0.97897			6
2024.03.27	00:22:10.529	0.97898	0.97898			6
2024.03.27	00:22:10.589	0.97899	0.97899			6
2024.03.27	00:22:10.666	0.97897	0.97897			6
2024.03.27	00:22:11.562	0.97898	0.97898			6
2024.03.27	00:22:12.726	0.97897	0.97897			6
2024.03.27	00:22:13.026	0.97895	0.97895			6
2024.03.27	00:22:13.147	0.97896	0.97896			6
2024.03.27	00:22:13.236	0.97895	0.97895			6
2024.03.27	00:22:13.357	0.97896	0.97896			6
2024.03.27	00:22:13.888	0.97899	0.97899			6
2024.03.27	00:22:14.009	0.97900	0.97900			6
2024.03.27	00:22:14.098	0.97898	0.97898			6
2024.03.27	00:22:14.505	0.97900	0.97900			6
2024.03.27	00:22:14.676	0.97898	0.97898			6
2024.03.27	00:22:16.548	0.97900	0.97900			6
2024.03.27	00:22:16.698	0.97898	0.97898			6
2024.03.27	00:22:17.574	0.97900	0.97900			6
2024.03.27	00:22:17.725	0.97898	0.97898			6
2024.03.27	00:22:18.018	0.97899	0.97899			6
2024.03.27	00:22:18.621	0.97900	0.97900			6
2024.03.27	00:22:18.725	0.97898	0.97898			6
2024.03.27	00:22:20.033	0.97899	0.97899			6
2024.03.27	00:22:21.383	0.97898	0.97898			6
2024.03.27	00:22:21.721	0.97900	0.97900			6
2024.03.27	00:22:22.249	0.97898	0.97898			6
2024.03.27	00:22:23.138	0.97900	0.97900			6
2024.03.27	00:22:23.228	0.97899	0.97899			6
2024.03.27	00:22:23.258	0.97900	0.97900			6
2024.03.27	00:22:23.290	0.97898	0.97898			6
2024.03.27	00:22:24.009	0.97900	0.97900			6
2024.03.27	00:22:27.209	0.97898	0.97898			6
2024.03.27	00:22:27.300	0.97900	0.97900			6
2024.03.27	00:22:27.462	0.97898	0.97898			6
2024.03.27	00:22:28.313	0.97900	0.97900			6
2024.03.27	00:22:28.511	0.97898	0.97898			6
2024.03.27	00:22:28.727	0.97900	0.97900			6
2024.03.27	00:22:28.955	0.97898	0.97898			6
2024.03.27	00:22:29.075	0.97900	0.97900			6
2024.03.27	00:22:29.448	0.97898	0.97898			6
2024.03.27	00:22:30.788	0.97900	0.97900			6
2024.03.27	00:22:31.026	0.97898	0.97898			6
2024.03.27	00:22:32.482	0.97899	0.97899			6
2024.03.27	00:22:32.553	0.97897	0.97897			6
2024.03.27	00:22:32.914	0.97900	0.97900			6
2024.03.27	00:22:34.276	0.97898	0.97898			6
2024.03.27	00:22:36.067	0.97900	0.97900			6
2024.03.27	00:22:36.380	0.97898	0.97898			6
2024.03.27	00:22:36.682	0.97900	0.97900			6
2024.03.27	00:22:36.867	0.97898	0.97898			6
2024.03.27	00:22:37.839	0.97900	0.97900			6
2024.03.27	00:22:38.706	0.97898	0.97898			6
2024.03.27	00:22:38.736	0.97900	0.97900			6
2024.03.27	00:22:41.442	0.97898	0.97898			6
2024.03.27	00:22:42.005	0.97900	0.97900			6
2024.03.27	00:22:42.476	0.97898	0.97898			6
2024.03.27	00:22:43.035	0.97900	0.97900			6
2024.03.27	00:22:43.495	0.97898	0.97898			6
2024.03.27	00:22:44.034	0.97900	0.97900			6
2024.03.27	00:22:44.094	0.97898	0.97898			6
2024.03.27	00:22:44.154	0.97900	0.97900			6
2024.03.27	00:22:45.447	0.97898	0.97898			6
2024.03.27	00:22:45.562	0.97900	0.97900			6
2024.03.27	00:22:46.250	0.97898	0.97898			6
2024.03.27	00:22:46.309	0.97900	0.97900			6
2024.03.27	00:22:48.178	0.97898	0.97898			6
2024.03.27	00:22:58.292	0.97900	0.97900			6
2024.03.27	00:22:58.422	0.97898	0.97898			6
2024.03.27	00:23:00.183	0.97897	0.97897			6
2024.03.27	00:23:00.333	0.97898	0.97898			6
2024.03.27	00:23:00.737	0.97897	0.97897			6
2024.03.27	00:23:01.330	0.97898	0.97898			6
2024.03.27	00:23:02.308	0.97897	0.97897			6
2024.03.27	00:23:02.429	0.97898	0.97898			6
2024.03.27	00:23:03.379	0.97897	0.97897			6
2024.03.27	00:23:03.665	0.97898	0.97898			6
2024.03.27	00:23:04.896	0.97899	0.97899			6
2024.03.27	00:23:05.146	0.97898	0.97898			6
2024.03.27	00:23:07.573	0.97897	0.97897			6
2024.03.27	00:23:07.851	0.97898	0.97898			6
2024.03.27	00:23:09.610	0.97896	0.97896			6
2024.03.27	00:23:09.639	0.97895	0.97895			6
2024.03.27	00:23:10.064	0.97894	0.97894			6
2024.03.27	00:23:11.074	0.97896	0.97896			6
2024.03.27	00:23:12.778	0.97895	0.97895			6
2024.03.27	00:23:15.549	0.97897	0.97897			6
2024.03.27	00:23:15.579	0.97899	0.97899			6
2024.03.27	00:23:15.618	0.97897	0.97897			6
2024.03.27	00:23:15.779	0.97899	0.97899			6
2024.03.27	00:23:15.808	0.97898	0.97898			6
2024.03.27	00:23:15.899	0.97900	0.97900			6
2024.03.27	00:23:16.027	0.97898	0.97898			6
2024.03.27	00:23:16.996	0.97899	0.97899			6
2024.03.27	00:23:17.058	0.97898	0.97898			6
2024.03.27	00:23:18.218	0.97899	0.97899			6
2024.03.27	00:23:18.278	0.97898	0.97898			6
2024.03.27	00:23:19.316	0.97897	0.97897			6
2024.03.27	00:23:20.213	0.97899	0.97899			6
2024.03.27	00:23:20.422	0.97898	0.97898			6
2024.03.27	00:23:22.453	0.97897	0.97897			6
2024.03.27	00:23:22.996	0.97898	0.97898			6
2024.03.27	00:23:23.427	0.97897	0.97897			6
2024.03.27	00:23:23.997	0.97898	0.97898			6
2024.03.27	00:23:24.116	0.97897	0.97897			6
2024.03.27	00:23:25.341	0.97899	0.97899			6
2024.03.27	00:23:25.401	0.97897	0.97897			6
2024.03.27	00:23:26.103	0.97896	0.97896			6
2024.03.27	00:23:26.361	0.97897	0.97897			6
2024.03.27	00:23:27.332	0.97899	0.97899			6
2024.03.27	00:23:27.392	0.97897	0.97897			6
2024.03.27	00:23:30.463	0.97899	0.97899			6
2024.03.27	00:23:30.523	0.97898	0.97898			6
2024.03.27	00:23:30.614	0.97897	0.97897			6
2024.03.27	00:23:30.779	0.97898	0.97898			6
2024.03.27	00:23:31.096	0.97897	0.97897			6
2024.03.27	00:23:31.125	0.97898	0.97898			6
2024.03.27	00:23:33.669	0.97899	0.97899			6
2024.03.27	00:23:33.822	0.97898	0.97898			6
2024.03.27	00:23:37.662	0.97897	0.97897			6
2024.03.27	00:23:37.938	0.97898	0.97898			6
2024.03.27	00:23:39.520	0.97897	0.97897			6
2024.03.27	00:23:40.296	0.97898	0.97898			6
2024.03.27	00:23:45.729	0.97899	0.97899			6
2024.03.27	00:23:46.016	0.97898	0.97898			6
2024.03.27	00:23:46.165	0.97899	0.97899			6
2024.03.27	00:23:46.196	0.97898	0.97898			6
2024.03.27	00:23:46.701	0.97899	0.97899			6
2024.03.27	00:23:46.915	0.97898	0.97898			6
2024.03.27	00:23:47.014	0.97899	0.97899			6
2024.03.27	00:23:47.135	0.97898	0.97898			6
2024.03.27	00:23:47.732	0.97899	0.97899			6
2024.03.27	00:23:47.793	0.97898	0.97898			6
2024.03.27	00:23:48.064	0.97897	0.97897			6
2024.03.27	00:23:48.093	0.97898	0.97898			6
2024.03.27	00:23:49.090	0.97899	0.97899			6
2024.03.27	00:23:49.151	0.97898	0.97898			6
2024.03.27	00:23:49.180	0.97899	0.97899			6
2024.03.27	00:23:49.300	0.97898	0.97898			6
2024.03.27	00:23:49.483	0.97899	0.97899			6
2024.03.27	00:23:49.603	0.97898	0.97898			6
2024.03.27	00:23:50.012	0.97899	0.97899			6
2024.03.27	00:23:50.266	0.97900	0.97900			6
2024.03.27	00:23:51.635	0.97899	0.97899			6
2024.03.27	00:24:04.396	0.97900	0.97900			6
2024.03.27	00:24:08.197	0.97896	0.97896			6
2024.03.27	00:24:08.466	0.97895	0.97895			6
2024.03.27	00:24:20.071	0.97898	0.97898			6
2024.03.27	00:24:20.161	0.97896	0.97896			6
2024.03.27	00:24:20.192	0.97895	0.97895			6
2024.03.27	00:24:21.102	0.97898	0.97898			6
2024.03.27	00:24:21.197	0.97896	0.97896			6
2024.03.27	00:24:21.227	0.97895	0.97895			6
2024.03.27	00:24:22.137	0.97898	0.97898			6
2024.03.27	00:24:22.228	0.97896	0.97896			6
2024.03.27	00:24:22.258	0.97895	0.97895			6
2024.03.27	00:24:23.165	0.97898	0.97898			6
2024.03.27	00:24:23.267	0.97896	0.97896			6
2024.03.27	00:24:23.297	0.97895	0.97895			6
2024.03.27	00:24:24.196	0.97898	0.97898			6
2024.03.27	00:24:24.226	0.97896	0.97896			6
2024.03.27	00:24:24.348	0.97895	0.97895			6
2024.03.27	00:24:25.256	0.97898	0.97898			6
2024.03.27	00:24:25.286	0.97896	0.97896			6
2024.03.27	00:24:25.365	0.97895	0.97895			6
2024.03.27	00:24:26.267	0.97898	0.97898			6
2024.03.27	00:24:26.386	0.97896	0.97896			6
2024.03.27	00:24:26.416	0.97895	0.97895			6
2024.03.27	00:24:27.296	0.97898	0.97898			6
2024.03.27	00:24:27.417	0.97896	0.97896			6
2024.03.27	00:24:27.448	0.97895	0.97895			6
2024.03.27	00:24:28.336	0.97898	0.97898			6
2024.03.27	00:24:28.366	0.97896	0.97896			6
2024.03.27	00:24:28.475	0.97895	0.97895			6
2024.03.27	00:24:29.376	0.97898	0.97898			6
2024.03.27	00:24:29.480	0.97896	0.97896			6
2024.03.27	00:24:29.510	0.97895	0.97895			6
2024.03.27	00:24:30.524	0.97896	0.97896			6
2024.03.27	00:24:30.554	0.97895	0.97895			6
2024.03.27	00:24:31.466	0.97896	0.97896			6
2024.03.27	00:24:31.609	0.97895	0.97895			6
2024.03.27	00:24:31.888	0.97896	0.97896			6
2024.03.27	00:24:32.495	0.97897	0.97897			6
2024.03.27	00:24:32.617	0.97896	0.97896			6
2024.03.27	00:24:33.511	0.97897	0.97897			6
2024.03.27	00:24:33.661	0.97896	0.97896			6
2024.03.27	00:24:41.910	0.97897	0.97897			6
2024.03.27	00:24:42.221	0.97898	0.97898			6
2024.03.27	00:24:42.341	0.97896	0.97896			6
2024.03.27	00:24:43.132	0.97898	0.97898			6
2024.03.27	00:24:43.257	0.97896	0.97896			6
2024.03.27	00:24:43.910	0.97898	0.97898			6
2024.03.27	00:24:43.999	0.97897	0.97897			6
2024.03.27	00:24:44.321	0.97896	0.97896			6
2024.03.27	00:24:49.178	0.97895	0.97895			6
2024.03.27	00:24:51.026	0.97896	0.97896			6
2024.03.27	00:24:58.467	0.97897	0.97897			6
2024.03.27	00:24:59.058	0.97896	0.97896			6
2024.03.27	00:25:00.130	0.97896				2
2024.03.27	00:25:05.376	0.97897	0.97897			6
2024.03.27	00:25:08.611	0.97896	0.97896			6
2024.03.27	00:25:16.127	0.97897	0.97897			6
2024.03.27	00:25:20.605	0.97896	0.97896			6
2024.03.27	00:25:20.816	0.97898	0.97898			6
2024.03.27	00:25:21.025	0.97897	0.97897			6
2024.03.27	00:25:21.892	0.97899	0.97899			6
2024.03.27	00:25:22.084	0.97897	0.97897			6
2024.03.27	00:25:23.025	0.97899	0.97899			6
2024.03.27	00:25:23.054	0.97897	0.97897			6
2024.03.27	00:25:23.184	0.97898	0.97898			6
2024.03.27	00:25:23.294	0.97897	0.97897			6
2024.03.27	00:25:23.606	0.97898	0.97898			6
2024.03.27	00:25:24.646	0.97899	0.97899			6
2024.03.27	00:25:26.716	0.97900	0.97900			6
2024.03.27	00:25:27.029	0.97901	0.97901			6
2024.03.27	00:25:38.338	0.97899	0.97899			6
2024.03.27	00:25:38.369	0.97901	0.97901			6
2024.03.27	00:25:46.814	0.97899	0.97899			6
2024.03.27	00:25:46.845	0.97901	0.97901			6
2024.03.27	00:25:55.297	0.97899	0.97899			6
2024.03.27	00:25:55.327	0.97901	0.97901			6
2024.03.27	00:25:56.980	0.97900	0.97900			6
2024.03.27	00:25:59.022	0.97897	0.97897			6
2024.03.27	00:25:59.052	0.97896	0.97896			6
2024.03.27	00:25:59.322	0.97895	0.97895			6
2024.03.27	00:26:00.446	0.97895				2
2024.03.27	00:26:07.314	0.97896	0.97896			6
2024.03.27	00:26:11.699	0.97895	0.97895			6
2024.03.27	00:26:12.495	0.97896	0.97896			6
2024.03.27	00:26:12.761	0.97895	0.97895			6
2024.03.27	00:26:13.511	0.97896	0.97896			6
2024.03.27	00:26:24.147	0.97895	0.97895			6
2024.03.27	00:26:25.202	0.97896	0.97896			6
2024.03.27	00:26:27.250	0.97895	0.97895			6
2024.03.27	00:26:29.048	0.97896	0.97896			6
2024.03.27	00:26:29.323	0.97895	0.97895			6
2024.03.27	00:26:32.708	0.97896	0.97896			6
2024.03.27	00:26:33.212	0.97895	0.97895			6
2024.03.27	00:26:34.965	0.97896	0.97896			6
2024.03.27	00:26:35.262	0.97895	0.97895			6
2024.03.27	00:26:35.545	0.97896	0.97896			6
2024.03.27	00:26:37.618	0.97895	0.97895			6
2024.03.27	00:26:37.929	0.97896	0.97896			6
2024.03.27	00:26:40.496	0.97895	0.97895			6
2024.03.27	00:26:43.227	0.97896	0.97896			6
2024.03.27	00:26:43.496	0.97895	0.97895			6
2024.03.27	00:26:49.847	0.97897	0.97897			6
2024.03.27	00:26:50.157	0.97895	0.97895			6
2024.03.27	00:27:00.887	0.97896	0.97896			6
2024.03.27	00:27:09.940	0.97897	0.97897			6
2024.03.27	00:27:10.060	0.97896	0.97896			6
2024.03.27	00:27:10.960	0.97897	0.97897			6
2024.03.27	00:27:11.080	0.97896	0.97896			6
2024.03.27	00:27:12.009	0.97897	0.97897			6
2024.03.27	00:27:12.143	0.97896	0.97896			6
2024.03.27	00:27:13.027	0.97897	0.97897			6
2024.03.27	00:27:13.156	0.97896	0.97896			6
2024.03.27	00:27:14.081	0.97897	0.97897			6
2024.03.27	00:27:14.200	0.97896	0.97896			6
2024.03.27	00:27:15.114	0.97897	0.97897			6
2024.03.27	00:27:15.266	0.97896	0.97896			6
2024.03.27	00:27:16.151	0.97897	0.97897			6
2024.03.27	00:27:16.271	0.97896	0.97896			6
2024.03.27	00:27:17.195	0.97897	0.97897			6
2024.03.27	00:27:17.297	0.97896	0.97896			6
2024.03.27	00:27:18.205	0.97897	0.97897			6
2024.03.27	00:27:18.396	0.97896	0.97896			6
2024.03.27	00:27:19.256	0.97897	0.97897			6
2024.03.27	00:27:19.394	0.97896	0.97896			6
2024.03.27	00:27:20.294	0.97897	0.97897			6
2024.03.27	00:27:20.414	0.97896	0.97896			6
2024.03.27	00:27:21.332	0.97897	0.97897			6
2024.03.27	00:27:21.453	0.97896	0.97896			6
2024.03.27	00:27:22.362	0.97897	0.97897			6
2024.03.27	00:27:22.497	0.97896	0.97896			6
2024.03.27	00:27:23.392	0.97897	0.97897			6
2024.03.27	00:27:23.526	0.97896	0.97896			6
2024.03.27	00:27:24.440	0.97897	0.97897			6
2024.03.27	00:27:24.574	0.97896	0.97896			6
2024.03.27	00:27:25.460	0.97898	0.97898			6
2024.03.27	00:27:25.611	0.97896	0.97896			6
2024.03.27	00:27:26.508	0.97898	0.97898			6
2024.03.27	00:27:26.539	0.97897	0.97897			6
2024.03.27	00:27:26.628	0.97896	0.97896			6
2024.03.27	00:27:27.018	0.97898	0.97898			6
2024.03.27	00:27:27.167	0.97896	0.97896			6
2024.03.27	00:27:30.535	0.97897	0.97897			6
2024.03.27	00:27:32.504	0.97896	0.97896			6
2024.03.27	00:27:53.906	0.97895	0.97895			6
2024.03.27	00:28:00.443	0.97895				2
2024.03.27	00:28:07.847	0.97894	0.97894			6
2024.03.27	00:28:08.275	0.97895	0.97895			6
2024.03.27	00:28:08.596	0.97896	0.97896			6
2024.03.27	00:28:46.465	0.97895	0.97895			6
2024.03.27	00:28:47.201	0.97896	0.97896			6
2024.03.27	00:28:47.944	0.97895	0.97895			6
2024.03.27	00:28:48.503	0.97896	0.97896			6
2024.03.27	00:28:48.975	0.97895	0.97895			6
2024.03.27	00:28:49.534	0.97896	0.97896			6
2024.03.27	00:28:50.126	0.97895	0.97895			6
2024.03.27	00:28:50.861	0.97896	0.97896			6
2024.03.27	00:28:51.254	0.97895	0.97895			6
2024.03.27	00:28:52.444	0.97894	0.97894			6
2024.03.27	00:28:56.022	0.97895	0.97895			6
2024.03.27	00:28:56.576	0.97894	0.97894			6
2024.03.27	00:28:58.158	0.97895	0.97895			6
2024.03.27	00:29:00.108	0.97895				2
2024.03.27	00:29:00.621	0.97894	0.97894			6
2024.03.27	00:29:05.846	0.97895	0.97895			6
2024.03.27	00:29:09.943	0.97894	0.97894			6
2024.03.27	00:29:10.283	0.97893	0.97893			6
2024.03.27	00:29:10.645	0.97892	0.97892			6
2024.03.27	00:29:11.135	0.97893	0.97893			6
2024.03.27	00:29:11.447	0.97894	0.97894			6
2024.03.27	00:30:00.340	0.97895	0.97895			6
2024.03.27	00:30:02.356	0.97894	0.97894			6
2024.03.27	00:30:03.274	0.97895	0.97895			6
2024.03.27	00:30:17.264	0.97899	0.97899			6
2024.03.27	00:30:26.591	0.97900	0.97900			6
2024.03.27	00:30:27.008	0.97899	0.97899			6
2024.03.27	00:30:27.245	0.97900	0.97900			6
2024.03.27	00:30:30.067	0.97899	0.97899			6
2024.03.27	00:30:30.127	0.97898	0.97898			6
2024.03.27	00:30:30.157	0.97895	0.97895			6
2024.03.27	00:30:30.187	0.97894	0.97894			6
2024.03.27	00:30:32.320	0.97895	0.97895			6
2024.03.27	00:30:32.379	0.97894	0.97894			6
2024.03.27	00:30:32.724	0.97895	0.97895			6
2024.03.27	00:30:36.830	0.97894	0.97894			6
2024.03.27	00:30:38.613	0.97895	0.97895			6
2024.03.27	00:30:40.091	0.97894	0.97894			6
2024.03.27	00:30:42.673	0.97895	0.97895			6
2024.03.27	00:30:44.157	0.97894	0.97894			6
2024.03.27	00:30:46.538	0.97895	0.97895			6
2024.03.27	00:30:47.478	0.97894	0.97894			6
2024.03.27	00:30:47.995	0.97895	0.97895			6
2024.03.27	00:30:48.306	0.97894	0.97894			6
2024.03.27	00:30:51.277	0.97895	0.97895			6
2024.03.27	00:30:52.527	0.97894	0.97894			6
2024.03.27	00:30:52.708	0.97895	0.97895			6
2024.03.27	00:30:59.250	0.97894	0.97894			6
2024.03.27	00:30:59.311	0.97895	0.97895			6
2024.03.27	00:30:59.401	0.97894	0.97894			6
2024.03.27	00:31:01.030	0.97898	0.97898			6
2024.03.27	00:31:01.795	0.97897	0.97897			6
2024.03.27	00:31:03.396	0.97896	0.97896			6
2024.03.27	00:31:03.426	0.97895	0.97895			6
2024.03.27	00:31:07.502	0.97896	0.97896			6
2024.03.27	00:31:10.191	0.97895	0.97895			6
2024.03.27	00:31:11.995	0.97896	0.97896			6
2024.03.27	00:31:13.192	0.97895	0.97895			6
2024.03.27	00:31:15.813	0.97896	0.97896			6
2024.03.27	00:31:19.187	0.97895	0.97895			6
2024.03.27	00:31:21.833	0.97896	0.97896			6
2024.03.27	00:31:23.071	0.97895	0.97895			6
2024.03.27	00:31:24.240	0.97896	0.97896			6
2024.03.27	00:31:28.196	0.97895	0.97895			6
2024.03.27	00:31:29.977	0.97896	0.97896			6
2024.03.27	00:31:31.204	0.97895	0.97895			6
2024.03.27	00:31:33.809	0.97896	0.97896			6
2024.03.27	00:31:34.197	0.97895	0.97895			6
2024.03.27	00:31:38.978	0.97896	0.97896			6
2024.03.27	00:31:40.339	0.97895	0.97895			6
2024.03.27	00:31:42.228	0.97896	0.97896			6
2024.03.27	00:31:43.143	0.97895	0.97895			6
2024.03.27	00:31:47.299	0.97896	0.97896			6
2024.03.27	00:31:47.816	0.97895	0.97895			6
2024.03.27	00:31:51.038	0.97898	0.97898			6
2024.03.27	00:31:51.591	0.97897	0.97897			6
2024.03.27	00:31:51.620	0.97898	0.97898			6
2024.03.27	00:31:55.194	0.97897	0.97897			6
2024.03.27	00:31:56.835	0.97898	0.97898			6
2024.03.27	00:31:57.548	0.97897	0.97897			6
2024.03.27	00:31:59.137	0.97898	0.97898			6
2024.03.27	00:31:59.521	0.97897	0.97897			6
2024.03.27	00:31:59.847	0.97898	0.97898			6
2024.03.27	00:32:00.055	0.97897	0.97897			6
2024.03.27	00:32:00.086	0.97898	0.97898			6
2024.03.27	00:32:05.265	0.97899	0.97899			6
2024.03.27	00:32:05.547	0.97898	0.97898			6
2024.03.27	00:32:08.541	0.97897	0.97897			6
2024.03.27	00:32:08.571	0.97898	0.97898			6
2024.03.27	00:32:10.602	0.97899	0.97899			6
2024.03.27	00:32:10.725	0.97898	0.97898			6
2024.03.27	00:32:11.465	0.97899	0.97899			6
2024.03.27	00:32:11.527	0.97898	0.97898			6
2024.03.27	00:32:12.493	0.97902	0.97902			6
2024.03.27	00:32:13.106	0.97901	0.97901			6
2024.03.27	00:32:14.348	0.97902	0.97902			6
2024.03.27	00:32:17.021	0.97900	0.97900			6
2024.03.27	00:32:17.051	0.97902	0.97902			6
2024.03.27	00:32:25.520	0.97900	0.97900			6
2024.03.27	00:32:25.550	0.97902	0.97902			6
2024.03.27	00:32:32.112	0.97901	0.97901			6
2024.03.27	00:32:33.113	0.97902	0.97902			6
2024.03.27	00:32:33.988	0.97900	0.97900			6
2024.03.27	00:32:34.018	0.97902	0.97902			6
2024.03.27	00:32:40.556	0.97903	0.97903			6
2024.03.27	00:32:42.464	0.97902	0.97902			6
2024.03.27	00:32:47.812	0.97903	0.97903			6
2024.03.27	00:32:48.865	0.97902	0.97902			6
2024.03.27	00:32:49.032	0.97903	0.97903			6
2024.03.27	00:32:49.579	0.97902	0.97902			6
2024.03.27	00:32:59.447	0.97901	0.97901			6
2024.03.27	00:32:59.477	0.97902	0.97902			6
2024.03.27	00:33:05.040	0.97902				2
2024.03.27	00:33:05.306	0.97903	0.97903			6
2024.03.27	00:33:07.947	0.97901	0.97901			6
2024.03.27	00:33:07.978	0.97903	0.97903			6
2024.03.27	00:33:13.867	0.97902	0.97902			6
2024.03.27	00:33:14.201	0.97903	0.97903			6
2024.03.27	00:33:15.552	0.97902	0.97902			6
2024.03.27	00:33:22.761	0.97903	0.97903			6
2024.03.27	00:33:23.974	0.97902	0.97902			6
2024.03.27	00:33:26.403	0.97903	0.97903			6
2024.03.27	00:33:26.564	0.97902	0.97902			6
2024.03.27	00:33:28.479	0.97903	0.97903			6
2024.03.27	00:33:29.764	0.97902	0.97902			6
2024.03.27	00:33:32.679	0.97903	0.97903			6
2024.03.27	00:33:33.372	0.97901	0.97901			6
2024.03.27	00:33:33.402	0.97903	0.97903			6
2024.03.27	00:33:35.449	0.97902	0.97902			6
2024.03.27	00:33:36.034	0.97903	0.97903			6
2024.03.27	00:33:38.066	0.97902	0.97902			6
2024.03.27	00:33:38.878	0.97903	0.97903			6
2024.03.27	00:33:39.900	0.97902	0.97902			6
2024.03.27	00:33:45.490	0.97903	0.97903			6
2024.03.27	00:33:46.385	0.97902	0.97902			6
2024.03.27	00:33:47.236	0.97903	0.97903			6
2024.03.27	00:33:47.351	0.97902	0.97902			6
2024.03.27	00:33:48.187	0.97903	0.97903			6
2024.03.27	00:33:50.333	0.97900	0.97900			6
2024.03.27	00:33:50.363	0.97903	0.97903			6
2024.03.27	00:33:58.828	0.97901	0.97901			6
2024.03.27	00:33:58.857	0.97903	0.97903			6
2024.03.27	00:34:02.525	0.97901	0.97901			6
2024.03.27	00:34:02.585	0.97903	0.97903			6
2024.03.27	00:34:03.496	0.97902	0.97902			6
2024.03.27	00:34:05.594	0.97901	0.97901			6
2024.03.27	00:34:05.623	0.97900	0.97900			6
2024.03.27	00:34:05.685	0.97901	0.97901			6
2024.03.27	00:34:16.643	0.97903	0.97903			6
2024.03.27	00:34:27.763	0.97904	0.97904			6
2024.03.27	00:34:29.080	0.97903	0.97903			6
2024.03.27	00:34:32.749	0.97901	0.97901			6
2024.03.27	00:34:32.779	0.97903	0.97903			6
2024.03.27	00:34:34.367	0.97902	0.97902			6
2024.03.27	00:34:41.297	0.97899	0.97899			6
2024.03.27	00:34:41.620	0.97902	0.97902			6
2024.03.27	00:34:49.478	0.97903	0.97903			6
2024.03.27	00:34:49.526	0.97902	0.97902			6
2024.03.27	00:34:49.739	0.97900	0.97900			6
2024.03.27	00:34:49.769	0.97902	0.97902			6
2024.03.27	00:34:50.510	0.97903	0.97903			6
2024.03.27	00:34:50.649	0.97902	0.97902			6
2024.03.27	00:34:51.521	0.97903	0.97903			6
2024.03.27	00:34:51.619	0.97902	0.97902			6
2024.03.27	00:34:52.343	0.97903	0.97903			6
2024.03.27	00:34:52.715	0.97902	0.97902			6
2024.03.27	00:34:55.674	0.97903	0.97903			6
2024.03.27	00:34:56.358	0.97902	0.97902			6
2024.03.27	00:34:56.740	0.97903	0.97903			6
2024.03.27	00:34:56.849	0.97902	0.97902			6
2024.03.27	00:34:58.089	0.97903	0.97903			6
2024.03.27	00:34:58.931	0.97902	0.97902			6
2024.03.27	00:34:59.736	0.97903	0.97903			6
2024.03.27	00:34:59.877	0.97902	0.97902			6
2024.03.27	00:35:00.124	0.97903	0.97903			6
2024.03.27	00:35:00.728	0.97902	0.97902			6
2024.03.27	00:35:00.758	0.97903	0.97903			6
2024.03.27	00:35:00.878	0.97902	0.97902			6
2024.03.27	00:35:01.795	0.97903	0.97903			6
2024.03.27	00:35:01.910	0.97902	0.97902			6
2024.03.27	00:35:03.846	0.97903	0.97903			6
2024.03.27	00:35:03.961	0.97902	0.97902			6
2024.03.27	00:35:04.865	0.97903	0.97903			6
2024.03.27	00:35:05.014	0.97902	0.97902			6
2024.03.27	00:35:05.338	0.97903	0.97903			6
2024.03.27	00:35:06.043	0.97902	0.97902			6
2024.03.27	00:35:06.080	0.97903	0.97903			6
2024.03.27	00:35:06.298	0.97902	0.97902			6
2024.03.27	00:35:07.215	0.97903	0.97903			6
2024.03.27	00:35:07.335	0.97902	0.97902			6
2024.03.27	00:35:08.231	0.97903	0.97903			6
2024.03.27	00:35:08.366	0.97902	0.97902			6
2024.03.27	00:35:09.277	0.97903	0.97903			6
2024.03.27	00:35:09.397	0.97902	0.97902			6
2024.03.27	00:35:10.315	0.97903	0.97903			6
2024.03.27	00:35:10.458	0.97902	0.97902			6
2024.03.27	00:35:11.336	0.97903	0.97903			6
2024.03.27	00:35:11.478	0.97902	0.97902			6
2024.03.27	00:35:12.402	0.97903	0.97903			6
2024.03.27	00:35:12.501	0.97902	0.97902			6
2024.03.27	00:35:13.246	0.97903	0.97903			6
2024.03.27	00:35:13.413	0.97902	0.97902			6
2024.03.27	00:35:14.307	0.97903	0.97903			6
2024.03.27	00:35:14.436	0.97902	0.97902			6
2024.03.27	00:35:15.165	0.97900	0.97900			6
2024.03.27	00:35:15.195	0.97902	0.97902			6
2024.03.27	00:35:15.285	0.97903	0.97903			6
2024.03.27	00:35:16.512	0.97902	0.97902			6
2024.03.27	00:35:17.357	0.97903	0.97903			6
2024.03.27	00:35:17.861	0.97902	0.97902			6
2024.03.27	00:35:18.465	0.97903	0.97903			6
2024.03.27	00:35:18.890	0.97902	0.97902			6
2024.03.27	00:35:19.420	0.97903	0.97903			6
2024.03.27	00:35:19.924	0.97902	0.97902			6
2024.03.27	00:35:20.441	0.97903	0.97903			6
2024.03.27	00:35:22.595	0.97902	0.97902			6
2024.03.27	00:35:23.499	0.97903	0.97903			6
2024.03.27	00:35:23.660	0.97900	0.97900			6
2024.03.27	00:35:23.689	0.97903	0.97903			6
2024.03.27	00:35:25.712	0.97902	0.97902			6
2024.03.27	00:35:26.630	0.97903	0.97903			6
2024.03.27	00:35:26.742	0.97902	0.97902			6
2024.03.27	00:35:27.660	0.97903	0.97903			6
2024.03.27	00:35:27.763	0.97902	0.97902			6
2024.03.27	00:35:28.015	0.97903	0.97903			6
2024.03.27	00:35:28.164	0.97902	0.97902			6
2024.03.27	00:35:28.933	0.97903	0.97903			6
2024.03.27	00:35:35.694	0.97902	0.97902			6
2024.03.27	00:35:49.111	0.97900	0.97900			6
2024.03.27	00:35:49.141	0.97902	0.97902			6
2024.03.27	00:35:57.592	0.97900	0.97900			6
2024.03.27	00:35:57.621	0.97902	0.97902			6
2024.03.27	00:36:14.562	0.97900	0.97900			6
2024.03.27	00:36:14.593	0.97902	0.97902			6
2024.03.27	00:36:23.047	0.97900	0.97900			6
2024.03.27	00:36:23.078	0.97902	0.97902			6
2024.03.27	00:36:31.527	0.97900	0.97900			6
2024.03.27	00:36:31.557	0.97902	0.97902			6
2024.03.27	00:36:47.633	0.97901	0.97901			6
2024.03.27	00:36:47.663	0.97900	0.97900			6
2024.03.27	00:36:47.754	0.97901	0.97901			6
2024.03.27	00:36:47.963	0.97900	0.97900			6
2024.03.27	00:36:50.485	0.97901	0.97901			6
2024.03.27	00:36:50.544	0.97900	0.97900			6
2024.03.27	00:36:56.594	0.97901	0.97901			6
2024.03.27	00:37:01.424	0.97901				2
2024.03.27	00:37:12.169	0.97902	0.97902			6
2024.03.27	00:37:12.472	0.97901	0.97901			6
2024.03.27	00:37:12.951	0.97902	0.97902			6
2024.03.27	00:37:13.942	0.97901	0.97901			6
2024.03.27	00:37:13.972	0.97902	0.97902			6
2024.03.27	00:37:14.264	0.97901	0.97901			6
2024.03.27	00:37:15.521	0.97902	0.97902			6
2024.03.27	00:37:17.590	0.97899	0.97899			6
2024.03.27	00:37:17.992	0.97900	0.97900			6
2024.03.27	00:37:45.643	0.97899	0.97899			6
2024.03.27	00:37:45.973	0.97900	0.97900			6
2024.03.27	00:37:47.859	0.97899	0.97899			6
2024.03.27	00:37:47.889	0.97900	0.97900			6
2024.03.27	00:37:51.681	0.97897	0.97897			6
2024.03.27	00:37:52.725	0.97898	0.97898			6
2024.03.27	00:37:52.846	0.97897	0.97897			6
2024.03.27	00:37:53.756	0.97898	0.97898			6
2024.03.27	00:38:12.777	0.97899	0.97899			6
2024.03.27	00:38:13.094	0.97898	0.97898			6
2024.03.27	00:38:14.870	0.97899	0.97899			6
2024.03.27	00:38:14.901	0.97898	0.97898			6
2024.03.27	00:38:15.826	0.97897	0.97897			6
2024.03.27	00:38:16.120	0.97898	0.97898			6
2024.03.27	00:38:24.811	0.97900	0.97900			6
2024.03.27	00:38:25.084	0.97899	0.97899			6
2024.03.27	00:38:30.360	0.97900	0.97900			6
2024.03.27	00:38:31.963	0.97899	0.97899			6
2024.03.27	00:38:35.830	0.97898	0.97898			6
2024.03.27	00:38:35.860	0.97899	0.97899			6
2024.03.27	00:38:35.954	0.97898	0.97898			6
2024.03.27	00:38:36.420	0.97899	0.97899			6
2024.03.27	00:38:36.996	0.97900	0.97900			6
2024.03.27	00:38:37.748	0.97899	0.97899			6
2024.03.27	00:38:40.219	0.97900	0.97900			6
2024.03.27	00:38:40.966	0.97899	0.97899			6
2024.03.27	00:38:42.688	0.97898	0.97898			6
2024.03.27	00:38:43.805	0.97899	0.97899			6
2024.03.27	00:38:44.108	0.97900	0.97900			6
2024.03.27	00:38:44.383	0.97899	0.97899			6
2024.03.27	00:38:45.869	0.97900	0.97900			6
2024.03.27	00:38:46.020	0.97899	0.97899			6
2024.03.27	00:38:47.557	0.97900	0.97900			6
2024.03.27	00:38:48.008	0.97899	0.97899			6
2024.03.27	00:39:00.177	0.97899				2
2024.03.27	00:39:02.197	0.97900	0.97900			6
2024.03.27	00:39:02.777	0.97899	0.97899			6
2024.03.27	00:39:04.348	0.97900	0.97900			6
2024.03.27	00:39:05.986	0.97899	0.97899			6
2024.03.27	00:39:10.964	0.97900	0.97900			6
2024.03.27	00:39:11.258	0.97899	0.97899			6
2024.03.27	00:39:12.007	0.97900	0.97900			6
2024.03.27	00:39:12.742	0.97899	0.97899			6
2024.03.27	00:39:13.247	0.97900	0.97900			6
2024.03.27	00:39:13.525	0.97899	0.97899			6
2024.03.27	00:39:16.100	0.97900	0.97900			6
2024.03.27	00:39:17.869	0.97899	0.97899			6
2024.03.27	00:39:18.183	0.97900	0.97900			6
2024.03.27	00:39:18.593	0.97899	0.97899			6
2024.03.27	00:39:19.193	0.97900	0.97900			6
2024.03.27	00:39:19.913	0.97899	0.97899			6
2024.03.27	00:39:20.165	0.97900	0.97900			6
2024.03.27	00:39:20.921	0.97899	0.97899			6
2024.03.27	00:39:22.996	0.97900	0.97900			6
2024.03.27	00:39:23.403	0.97899	0.97899			6
2024.03.27	00:39:24.024	0.97900	0.97900			6
2024.03.27	00:39:25.323	0.97899	0.97899			6
2024.03.27	00:39:26.246	0.97900	0.97900			6
2024.03.27	00:39:27.033	0.97899	0.97899			6
2024.03.27	00:39:27.276	0.97900	0.97900			6
2024.03.27	00:39:27.777	0.97899	0.97899			6
2024.03.27	00:39:28.286	0.97900	0.97900			6
2024.03.27	00:39:28.578	0.97899	0.97899			6
2024.03.27	00:39:30.329	0.97900	0.97900			6
2024.03.27	00:39:31.137	0.97899	0.97899			6
2024.03.27	00:39:31.411	0.97900	0.97900			6
2024.03.27	00:39:32.063	0.97899	0.97899			6
2024.03.27	00:39:33.623	0.97900	0.97900			6
2024.03.27	00:39:34.099	0.97899	0.97899			6
2024.03.27	00:39:34.964	0.97900	0.97900			6
2024.03.27	00:39:35.694	0.97899	0.97899			6
2024.03.27	00:39:36.860	0.97900	0.97900			6
2024.03.27	00:39:37.124	0.97899	0.97899			6
2024.03.27	00:39:37.862	0.97900	0.97900			6
2024.03.27	00:39:38.693	0.97899	0.97899			6
2024.03.27	00:39:38.972	0.97900	0.97900			6
2024.03.27	00:39:39.358	0.97899	0.97899			6
2024.03.27	00:39:41.046	0.97900	0.97900			6
2024.03.27	00:39:42.054	0.97899	0.97899			6
2024.03.27	00:39:43.330	0.97900	0.97900			6
2024.03.27	00:39:44.129	0.97899	0.97899			6
2024.03.27	00:39:46.526	0.97900	0.97900			6
2024.03.27	00:39:46.964	0.97899	0.97899			6
2024.03.27	00:39:50.608	0.97900	0.97900			6
2024.03.27	00:39:50.855	0.97899	0.97899			6
2024.03.27	00:39:51.638	0.97900	0.97900			6
2024.03.27	00:39:51.877	0.97899	0.97899			6
2024.03.27	00:39:53.668	0.97900	0.97900			6
2024.03.27	00:39:54.730	0.97899	0.97899			6
2024.03.27	00:39:55.767	0.97900	0.97900			6
2024.03.27	00:39:56.039	0.97899	0.97899			6
2024.03.27	00:39:57.648	0.97900	0.97900			6
2024.03.27	00:40:01.161	0.97899	0.97899			6
2024.03.27	00:40:02.624	0.97900	0.97900			6
2024.03.27	00:40:05.336	0.97899	0.97899			6
2024.03.27	00:40:06.884	0.97900	0.97900			6
2024.03.27	00:40:10.163	0.97899	0.97899			6
2024.03.27	00:40:11.070	0.97900	0.97900			6
2024.03.27	00:40:11.656	0.97899	0.97899			6
2024.03.27	00:40:19.196	0.97900	0.97900			6
2024.03.27	00:40:19.389	0.97899	0.97899			6
2024.03.27	00:40:21.264	0.97900	0.97900			6
2024.03.27	00:40:21.446	0.97899	0.97899			6
2024.03.27	00:40:28.687	0.97898	0.97898			6
2024.03.27	00:40:28.778	0.97899	0.97899			6
2024.03.27	00:40:28.896	0.97898	0.97898			6
2024.03.27	00:40:34.650	0.97899	0.97899			6
2024.03.27	00:40:40.559	0.97898	0.97898			6
2024.03.27	00:40:40.864	0.97899	0.97899			6
2024.03.27	00:40:41.256	0.97898	0.97898			6
2024.03.27	00:40:43.963	0.97899	0.97899			6
2024.03.27	00:40:44.144	0.97898	0.97898			6
2024.03.27	00:40:45.009	0.97899	0.97899			6
2024.03.27	00:40:45.155	0.97898	0.97898			6
2024.03.27	00:40:47.053	0.97899	0.97899			6
2024.03.27	00:40:47.526	0.97898	0.97898			6
2024.03.27	00:40:48.645	0.97899	0.97899			6
2024.03.27	00:40:49.424	0.97898	0.97898			6
2024.03.27	00:40:51.494	0.97899	0.97899			6
2024.03.27	00:40:51.964	0.97898	0.97898			6
2024.03.27	00:40:54.709	0.97900	0.97900			6
2024.03.27	00:40:55.764	0.97899	0.97899			6
2024.03.27	00:41:00.950	0.97900	0.97900			6
2024.03.27	00:41:02.114	0.97899	0.97899			6
2024.03.27	00:41:11.176	0.97900	0.97900			6
2024.03.27	00:41:15.695	0.97901	0.97901			6
2024.03.27	00:41:47.169	0.97902	0.97902			6
2024.03.27	00:41:48.249	0.97901	0.97901			6
2024.03.27	00:41:59.668	0.97902	0.97902			6
2024.03.27	00:42:00.055	0.97901	0.97901			6
2024.03.27	00:42:27.606	0.97902	0.97902			6
2024.03.27	00:42:27.817	0.97901	0.97901			6
2024.03.27	00:42:27.846	0.97902	0.97902			6
2024.03.27	00:42:36.296	0.97901	0.97901			6
2024.03.27	00:42:36.325	0.97902	0.97902			6
2024.03.27	00:42:43.230	0.97903	0.97903			6
2024.03.27	00:42:43.358	0.97902	0.97902			6
2024.03.27	00:42:43.696	0.97903	0.97903			6
2024.03.27	00:42:44.363	0.97902	0.97902			6
2024.03.27	00:42:45.055	0.97903	0.97903			6
2024.03.27	00:42:45.465	0.97902	0.97902			6
2024.03.27	00:42:47.859	0.97903	0.97903			6
2024.03.27	00:42:53.246	0.97901	0.97901			6
2024.03.27	00:42:53.276	0.97903	0.97903			6
2024.03.27	00:42:56.030	0.97899	0.97899			6
2024.03.27	00:42:56.150	0.97900	0.97900			6
2024.03.27	00:42:56.272	0.97899	0.97899			6
2024.03.27	00:42:57.176	0.97900	0.97900			6
2024.03.27	00:42:57.304	0.97899	0.97899			6
2024.03.27	00:42:58.223	0.97900	0.97900			6
2024.03.27	00:42:58.325	0.97901	0.97901			6
2024.03.27	00:42:58.356	0.97900	0.97900			6
2024.03.27	00:42:58.558	0.97899	0.97899			6
2024.03.27	00:42:59.263	0.97900	0.97900			6
2024.03.27	00:42:59.382	0.97899	0.97899			6
2024.03.27	00:43:01.730	0.97898	0.97898			6
2024.03.27	00:43:01.759	0.97899	0.97899			6
2024.03.27	00:43:13.077	0.97900	0.97900			6
2024.03.27	00:43:13.178	0.97899	0.97899			6
2024.03.27	00:43:14.094	0.97898	0.97898			6
2024.03.27	00:43:14.125	0.97899	0.97899			6
2024.03.27	00:43:14.230	0.97898	0.97898			6
2024.03.27	00:43:14.362	0.97899	0.97899			6
2024.03.27	00:43:16.177	0.97900	0.97900			6
2024.03.27	00:43:16.301	0.97899	0.97899			6
2024.03.27	00:43:17.208	0.97900	0.97900			6
2024.03.27	00:43:17.348	0.97899	0.97899			6
2024.03.27	00:43:18.257	0.97900	0.97900			6
2024.03.27	00:43:18.377	0.97899	0.97899			6
2024.03.27	00:43:18.713	0.97898	0.97898			6
2024.03.27	00:43:18.743	0.97899	0.97899			6
2024.03.27	00:43:22.412	0.97900	0.97900			6
2024.03.27	00:43:22.532	0.97899	0.97899			6
2024.03.27	00:43:23.416	0.97900	0.97900			6
2024.03.27	00:43:23.578	0.97896	0.97896			6
2024.03.27	00:43:23.638	0.97895	0.97895			6
2024.03.27	00:43:40.781	0.97894	0.97894			6
2024.03.27	00:43:42.689	0.97895	0.97895			6
2024.03.27	00:43:49.935	0.97894	0.97894			6
2024.03.27	00:43:53.509	0.97895	0.97895			6
2024.03.27	00:43:53.894	0.97894	0.97894			6
2024.03.27	00:44:01.074	0.97894				2
2024.03.27	00:44:01.458	0.97895	0.97895			6
2024.03.27	00:44:08.140	0.97894	0.97894			6
2024.03.27	00:44:39.195	0.97895	0.97895			6
2024.03.27	00:44:55.188	0.97896	0.97896			6
2024.03.27	00:44:55.333	0.97895	0.97895			6
2024.03.27	00:44:58.211	0.97896	0.97896			6
2024.03.27	00:44:59.993	0.97895	0.97895			6
2024.03.27	00:45:00.060	0.97896	0.97896			6
2024.03.27	00:45:24.454	0.97897	0.97897			6
2024.03.27	00:45:27.855	0.97896	0.97896			6
2024.03.27	00:46:08.018	0.97897	0.97897			6
2024.03.27	00:46:13.512	0.97896	0.97896			6
2024.03.27	00:46:27.963	0.97897	0.97897			6
2024.03.27	00:46:28.240	0.97896	0.97896			6
2024.03.27	00:46:30.358	0.97897	0.97897			6
2024.03.27	00:46:35.495	0.97896	0.97896			6
2024.03.27	00:46:35.785	0.97897	0.97897			6
2024.03.27	00:46:39.224	0.97896	0.97896			6
2024.03.27	00:46:44.260	0.97897	0.97897			6
2024.03.27	00:46:44.992	0.97896	0.97896			6
2024.03.27	00:46:46.358	0.97897	0.97897			6
2024.03.27	00:46:55.364	0.97896	0.97896			6
2024.03.27	00:46:57.546	0.97897	0.97897			6
2024.03.27	00:46:58.212	0.97896	0.97896			6
2024.03.27	00:47:00.095	0.97897	0.97897			6
2024.03.27	00:47:04.516	0.97896	0.97896			6
2024.03.27	00:47:05.976	0.97897	0.97897			6
2024.03.27	00:47:08.176	0.97896	0.97896			6
2024.03.27	00:47:25.182	0.97897	0.97897			6
2024.03.27	00:47:38.868	0.97900	0.97900			6
2024.03.27	00:47:38.898	0.97901	0.97901			6
2024.03.27	00:47:38.929	0.97900	0.97900			6
2024.03.27	00:47:39.297	0.97901	0.97901			6
2024.03.27	00:47:40.523	0.97900	0.97900			6
2024.03.27	00:47:43.193	0.97901	0.97901			6
2024.03.27	00:48:01.829	0.97901				2
2024.03.27	00:48:05.976	0.97900	0.97900			6
2024.03.27	00:48:27.560	0.97901	0.97901			6
2024.03.27	00:48:39.645	0.97900	0.97900			6
2024.03.27	00:48:39.976	0.97901	0.97901			6
2024.03.27	00:49:02.393	0.97901				2
2024.03.27	00:49:34.247	0.97902	0.97902			6
2024.03.27	00:49:36.864	0.97901	0.97901			6
2024.03.27	00:49:51.192	0.97902	0.97902			6
2024.03.27	00:49:51.311	0.97903	0.97903			6
2024.03.27	00:49:51.431	0.97902	0.97902			6
2024.03.27	00:49:56.960	0.97903	0.97903			6
2024.03.27	00:49:58.388	0.97902	0.97902			6
2024.03.27	00:50:02.693	0.97902				2
2024.03.27	00:50:06.663	0.97903	0.97903			6
2024.03.27	00:50:09.667	0.97902	0.97902			6
2024.03.27	00:50:10.694	0.97901	0.97901			6
2024.03.27	00:50:13.016	0.97900	0.97900			6
2024.03.27	00:50:27.712	0.97901	0.97901			6
2024.03.27	00:50:40.814	0.97900	0.97900			6
2024.03.27	00:50:45.515	0.97901	0.97901			6
2024.03.27	00:51:00.359	0.97901				2
2024.03.27	00:51:18.593	0.97900	0.97900			6
2024.03.27	00:51:29.728	0.97901	0.97901			6
2024.03.27	00:52:01.036	0.97901				2
2024.03.27	00:52:01.392	0.97900	0.97900			6
2024.03.27	00:52:02.606	0.97901	0.97901			6
2024.03.27	00:52:02.983	0.97903	0.97903			6
2024.03.27	00:52:04.506	0.97902	0.97902			6
2024.03.27	00:52:04.699	0.97901	0.97901			6
2024.03.27	00:52:05.059	0.97900	0.97900			6
2024.03.27	00:52:16.240	0.97904	0.97904			6
2024.03.27	00:52:17.985	0.97903	0.97903			6
2024.03.27	00:52:19.372	0.97902	0.97902			6
2024.03.27	00:52:31.708	0.97901	0.97901			6
2024.03.27	00:52:32.038	0.97900	0.97900			6
2024.03.27	00:53:11.993	0.97900				2
2024.03.27	00:53:35.224		0.97900			4
2024.03.27	00:53:41.957	0.97901	0.97901			6
2024.03.27	00:53:43.396	0.97900	0.97900			6
2024.03.27	00:54:03.300	0.97901	0.97901			6
2024.03.27	00:54:03.331	0.97902	0.97902			6
2024.03.27	00:55:07.805	0.97901	0.97901			6
2024.03.27	00:55:07.864	0.97900	0.97900			6
2024.03.27	00:55:08.284	0.97901	0.97901			6
2024.03.27	00:55:08.562	0.97900	0.97900			6
2024.03.27	00:56:00.762	0.97900				2
2024.03.27	00:56:09.323		0.97900			4
2024.03.27	00:56:38.301	0.97899	0.97899			6
2024.03.27	00:56:38.391	0.97900	0.97900			6
2024.03.27	00:56:39.322	0.97899	0.97899			6
2024.03.27	00:56:39.905	0.97900	0.97900			6
2024.03.27	00:56:51.982	0.97899	0.97899			6
2024.03.27	00:57:00.496	0.97900	0.97900			6
2024.03.27	00:57:00.523	0.97899	0.97899			6
2024.03.27	00:57:00.792	0.97898	0.97898			6
2024.03.27	00:57:00.853	0.97897	0.97897			6
2024.03.27	00:57:07.128	0.97898	0.97898			6
2024.03.27	00:57:18.469	0.97897	0.97897			6
2024.03.27	00:57:18.501	0.97898	0.97898			6
2024.03.27	00:57:18.679	0.97897	0.97897			6
2024.03.27	00:57:18.770	0.97898	0.97898			6
2024.03.27	00:57:56.153	0.97897	0.97897			6
2024.03.27	00:57:57.142	0.97898	0.97898			6
2024.03.27	00:57:58.992	0.97897	0.97897			6
2024.03.27	00:58:02.175	0.97897				2
2024.03.27	00:58:05.339	0.97898	0.97898			6
2024.03.27	00:58:07.615	0.97897	0.97897			6
2024.03.27	00:58:23.694	0.97898	0.97898			6
2024.03.27	00:58:34.129	0.97901	0.97901			6
2024.03.27	00:59:04.193	0.97901				2
2024.03.27	00:59:40.770	0.97900	0.97900			6
2024.03.27	00:59:42.667	0.97901	0.97901			6
2024.03.27	00:59:46.986	0.97900	0.97900			6
2024.03.27	00:59:50.556	0.97901	0.97901			6
2024.03.27	00:59:56.747	0.97902	0.97902			6
2024.03.27	00:59:56.969	0.97901	0.97901			6
2024.03.27	00:59:57.933	0.97902	0.97902			6
2024.03.27	01:00:00.915	0.97901	0.97901			6
2024.03.27	01:00:02.964	0.97900	0.97900			6
2024.03.27	01:00:03.622	0.97901	0.97901			6
2024.03.27	01:00:06.782	0.97902	0.97902			6
2024.03.27	01:00:08.191	0.97901	0.97901			6
2024.03.27	01:00:08.550	0.97902	0.97902			6
2024.03.27	01:00:16.850	0.97903	0.97903			6
2024.03.27	01:00:16.910	0.97904	0.97904			6
2024.03.27	01:00:17.547	0.97903	0.97903			6
2024.03.27	01:00:40.252	0.97902	0.97902			6
2024.03.27	01:00:40.749	0.97901	0.97901			6
2024.03.27	01:00:41.363	0.97902	0.97902			6
2024.03.27	01:00:41.750	0.97901	0.97901			6
2024.03.27	01:01:00.712	0.97901				2
2024.03.27	01:01:00.994	0.97902	0.97902			6
2024.03.27	01:01:08.864	0.97903	0.97903			6
2024.03.27	01:01:09.062	0.97902	0.97902			6
2024.03.27	01:01:18.913	0.97901	0.97901			6
2024.03.27	01:01:19.892	0.97902	0.97902			6
2024.03.27	01:01:23.508	0.97903	0.97903			6
2024.03.27	01:01:28.561	0.97904	0.97904			6
2024.03.27	01:01:42.247	0.97903	0.97903			6
2024.03.27	01:01:50.643	0.97902	0.97902			6
2024.03.27	01:01:59.692	0.97903	0.97903			6
2024.03.27	01:02:07.212	0.97904	0.97904			6
2024.03.27	01:02:07.417	0.97903	0.97903			6
2024.03.27	01:02:08.275	0.97904	0.97904			6
2024.03.27	01:02:08.562	0.97903	0.97903			6
2024.03.27	01:02:10.001	0.97904	0.97904			6
2024.03.27	01:02:10.160	0.97903	0.97903			6
2024.03.27	01:02:12.123	0.97902	0.97902			6
2024.03.27	01:02:13.492	0.97903	0.97903			6
2024.03.27	01:02:14.251	0.97904	0.97904			6
2024.03.27	01:02:15.592	0.97903	0.97903			6
2024.03.27	01:02:22.841	0.97902	0.97902			6
2024.03.27	01:03:04.186	0.97902				2
2024.03.27	01:03:25.910		0.97902			4
2024.03.27	01:03:31.116	0.97901	0.97901			6
2024.03.27	01:03:50.799	0.97899	0.97899			6
2024.03.27	01:03:50.977	0.97898	0.97898			6
2024.03.27	01:03:51.431	0.97899	0.97899			6
2024.03.27	01:03:51.551	0.97898	0.97898			6
2024.03.27	01:03:52.381	0.97899	0.97899			6
2024.03.27	01:03:52.411	0.97900	0.97900			6
2024.03.27	01:03:52.890	0.97899	0.97899			6
2024.03.27	01:03:54.872	0.97900	0.97900			6
2024.03.27	01:03:55.616	0.97899	0.97899			6
2024.03.27	01:03:55.896	0.97900	0.97900			6
2024.03.27	01:03:56.638	0.97899	0.97899			6
2024.03.27	01:03:56.942	0.97900	0.97900			6
2024.03.27	01:03:57.639	0.97899	0.97899			6
2024.03.27	01:03:57.936	0.97900	0.97900			6
2024.03.27	01:03:58.334	0.97899	0.97899			6
2024.03.27	01:03:59.005	0.97900	0.97900			6
2024.03.27	01:03:59.781	0.97899	0.97899			6
2024.03.27	01:04:00.974	0.97900	0.97900			6
2024.03.27	01:05:08.160	0.97900	0.97900			6
2024.03.27	01:05:55.927	0.97899	0.97899			6
2024.03.27	01:05:56.768	0.97900	0.97900			6
2024.03.27	01:06:01.919	0.97900				2
2024.03.27	01:06:09.081	0.97901	0.97901			6
2024.03.27	01:06:11.582	0.97900	0.97900			6
2024.03.27	01:06:42.711	0.97901	0.97901			6
2024.03.27	01:07:32.700	0.97901				2
2024.03.27	01:07:33.731	0.97900	0.97900			6
2024.03.27	01:07:35.839	0.97901	0.97901			6
2024.03.27	01:07:53.491	0.97902	0.97902			6
2024.03.27	01:07:54.699	0.97901	0.97901			6
2024.03.27	01:07:57.850	0.97902	0.97902			6
2024.03.27	01:08:13.336	0.97902				2
2024.03.27	01:08:14.138	0.97899	0.97899			6
2024.03.27	01:08:14.288	0.97898	0.97898			6
2024.03.27	01:08:15.142	0.97899	0.97899			6
2024.03.27	01:08:16.429	0.97898	0.97898			6
2024.03.27	01:08:17.293	0.97899	0.97899			6
2024.03.27	01:08:19.724	0.97898	0.97898			6
2024.03.27	01:08:21.411	0.97899	0.97899			6
2024.03.27	01:08:21.513	0.97898	0.97898			6
2024.03.27	01:08:22.422	0.97899	0.97899			6
2024.03.27	01:08:22.572	0.97898	0.97898			6
2024.03.27	01:08:23.411	0.97899	0.97899			6
2024.03.27	01:08:23.793	0.97898	0.97898			6
2024.03.27	01:08:24.497	0.97899	0.97899			6
2024.03.27	01:08:25.487	0.97898	0.97898			6
2024.03.27	01:08:25.547	0.97899	0.97899			6
2024.03.27	01:08:25.692	0.97898	0.97898			6
2024.03.27	01:08:26.573	0.97899	0.97899			6
2024.03.27	01:08:26.942	0.97898	0.97898			6
2024.03.27	01:08:27.635	0.97899	0.97899			6
2024.03.27	01:08:27.760	0.97898	0.97898			6
2024.03.27	01:08:28.673	0.97899	0.97899			6
2024.03.27	01:08:28.779	0.97898	0.97898			6
2024.03.27	01:08:29.677	0.97899	0.97899			6
2024.03.27	01:08:29.838	0.97898	0.97898			6
2024.03.27	01:08:30.515	0.97899	0.97899			6
2024.03.27	01:08:30.814	0.97898	0.97898			6
2024.03.27	01:08:31.083	0.97899	0.97899			6
2024.03.27	01:08:31.363	0.97898	0.97898			6
2024.03.27	01:08:32.042	0.97897	0.97897			6
2024.03.27	01:08:32.101	0.97898	0.97898			6
2024.03.27	01:08:32.185	0.97897	0.97897			6
2024.03.27	01:08:34.179	0.97899	0.97899			6
2024.03.27	01:08:34.277	0.97897	0.97897			6
2024.03.27	01:08:35.191	0.97899	0.97899			6
2024.03.27	01:08:35.313	0.97897	0.97897			6
2024.03.27	01:08:37.225	0.97899	0.97899			6
2024.03.27	01:08:37.385	0.97897	0.97897			6
2024.03.27	01:08:38.247	0.97899	0.97899			6
2024.03.27	01:08:38.425	0.97897	0.97897			6
2024.03.27	01:08:39.425	0.97899	0.97899			6
2024.03.27	01:08:40.167	0.97897	0.97897			6
2024.03.27	01:08:40.473	0.97899	0.97899			6
2024.03.27	01:08:40.503	0.97897	0.97897			6
2024.03.27	01:08:41.423	0.97899	0.97899			6
2024.03.27	01:08:41.556	0.97897	0.97897			6
2024.03.27	01:08:42.441	0.97899	0.97899			6
2024.03.27	01:08:42.589	0.97897	0.97897			6
2024.03.27	01:08:43.442	0.97899	0.97899			6
2024.03.27	01:08:43.609	0.97897	0.97897			6
2024.03.27	01:08:44.460	0.97899	0.97899			6
2024.03.27	01:08:44.626	0.97897	0.97897			6
2024.03.27	01:08:44.897	0.97898	0.97898			6
2024.03.27	01:08:45.517	0.97899	0.97899			6
2024.03.27	01:08:45.681	0.97898	0.97898			6
2024.03.27	01:08:46.542	0.97899	0.97899			6
2024.03.27	01:08:46.709	0.97898	0.97898			6
2024.03.27	01:08:47.572	0.97899	0.97899			6
2024.03.27	01:08:47.757	0.97898	0.97898			6
2024.03.27	01:08:48.572	0.97897	0.97897			6
2024.03.27	01:08:48.632	0.97899	0.97899			6
2024.03.27	01:08:48.873	0.97898	0.97898			6
2024.03.27	01:09:09.721	0.97899	0.97899			6
2024.03.27	01:09:09.831	0.97897	0.97897			6
2024.03.27	01:09:09.952	0.97899	0.97899			6
2024.03.27	01:09:10.341	0.97897	0.97897			6
2024.03.27	01:09:10.586	0.97898	0.97898			6
2024.03.27	01:09:12.190	0.97899	0.97899			6
2024.03.27	01:09:12.314	0.97898	0.97898			6
2024.03.27	01:09:12.834	0.97899	0.97899			6
2024.03.27	01:09:13.106	0.97900	0.97900			6
2024.03.27	01:09:28.052	0.97899	0.97899			6
2024.03.27	01:09:31.027	0.97900	0.97900			6
2024.03.27	01:09:31.116	0.97899	0.97899			6
2024.03.27	01:09:31.316	0.97900	0.97900			6
2024.03.27	01:10:00.049	0.97900				2
2024.03.27	01:10:09.921	0.97899	0.97899			6
2024.03.27	01:10:10.040	0.97900	0.97900			6
2024.03.27	01:10:13.759	0.97901	0.97901			6
2024.03.27	01:10:47.178	0.97902	0.97902			6
2024.03.27	01:10:54.109	0.97901	0.97901			6
2024.03.27	01:10:58.021	0.97900	0.97900			6
2024.03.27	01:10:58.415	0.97901	0.97901			6
2024.03.27	01:11:00.947	0.97901				2
2024.03.27	01:11:01.281	0.97900	0.97900			6
2024.03.27	01:11:04.415	0.97901	0.97901			6
2024.03.27	01:12:01.420	0.97901				2
2024.03.27	01:12:02.145	0.97902	0.97902			6
2024.03.27	01:12:02.673	0.97901	0.97901			6
2024.03.27	01:12:18.302	0.97902	0.97902			6
2024.03.27	01:12:44.237	0.97903	0.97903			6
2024.03.27	01:12:44.329	0.97902	0.97902			6
2024.03.27	01:12:52.102	0.97901	0.97901			6
2024.03.27	01:12:58.272	0.97902	0.97902			6
2024.03.27	01:13:00.425	0.97902				2
2024.03.27	01:13:06.853	0.97904	0.97904			6
2024.03.27	01:13:06.913	0.97903	0.97903			6
2024.03.27	01:13:06.972	0.97902	0.97902			6
2024.03.27	01:13:07.343	0.97903	0.97903			6
2024.03.27	01:13:07.403	0.97905	0.97905			6
2024.03.27	01:13:07.432	0.97906	0.97906			6
2024.03.27	01:13:07.463	0.97904	0.97904			6
2024.03.27	01:13:07.644	0.97903	0.97903			6
2024.03.27	01:13:07.943	0.97904	0.97904			6
2024.03.27	01:13:08.155	0.97902	0.97902			6
2024.03.27	01:13:08.228	0.97901	0.97901			6
2024.03.27	01:13:13.620	0.97902	0.97902			6
2024.03.27	01:13:14.073	0.97901	0.97901			6
2024.03.27	01:13:14.823	0.97902	0.97902			6
2024.03.27	01:13:15.145	0.97901	0.97901			6
2024.03.27	01:13:20.341	0.97902	0.97902			6
2024.03.27	01:13:22.510	0.97901	0.97901			6
2024.03.27	01:13:37.756	0.97900	0.97900			6
2024.03.27	01:13:37.997	0.97903	0.97903			6
2024.03.27	01:13:38.118	0.97902	0.97902			6
2024.03.27	01:13:38.148	0.97901	0.97901			6
2024.03.27	01:13:38.420	0.97902	0.97902			6
2024.03.27	01:13:39.209	0.97903	0.97903			6
2024.03.27	01:13:40.037	0.97902	0.97902			6
2024.03.27	01:13:40.067	0.97903	0.97903			6
2024.03.27	01:13:40.349	0.97902	0.97902			6
2024.03.27	01:13:52.272	0.97903	0.97903			6
2024.03.27	01:13:52.533	0.97904	0.97904			6
2024.03.27	01:13:52.592	0.97905	0.97905			6
2024.03.27	01:13:57.919	0.97904	0.97904			6
2024.03.27	01:14:00.114	0.97904				2
2024.03.27	01:14:07.145	0.97905	0.97905			6
2024.03.27	01:14:11.651	0.97904	0.97904			6
2024.03.27	01:14:14.695	0.97905	0.97905			6
2024.03.27	01:14:18.055	0.97904	0.97904			6
2024.03.27	01:14:18.085	0.97905	0.97905			6
2024.03.27	01:14:19.810	0.97904	0.97904			6
2024.03.27	01:14:26.458	0.97905	0.97905			6
2024.03.27	01:14:27.348	0.97904	0.97904			6
2024.03.27	01:14:46.579	0.97903	0.97903			6
2024.03.27	01:14:51.559	0.97904	0.97904			6
2024.03.27	01:14:51.619	0.97903	0.97903			6
2024.03.27	01:14:52.893	0.97902	0.97902			6
2024.03.27	01:14:53.208	0.97903	0.97903			6
2024.03.27	01:14:57.557	0.97902	0.97902			6
2024.03.27	01:14:58.580	0.97903	0.97903			6
2024.03.27	01:15:00.165	0.97902	0.97902			6
2024.03.27	01:15:00.225	0.97903	0.97903			6
2024.03.27	01:15:00.616	0.97902	0.97902			6
2024.03.27	01:15:00.766	0.97903	0.97903			6
2024.03.27	01:15:00.856	0.97904	0.97904			6
2024.03.27	01:15:01.213	0.97903	0.97903			6
2024.03.27	01:15:01.619	0.97902	0.97902			6
2024.03.27	01:15:01.890	0.97903	0.97903			6
2024.03.27	01:15:02.251	0.97902	0.97902			6
2024.03.27	01:15:02.702	0.97903	0.97903			6
2024.03.27	01:15:02.792	0.97902	0.97902			6
2024.03.27	01:15:02.941	0.97903	0.97903			6
2024.03.27	01:15:03.202	0.97902	0.97902			6
2024.03.27	01:15:03.919	0.97903	0.97903			6
2024.03.27	01:15:05.941	0.97904	0.97904			6
2024.03.27	01:15:06.360	0.97903	0.97903			6
2024.03.27	01:15:06.677	0.97902	0.97902			6
2024.03.27	01:15:06.942	0.97903	0.97903			6
2024.03.27	01:15:08.729	0.97902	0.97902			6
2024.03.27	01:15:09.219	0.97903	0.97903			6
2024.03.27	01:15:10.257	0.97902	0.97902			6
2024.03.27	01:15:10.950	0.97903	0.97903			6
2024.03.27	01:15:13.058	0.97904	0.97904			6
2024.03.27	01:15:13.130	0.97903	0.97903			6
2024.03.27	01:15:14.043	0.97904	0.97904			6
2024.03.27	01:15:14.918	0.97903	0.97903			6
2024.03.27	01:15:15.458	0.97904	0.97904			6
2024.03.27	01:15:16.059	0.97903	0.97903			6
2024.03.27	01:15:16.346	0.97904	0.97904			6
2024.03.27	01:15:17.561	0.97903	0.97903			6
2024.03.27	01:15:18.272	0.97904	0.97904			6
2024.03.27	01:15:30.601	0.97905	0.97905			6
2024.03.27	01:15:43.725	0.97904	0.97904			6
2024.03.27	01:16:15.063	0.97904				2
2024.03.27	01:16:25.302	0.97905	0.97905			6
2024.03.27	01:16:26.050	0.97904	0.97904			6
2024.03.27	01:16:46.523	0.97905	0.97905			6
2024.03.27	01:17:00.643	0.97905				2
2024.03.27	01:17:06.641	0.97904	0.97904			6
2024.03.27	01:17:07.649	0.97905	0.97905			6
2024.03.27	01:17:08.283	0.97904	0.97904			6
2024.03.27	01:17:08.826	0.97905	0.97905			6
2024.03.27	01:17:21.446	0.97902	0.97902			6
2024.03.27	01:17:21.508	0.97900	0.97900			6
2024.03.27	01:17:21.536	0.97901	0.97901			6
2024.03.27	01:17:21.566	0.97899	0.97899			6
2024.03.27	01:17:21.595	0.97898	0.97898			6
2024.03.27	01:17:21.866	0.97899	0.97899			6
2024.03.27	01:17:23.236	0.97898	0.97898			6
2024.03.27	01:17:23.654	0.97899	0.97899			6
2024.03.27	01:17:31.589	0.97898	0.97898			6
2024.03.27	01:17:31.843	0.97899	0.97899			6
2024.03.27	01:17:39.408	0.97900	0.97900			6
2024.03.27	01:17:39.647	0.97901	0.97901			6
2024.03.27	01:17:39.706	0.97902	0.97902			6
2024.03.27	01:17:39.859	0.97903	0.97903			6
2024.03.27	01:17:39.890	0.97902	0.97902			6
2024.03.27	01:17:39.919	0.97901	0.97901			6
2024.03.27	01:17:40.720	0.97900	0.97900			6
2024.03.27	01:17:43.358	0.97899	0.97899			6
2024.03.27	01:17:43.448	0.97900	0.97900			6
2024.03.27	01:17:44.003	0.97898	0.97898			6
2024.03.27	01:17:58.640	0.97897	0.97897			6
2024.03.27	01:17:59.271	0.97898	0.97898			6
2024.03.27	01:17:59.796	0.97897	0.97897			6
2024.03.27	01:18:00.060	0.97898	0.97898			6
2024.03.27	01:18:00.534	0.97897	0.97897			6
2024.03.27	01:18:03.859	0.97898	0.97898			6
2024.03.27	01:18:04.299	0.97899	0.97899			6
2024.03.27	01:18:04.685	0.97898	0.97898			6
2024.03.27	01:18:05.559	0.97899	0.97899			6
2024.03.27	01:18:08.452	0.97900	0.97900			6
2024.03.27	01:18:08.572	0.97899	0.97899			6
2024.03.27	01:18:08.975	0.97898	0.97898			6
2024.03.27	01:18:10.049	0.97899	0.97899			6
2024.03.27	01:18:10.362	0.97898	0.97898			6
2024.03.27	01:18:21.413	0.97899	0.97899			6
2024.03.27	01:18:21.828	0.97898	0.97898			6
2024.03.27	01:18:24.122	0.97899	0.97899			6
2024.03.27	01:18:24.214	0.97898	0.97898			6
2024.03.27	01:18:25.021	0.97899	0.97899			6
2024.03.27	01:18:25.052	0.97900	0.97900			6
2024.03.27	01:18:30.205	0.97901	0.97901			6
2024.03.27	01:18:30.266	0.97902	0.97902			6
2024.03.27	01:18:30.805	0.97901	0.97901			6
2024.03.27	01:18:32.033	0.97902	0.97902			6
2024.03.27	01:18:32.543	0.97901	0.97901			6
2024.03.27	01:18:32.869	0.97902	0.97902			6
2024.03.27	01:18:42.854	0.97901	0.97901			6
2024.03.27	01:18:45.004	0.97902	0.97902			6
2024.03.27	01:18:47.172	0.97901	0.97901			6
2024.03.27	01:18:47.444	0.97902	0.97902			6
2024.03.27	01:18:47.862	0.97901	0.97901			6
2024.03.27	01:18:48.336	0.97902	0.97902			6
2024.03.27	01:18:50.556	0.97901	0.97901			6
2024.03.27	01:18:50.589	0.97899	0.97899			6
2024.03.27	01:18:50.677	0.97898	0.97898			6
2024.03.27	01:18:50.828	0.97903	0.97903			6
2024.03.27	01:18:50.858	0.97902	0.97902			6
2024.03.27	01:18:51.007	0.97904	0.97904			6
2024.03.27	01:18:51.037	0.97905	0.97905			6
2024.03.27	01:18:51.701	0.97906	0.97906			6
2024.03.27	01:19:00.916	0.97909	0.97909			6
2024.03.27	01:19:00.947	0.97908	0.97908			6
2024.03.27	01:19:01.036	0.97909	0.97909			6
2024.03.27	01:19:01.216	0.97908	0.97908			6
2024.03.27	01:19:02.071	0.97907	0.97907			6
2024.03.27	01:19:02.504	0.97906	0.97906			6
2024.03.27	01:19:14.717	0.97907	0.97907			6
2024.03.27	01:19:15.084	0.97905	0.97905			6
2024.03.27	01:19:15.113	0.97904	0.97904			6
2024.03.27	01:19:15.143	0.97906	0.97906			6
2024.03.27	01:19:19.486	0.97905	0.97905			6
2024.03.27	01:19:21.524	0.97904	0.97904			6
2024.03.27	01:19:21.771	0.97905	0.97905			6
2024.03.27	01:19:22.555	0.97904	0.97904			6
2024.03.27	01:19:22.832	0.97905	0.97905			6
2024.03.27	01:19:23.555	0.97904	0.97904			6
2024.03.27	01:19:23.977	0.97905	0.97905			6
2024.03.27	01:19:25.025	0.97904	0.97904			6
2024.03.27	01:19:25.591	0.97905	0.97905			6
2024.03.27	01:19:27.622	0.97904	0.97904			6
2024.03.27	01:19:27.864	0.97905	0.97905			6
2024.03.27	01:19:28.645	0.97904	0.97904			6
2024.03.27	01:19:28.891	0.97905	0.97905			6
2024.03.27	01:19:29.654	0.97904	0.97904			6
2024.03.27	01:19:29.961	0.97905	0.97905			6
2024.03.27	01:19:46.836	0.97907	0.97907			6
2024.03.27	01:19:47.166	0.97906	0.97906			6
2024.03.27	01:19:50.289	0.97907	0.97907			6
2024.03.27	01:19:50.699	0.97906	0.97906			6
2024.03.27	01:19:57.538	0.97907	0.97907			6
2024.03.27	01:19:58.146	0.97906	0.97906			6
2024.03.27	01:20:02.106	0.97906				2
2024.03.27	01:20:07.157	0.97907	0.97907			6
2024.03.27	01:20:08.782	0.97906	0.97906			6
2024.03.27	01:20:09.592	0.97907	0.97907			6
2024.03.27	01:20:10.222	0.97906	0.97906			6
2024.03.27	01:20:23.855	0.97907	0.97907			6
2024.03.27	01:20:30.224	0.97908	0.97908			6
2024.03.27	01:20:30.254	0.97909	0.97909			6
2024.03.27	01:20:30.650	0.97907	0.97907			6
2024.03.27	01:20:32.389	0.97908	0.97908			6
2024.03.27	01:20:32.818	0.97907	0.97907			6
2024.03.27	01:20:35.262	0.97910	0.97910			6
2024.03.27	01:20:35.638	0.97909	0.97909			6
2024.03.27	01:20:35.907	0.97907	0.97907			6
2024.03.27	01:20:36.287	0.97908	0.97908			6
2024.03.27	01:20:43.796	0.97909	0.97909			6
2024.03.27	01:20:48.438	0.97908	0.97908			6
2024.03.27	01:21:04.834	0.97907	0.97907			6
2024.03.27	01:21:05.477	0.97906	0.97906			6
2024.03.27	01:21:05.508	0.97905	0.97905			6
2024.03.27	01:21:05.624	0.97906	0.97906			6
2024.03.27	01:21:05.684	0.97905	0.97905			6
2024.03.27	01:21:05.715	0.97906	0.97906			6
2024.03.27	01:21:05.836	0.97908	0.97908			6
2024.03.27	01:21:08.817	0.97907	0.97907			6
2024.03.27	01:21:10.666	0.97908	0.97908			6
2024.03.27	01:21:10.911	0.97907	0.97907			6
2024.03.27	01:21:11.823	0.97908	0.97908			6
2024.03.27	01:21:14.809	0.97909	0.97909			6
2024.03.27	01:21:15.599	0.97908	0.97908			6
2024.03.27	01:21:16.910	0.97907	0.97907			6
2024.03.27	01:21:17.092	0.97908	0.97908			6
2024.03.27	01:21:17.529	0.97907	0.97907			6
2024.03.27	01:21:18.157	0.97908	0.97908			6
2024.03.27	01:21:19.288	0.97907	0.97907			6
2024.03.27	01:21:19.513	0.97908	0.97908			6
2024.03.27	01:22:00.113	0.97908				2
2024.03.27	01:22:21.210		0.97908			4
2024.03.27	01:22:32.003	0.97909	0.97909			6
2024.03.27	01:22:41.764	0.97910	0.97910			6
2024.03.27	01:22:48.888	0.97909	0.97909			6
2024.03.27	01:22:49.161	0.97910	0.97910			6
2024.03.27	01:22:49.819	0.97909	0.97909			6
2024.03.27	01:22:59.271	0.97908	0.97908			6
2024.03.27	01:23:08.149	0.97909	0.97909			6
2024.03.27	01:23:08.545	0.97908	0.97908			6
2024.03.27	01:23:08.800	0.97909	0.97909			6
2024.03.27	01:23:10.220	0.97908	0.97908			6
2024.03.27	01:23:10.748	0.97909	0.97909			6
2024.03.27	01:23:11.249	0.97908	0.97908			6
2024.03.27	01:23:11.599	0.97909	0.97909			6
2024.03.27	01:23:14.209	0.97908	0.97908			6
2024.03.27	01:23:14.883	0.97909	0.97909			6
2024.03.27	01:23:39.542	0.97908	0.97908			6
2024.03.27	01:23:40.155	0.97909	0.97909			6
2024.03.27	01:23:42.983	0.97908	0.97908			6
2024.03.27	01:23:59.131	0.97909	0.97909			6
2024.03.27	01:23:59.359	0.97908	0.97908			6
2024.03.27	01:24:12.636	0.97908				2
2024.03.27	01:24:21.648	0.97909	0.97909			6
2024.03.27	01:24:21.678	0.97908	0.97908			6
2024.03.27	01:25:07.866	0.97908				2
2024.03.27	01:25:16.679	0.97909	0.97909			6
2024.03.27	01:25:16.924	0.97908	0.97908			6
2024.03.27	01:25:17.435	0.97909	0.97909			6
2024.03.27	01:25:19.170	0.97908	0.97908			6
2024.03.27	01:25:21.601	0.97909	0.97909			6
2024.03.27	01:25:21.632	0.97908	0.97908			6
2024.03.27	01:25:21.661	0.97909	0.97909			6
2024.03.27	01:25:21.752	0.97910	0.97910			6
2024.03.27	01:25:22.108	0.97909	0.97909			6
2024.03.27	01:25:22.876	0.97910	0.97910			6
2024.03.27	01:25:23.026	0.97909	0.97909			6
2024.03.27	01:25:23.904	0.97908	0.97908			6
2024.03.27	01:26:02.388	0.97908				2
2024.03.27	01:26:05.591	0.97905	0.97905			6
2024.03.27	01:26:05.651	0.97906	0.97906			6
2024.03.27	01:26:05.819	0.97908	0.97908			6
2024.03.27	01:26:09.666	0.97907	0.97907			6
2024.03.27	01:26:10.166	0.97905	0.97905			6
2024.03.27	01:26:10.226	0.97906	0.97906			6
2024.03.27	01:26:15.510	0.97905	0.97905			6
2024.03.27	01:26:16.460	0.97906	0.97906			6
2024.03.27	01:26:39.471	0.97907	0.97907			6
2024.03.27	01:26:40.198	0.97908	0.97908			6
2024.03.27	01:26:45.690	0.97907	0.97907			6
2024.03.27	01:26:45.750	0.97908	0.97908			6
2024.03.27	01:26:46.715	0.97907	0.97907			6
2024.03.27	01:26:55.593	0.97908	0.97908			6
2024.03.27	01:27:00.194	0.97907	0.97907			6
2024.03.27	01:27:00.554	0.97906	0.97906			6
2024.03.27	01:27:01.543	0.97907	0.97907			6
2024.03.27	01:27:03.035	0.97906	0.97906			6
2024.03.27	01:27:10.892	0.97907	0.97907			6
2024.03.27	01:27:24.095	0.97908	0.97908			6
2024.03.27	01:27:24.773	0.97907	0.97907			6
2024.03.27	01:27:25.034	0.97908	0.97908			6
2024.03.27	01:27:25.812	0.97907	0.97907			6
2024.03.27	01:27:26.073	0.97906	0.97906			6
2024.03.27	01:27:53.230	0.97907	0.97907			6
2024.03.27	01:27:53.686	0.97908	0.97908			6
2024.03.27	01:27:53.953	0.97907	0.97907			6
2024.03.27	01:27:55.933	0.97908	0.97908			6
2024.03.27	01:27:56.386	0.97907	0.97907			6
2024.03.27	01:28:00.718	0.97906	0.97906			6
2024.03.27	01:28:00.749	0.97905	0.97905			6
2024.03.27	01:28:00.838	0.97906	0.97906			6
2024.03.27	01:28:01.018	0.97907	0.97907			6
2024.03.27	01:28:21.233	0.97908	0.97908			6
2024.03.27	01:28:21.502	0.97907	0.97907			6
2024.03.27	01:28:21.753	0.97908	0.97908			6
2024.03.27	01:28:24.292	0.97907	0.97907			6
2024.03.27	01:28:24.803	0.97908	0.97908			6
2024.03.27	01:28:26.872	0.97907	0.97907			6
2024.03.27	01:28:28.843	0.97908	0.97908			6
2024.03.27	01:28:33.995	0.97907	0.97907			6
2024.03.27	01:28:35.672	0.97908	0.97908			6
2024.03.27	01:28:41.586	0.97906	0.97906			6
2024.03.27	01:28:51.474	0.97907	0.97907			6
2024.03.27	01:28:51.506	0.97906	0.97906			6
2024.03.27	01:29:01.607	0.97905	0.97905			6
2024.03.27	01:29:01.637	0.97904	0.97904			6
2024.03.27	01:29:14.224	0.97903	0.97903			6
2024.03.27	01:29:18.968	0.97902	0.97902			6
2024.03.27	01:29:24.461	0.97903	0.97903			6
2024.03.27	01:29:27.129	0.97902	0.97902			6
2024.03.27	01:29:37.914	0.97903	0.97903			6
2024.03.27	01:29:47.889	0.97902	0.97902			6
2024.03.27	01:30:02.418	0.97902				2
2024.03.27	01:30:05.558	0.97903	0.97903			6
2024.03.27	01:30:05.588	0.97902	0.97902			6
2024.03.27	01:30:15.407	0.97903	0.97903			6
2024.03.27	01:30:17.355	0.97904	0.97904			6
2024.03.27	01:30:19.298	0.97903	0.97903			6
2024.03.27	01:30:20.355	0.97904	0.97904			6
2024.03.27	01:30:21.874	0.97903	0.97903			6
2024.03.27	01:30:22.600	0.97904	0.97904			6
2024.03.27	01:30:25.824	0.97903	0.97903			6
2024.03.27	01:30:30.370	0.97904	0.97904			6
2024.03.27	01:30:30.873	0.97903	0.97903			6
2024.03.27	01:30:34.523	0.97904	0.97904			6
2024.03.27	01:30:34.974	0.97905	0.97905			6
2024.03.27	01:30:40.877	0.97906	0.97906			6
2024.03.27	01:30:41.130	0.97904	0.97904			6
2024.03.27	01:30:41.161	0.97903	0.97903			6
2024.03.27	01:30:41.221	0.97902	0.97902			6
2024.03.27	01:30:41.250	0.97903	0.97903			6
2024.03.27	01:30:41.431	0.97902	0.97902			6
2024.03.27	01:30:41.462	0.97903	0.97903			6
2024.03.27	01:30:41.520	0.97904	0.97904			6
2024.03.27	01:30:44.412	0.97903	0.97903			6
2024.03.27	01:30:44.441	0.97904	0.97904			6
2024.03.27	01:31:05.570	0.97903	0.97903			6
2024.03.27	01:31:06.472	0.97902	0.97902			6
2024.03.27	01:31:08.682	0.97904	0.97904			6
2024.03.27	01:31:10.123	0.97903	0.97903			6
2024.03.27	01:31:10.972	0.97904	0.97904			6
2024.03.27	01:31:40.051	0.97903	0.97903			6
2024.03.27	01:31:50.670	0.97904	0.97904			6
2024.03.27	01:31:51.588	0.97903	0.97903			6
2024.03.27	01:31:54.933	0.97904	0.97904			6
2024.03.27	01:32:01.216	0.97905	0.97905			6
2024.03.27	01:32:01.276	0.97904	0.97904			6
2024.03.27	01:32:01.557	0.97905	0.97905			6
2024.03.27	01:32:01.798	0.97904	0.97904			6
2024.03.27	01:32:03.019	0.97903	0.97903			6
2024.03.27	01:32:04.974	0.97904	0.97904			6
2024.03.27	01:32:05.216	0.97905	0.97905			6
2024.03.27	01:32:06.051	0.97904	0.97904			6
2024.03.27	01:32:06.517	0.97905	0.97905			6
2024.03.27	01:32:14.851	0.97904	0.97904			6
2024.03.27	01:32:17.481	0.97905	0.97905			6
2024.03.27	01:32:23.716	0.97903	0.97903			6
2024.03.27	01:32:23.776	0.97902	0.97902			6
2024.03.27	01:32:24.106	0.97903	0.97903			6
2024.03.27	01:32:39.094	0.97904	0.97904			6
2024.03.27	01:32:45.359	0.97902	0.97902			6
2024.03.27	01:32:45.389	0.97904	0.97904			6
2024.03.27	01:32:45.419	0.97907	0.97907			6
2024.03.27	01:32:45.479	0.97906	0.97906			6
2024.03.27	01:32:46.000	0.97907	0.97907			6
2024.03.27	01:32:50.520	0.97906	0.97906			6
2024.03.27	01:32:54.347	0.97907	0.97907			6
2024.03.27	01:32:56.870	0.97908	0.97908			6
2024.03.27	01:32:58.768	0.97907	0.97907			6
2024.03.27	01:33:01.058	0.97906	0.97906			6
2024.03.27	01:33:04.489	0.97907	0.97907			6
2024.03.27	01:33:13.848	0.97908	0.97908			6
2024.03.27	01:33:14.129	0.97907	0.97907			6
2024.03.27	01:33:20.652	0.97908	0.97908			6
2024.03.27	01:33:21.398	0.97907	0.97907			6
2024.03.27	01:33:26.302	0.97908	0.97908			6
2024.03.27	01:33:38.734	0.97907	0.97907			6
2024.03.27	01:33:39.517	0.97908	0.97908			6
2024.03.27	01:33:49.083	0.97907	0.97907			6
2024.03.27	01:33:49.421	0.97908	0.97908			6
2024.03.27	01:33:51.466	0.97907	0.97907			6
2024.03.27	01:33:56.043	0.97908	0.97908			6
2024.03.27	01:34:00.005	0.97907	0.97907			6
2024.03.27	01:34:00.530	0.97906	0.97906			6
2024.03.27	01:34:00.832	0.97908	0.97908			6
2024.03.27	01:34:00.860	0.97909	0.97909			6
2024.03.27	01:34:01.461	0.97908	0.97908			6
2024.03.27	01:34:05.791	0.97907	0.97907			6
2024.03.27	01:34:09.154	0.97908	0.97908			6
2024.03.27	01:34:18.966	0.97907	0.97907			6
2024.03.27	01:34:18.998	0.97905	0.97905			6
2024.03.27	01:34:21.522	0.97904	0.97904			6
2024.03.27	01:34:22.151	0.97905	0.97905			6
2024.03.27	01:34:23.122	0.97904	0.97904			6
2024.03.27	01:34:23.485	0.97905	0.97905			6
2024.03.27	01:34:32.927	0.97906	0.97906			6
2024.03.27	01:34:32.957	0.97907	0.97907			6
2024.03.27	01:34:34.009	0.97906	0.97906			6
2024.03.27	01:34:34.248	0.97907	0.97907			6
2024.03.27	01:34:36.534	0.97905	0.97905			6
2024.03.27	01:34:36.923	0.97903	0.97903			6
2024.03.27	01:35:01.305	0.97905	0.97905			6
2024.03.27	01:35:01.335	0.97906	0.97906			6
2024.03.27	01:35:01.365	0.97907	0.97907			6
2024.03.27	01:35:03.721	0.97906	0.97906			6
2024.03.27	01:35:03.780	0.97905	0.97905			6
2024.03.27	01:35:04.152	0.97904	0.97904			6
2024.03.27	01:35:08.187	0.97908	0.97908			6
2024.03.27	01:35:09.914	0.97906	0.97906			6
2024.03.27	01:35:10.119	0.97905	0.97905			6
2024.03.27	01:35:11.768	0.97903	0.97903			6
2024.03.27	01:35:14.977	0.97904	0.97904			6
2024.03.27	01:35:22.752	0.97905	0.97905			6
2024.03.27	01:35:23.321	0.97904	0.97904			6
2024.03.27	01:35:29.877	0.97903	0.97903			6
2024.03.27	01:35:31.145	0.97904	0.97904			6
2024.03.27	01:35:31.177	0.97903	0.97903			6
2024.03.27	01:35:31.330	0.97904	0.97904			6
2024.03.27	01:35:57.905	0.97901	0.97901			6
2024.03.27	01:36:01.365	0.97902	0.97902			6
2024.03.27	01:36:01.395	0.97901	0.97901			6
2024.03.27	01:36:01.425	0.97902	0.97902			6
2024.03.27	01:36:02.012	0.97901	0.97901			6
2024.03.27	01:36:02.289	0.97902	0.97902			6
2024.03.27	01:36:24.877	0.97901	0.97901			6
2024.03.27	01:36:24.969	0.97902	0.97902			6
2024.03.27	01:36:24.999	0.97901	0.97901			6
2024.03.27	01:36:25.028	0.97902	0.97902			6
2024.03.27	01:36:25.148	0.97903	0.97903			6
2024.03.27	01:36:25.490	0.97902	0.97902			6
2024.03.27	01:36:28.483	0.97903	0.97903			6
2024.03.27	01:36:34.671	0.97904	0.97904			6
2024.03.27	01:36:44.294	0.97903	0.97903			6
2024.03.27	01:36:53.915	0.97902	0.97902			6
2024.03.27	01:37:00.429	0.97903	0.97903			6
2024.03.27	01:37:11.312	0.97904	0.97904			6
2024.03.27	01:37:13.873	0.97903	0.97903			6
2024.03.27	01:37:13.902	0.97902	0.97902			6
2024.03.27	01:37:14.023	0.97903	0.97903			6
2024.03.27	01:37:14.111	0.97904	0.97904			6
2024.03.27	01:37:29.903	0.97903	0.97903			6
2024.03.27	01:37:32.100	0.97902	0.97902			6
2024.03.27	01:37:32.220	0.97901	0.97901			6
2024.03.27	01:37:33.830	0.97902	0.97902			6
2024.03.27	01:37:35.496	0.97901	0.97901			6
2024.03.27	01:37:42.694	0.97902	0.97902			6
2024.03.27	01:37:51.320	0.97901	0.97901			6
2024.03.27	01:37:51.350	0.97897	0.97897			6
2024.03.27	01:37:51.648	0.97896	0.97896			6
2024.03.27	01:38:00.446	0.97897	0.97897			6
2024.03.27	01:38:00.476	0.97898	0.97898			6
2024.03.27	01:38:00.822	0.97899	0.97899			6
2024.03.27	01:38:04.689	0.97898	0.97898			6
2024.03.27	01:38:06.909	0.97899	0.97899			6
2024.03.27	01:38:07.942	0.97898	0.97898			6
2024.03.27	01:38:08.233	0.97899	0.97899			6
2024.03.27	01:38:17.399	0.97898	0.97898			6
2024.03.27	01:38:18.421	0.97899	0.97899			6
2024.03.27	01:38:21.055	0.97897	0.97897			6
2024.03.27	01:38:21.325	0.97898	0.97898			6
2024.03.27	01:38:24.218	0.97897	0.97897			6
2024.03.27	01:38:24.248	0.97898	0.97898			6
2024.03.27	01:38:27.359	0.97897	0.97897			6
2024.03.27	01:38:34.943	0.97898	0.97898			6
2024.03.27	01:38:34.974	0.97897	0.97897			6
2024.03.27	01:38:35.064	0.97896	0.97896			6
2024.03.27	01:38:35.243	0.97898	0.97898			6
2024.03.27	01:38:40.161	0.97897	0.97897			6
2024.03.27	01:38:40.407	0.97898	0.97898			6
2024.03.27	01:38:44.427	0.97897	0.97897			6
2024.03.27	01:38:45.433	0.97898	0.97898			6
2024.03.27	01:38:45.908	0.97897	0.97897			6
2024.03.27	01:38:47.698	0.97898	0.97898			6
2024.03.27	01:38:47.877	0.97897	0.97897			6
2024.03.27	01:39:00.676	0.97897				2
2024.03.27	01:39:15.936	0.97896	0.97896			6
2024.03.27	01:39:19.556	0.97897	0.97897			6
2024.03.27	01:39:20.022	0.97896	0.97896			6
2024.03.27	01:39:25.487	0.97897	0.97897			6
2024.03.27	01:39:26.031	0.97896	0.97896			6
2024.03.27	01:39:30.842	0.97897	0.97897			6
2024.03.27	01:39:37.046	0.97898	0.97898			6
2024.03.27	01:39:48.627	0.97897	0.97897			6
2024.03.27	01:39:49.569	0.97898	0.97898			6
2024.03.27	01:39:53.218	0.97897	0.97897			6
2024.03.27	01:39:53.490	0.97898	0.97898			6
2024.03.27	01:39:56.260	0.97897	0.97897			6
2024.03.27	01:40:01.594	0.97897				2
2024.03.27	01:40:01.654	0.97896	0.97896			6
2024.03.27	01:40:19.604	0.97897	0.97897			6
2024.03.27	01:40:22.633	0.97896	0.97896			6
2024.03.27	01:40:48.217	0.97897	0.97897			6
2024.03.27	01:40:49.506	0.97898	0.97898			6
2024.03.27	01:40:49.536	0.97900	0.97900			6
2024.03.27	01:40:49.655	0.97901	0.97901			6
2024.03.27	01:41:00.814	0.97901				2
2024.03.27	01:41:22.607	0.97900	0.97900			6
2024.03.27	01:41:23.316	0.97901	0.97901			6
2024.03.27	01:41:23.703	0.97900	0.97900			6
2024.03.27	01:41:26.969	0.97901	0.97901			6
2024.03.27	01:41:33.823	0.97900	0.97900			6
2024.03.27	01:41:33.853	0.97899	0.97899			6
2024.03.27	01:41:41.516	0.97900	0.97900			6
2024.03.27	01:41:41.707	0.97899	0.97899			6
2024.03.27	01:41:57.079	0.97900	0.97900			6
2024.03.27	01:42:02.555	0.97900				2
2024.03.27	01:42:25.153	0.97901	0.97901			6
2024.03.27	01:43:00.689	0.97900	0.97900			6
2024.03.27	01:43:01.719	0.97901	0.97901			6
2024.03.27	01:43:12.555	0.97902	0.97902			6
2024.03.27	01:43:15.652	0.97904	0.97904			6
2024.03.27	01:43:16.869	0.97905	0.97905			6
2024.03.27	01:43:29.088	0.97904	0.97904			6
2024.03.27	01:43:35.979	0.97905	0.97905			6
2024.03.27	01:43:45.515	0.97904	0.97904			6
2024.03.27	01:43:45.909	0.97905	0.97905			6
2024.03.27	01:43:47.810	0.97904	0.97904			6
2024.03.27	01:43:48.908	0.97903	0.97903			6
2024.03.27	01:43:50.134	0.97904	0.97904			6
2024.03.27	01:43:57.246	0.97903	0.97903			6
2024.03.27	01:43:57.597	0.97904	0.97904			6
2024.03.27	01:44:00.793	0.97904				2
2024.03.27	01:44:06.142	0.97905	0.97905			6
2024.03.27	01:44:07.209	0.97904	0.97904			6
2024.03.27	01:44:20.700	0.97905	0.97905			6
2024.03.27	01:44:20.731	0.97906	0.97906			6
2024.03.27	01:44:20.790	0.97905	0.97905			6
2024.03.27	01:44:20.850	0.97906	0.97906			6
2024.03.27	01:44:20.909	0.97905	0.97905			6
2024.03.27	01:44:21.585	0.97906	0.97906			6
2024.03.27	01:44:23.851	0.97905	0.97905			6
2024.03.27	01:44:25.033	0.97906	0.97906			6
2024.03.27	01:44:29.418	0.97907	0.97907			6
2024.03.27	01:44:39.975	0.97905	0.97905			6
2024.03.27	01:44:40.827	0.97906	0.97906			6
2024.03.27	01:44:45.149	0.97905	0.97905			6
2024.03.27	01:44:45.404	0.97906	0.97906			6
2024.03.27	01:44:45.650	0.97905	0.97905			6
2024.03.27	01:44:46.072	0.97906	0.97906			6
2024.03.27	01:44:46.286	0.97905	0.97905			6
2024.03.27	01:44:48.708	0.97906	0.97906			6
2024.03.27	01:44:48.834	0.97905	0.97905			6
2024.03.27	01:44:49.054	0.97906	0.97906			6
2024.03.27	01:45:00.150	0.97905	0.97905			6
2024.03.27	01:45:00.357	0.97904	0.97904			6
2024.03.27	01:45:00.941	0.97905	0.97905			6
2024.03.27	01:45:00.971	0.97907	0.97907			6
2024.03.27	01:45:01.212	0.97908	0.97908			6
2024.03.27	01:45:03.381	0.97909	0.97909			6
2024.03.27	01:45:04.708	0.97908	0.97908			6
2024.03.27	01:45:13.315	0.97909	0.97909			6
2024.03.27	01:45:14.104	0.97908	0.97908			6
2024.03.27	01:45:20.553	0.97909	0.97909			6
2024.03.27	01:45:20.665	0.97908	0.97908			6
2024.03.27	01:45:21.510	0.97909	0.97909			6
2024.03.27	01:45:21.715	0.97908	0.97908			6
2024.03.27	01:45:22.509	0.97909	0.97909			6
2024.03.27	01:45:22.817	0.97908	0.97908			6
2024.03.27	01:45:23.825	0.97907	0.97907			6
2024.03.27	01:45:24.036	0.97908	0.97908			6
2024.03.27	01:45:34.210	0.97909	0.97909			6
2024.03.27	01:45:35.435	0.97908	0.97908			6
2024.03.27	01:45:35.505	0.97909	0.97909			6
2024.03.27	01:45:40.826	0.97908	0.97908			6
2024.03.27	01:45:55.856	0.97909	0.97909			6
2024.03.27	01:46:02.367	0.97908	0.97908			6
2024.03.27	01:46:02.397	0.97909	0.97909			6
2024.03.27	01:46:04.456	0.97908	0.97908			6
2024.03.27	01:46:04.591	0.97909	0.97909			6
2024.03.27	01:46:04.716	0.97908	0.97908			6
2024.03.27	01:46:04.808	0.97909	0.97909			6
2024.03.27	01:46:11.887	0.97910	0.97910			6
2024.03.27	01:46:12.041	0.97911	0.97911			6
2024.03.27	01:46:12.071	0.97910	0.97910			6
2024.03.27	01:46:12.281	0.97911	0.97911			6
2024.03.27	01:46:14.384	0.97912	0.97912			6
2024.03.27	01:46:18.327	0.97911	0.97911			6
2024.03.27	01:46:34.318	0.97910	0.97910			6
2024.03.27	01:46:36.799	0.97909	0.97909			6
2024.03.27	01:46:59.900	0.97910	0.97910			6
2024.03.27	01:47:02.258	0.97909	0.97909			6
2024.03.27	01:47:03.564	0.97910	0.97910			6
2024.03.27	01:47:14.158	0.97909	0.97909			6
2024.03.27	01:47:55.730	0.97908	0.97908			6
2024.03.27	01:47:56.598	0.97909	0.97909			6
2024.03.27	01:48:03.694	0.97909				2
2024.03.27	01:48:15.412	0.97908	0.97908			6
2024.03.27	01:48:15.641	0.97909	0.97909			6
2024.03.27	01:49:00.368	0.97909				2
2024.03.27	01:49:15.909		0.97909			4
2024.03.27	01:49:30.920	0.97908	0.97908			6
2024.03.27	01:49:30.951	0.97907	0.97907			6
2024.03.27	01:49:31.198	0.97906	0.97906			6
2024.03.27	01:49:46.222	0.97907	0.97907			6
2024.03.27	01:49:56.562	0.97908	0.97908			6
2024.03.27	01:50:01.123	0.97909	0.97909			6
2024.03.27	01:50:01.223	0.97908	0.97908			6
2024.03.27	01:50:08.404	0.97909	0.97909			6
2024.03.27	01:50:08.586	0.97908	0.97908			6
2024.03.27	01:50:08.655	0.97909	0.97909			6
2024.03.27	01:50:08.716	0.97908	0.97908			6
2024.03.27	01:50:08.775	0.97909	0.97909			6
2024.03.27	01:50:08.865	0.97908	0.97908			6
2024.03.27	01:50:08.925	0.97909	0.97909			6
2024.03.27	01:50:08.995	0.97908	0.97908			6
2024.03.27	01:50:09.055	0.97909	0.97909			6
2024.03.27	01:50:09.114	0.97908	0.97908			6
2024.03.27	01:50:19.476	0.97907	0.97907			6
2024.03.27	01:50:26.058	0.97906	0.97906			6
2024.03.27	01:50:26.704	0.97907	0.97907			6
2024.03.27	01:50:32.484	0.97906	0.97906			6
2024.03.27	01:50:33.224	0.97907	0.97907			6
2024.03.27	01:50:36.293	0.97906	0.97906			6
2024.03.27	01:50:57.982	0.97903	0.97903			6
2024.03.27	01:50:58.011	0.97904	0.97904			6
2024.03.27	01:50:58.358	0.97900	0.97900			6
2024.03.27	01:50:58.388	0.97899	0.97899			6
2024.03.27	01:51:07.067	0.97900	0.97900			6
2024.03.27	01:51:08.833	0.97899	0.97899			6
2024.03.27	01:51:10.480	0.97900	0.97900			6
2024.03.27	01:51:19.479	0.97899	0.97899			6
2024.03.27	01:52:03.726	0.97899				2
2024.03.27	01:52:08.048	0.97898	0.97898			6
2024.03.27	01:52:08.107	0.97899	0.97899			6
2024.03.27	01:52:12.964	0.97897	0.97897			6
2024.03.27	01:52:13.054	0.97898	0.97898			6
2024.03.27	01:52:13.115	0.97899	0.97899			6
2024.03.27	01:52:13.144	0.97900	0.97900			6
2024.03.27	01:52:13.324	0.97898	0.97898			6
2024.03.27	01:52:19.912	0.97897	0.97897			6
2024.03.27	01:52:25.008	0.97896	0.97896			6
2024.03.27	01:52:28.133	0.97897	0.97897			6
2024.03.27	01:52:31.167	0.97896	0.97896			6
2024.03.27	01:52:55.199	0.97897	0.97897			6
2024.03.27	01:52:55.349	0.97896	0.97896			6
2024.03.27	01:52:55.470	0.97897	0.97897			6
2024.03.27	01:52:55.715	0.97896	0.97896			6
2024.03.27	01:52:55.807	0.97894	0.97894			6
2024.03.27	01:52:55.894	0.97895	0.97895			6
2024.03.27	01:52:56.322	0.97894	0.97894			6
2024.03.27	01:52:59.054	0.97893	0.97893			6
2024.03.27	01:53:09.060	0.97894	0.97894			6
2024.03.27	01:53:09.090	0.97892	0.97892			6
2024.03.27	01:53:09.210	0.97891	0.97891			6
2024.03.27	01:53:09.240	0.97890	0.97890			6
2024.03.27	01:53:09.814	0.97891	0.97891			6
2024.03.27	01:53:09.942	0.97890	0.97890			6
2024.03.27	01:53:10.003	0.97891	0.97891			6
2024.03.27	01:53:17.074	0.97892	0.97892			6
2024.03.27	01:53:17.347	0.97891	0.97891			6
2024.03.27	01:53:53.848	0.97892	0.97892			6
2024.03.27	01:53:55.802	0.97891	0.97891			6
2024.03.27	01:53:56.055	0.97892	0.97892			6
2024.03.27	01:54:00.685	0.97892				2
2024.03.27	01:54:13.374	0.97890	0.97890			6
2024.03.27	01:54:13.402	0.97891	0.97891			6
2024.03.27	01:54:13.462	0.97890	0.97890			6
2024.03.27	01:54:14.998	0.97891	0.97891			6
