<DATE>	<TIME>	<BID>	<ASK>	<LAST>	<VOLUME>	<FLAGS>
2024.07.22	00:00:04.826	0.96725	0.96725			6
2024.07.22	00:02:05.069	0.96718	0.96718			6
2024.07.22	00:03:00.969	0.96719	0.96719			6
2024.07.22	00:03:16.026	0.96720	0.96720			6
2024.07.22	00:03:16.574	0.96719	0.96719			6
2024.07.22	00:03:22.851	0.96720	0.96720			6
2024.07.22	00:03:27.522	0.96719	0.96719			6
2024.07.22	00:03:49.559	0.96720	0.96720			6
2024.07.22	00:03:59.077	0.96709	0.96709			6
2024.07.22	00:04:20.951	0.96727	0.96727			6
2024.07.22	00:05:00.024	0.96726	0.96726			6
2024.07.22	00:05:00.495	0.96732	0.96732			6
2024.07.22	00:05:03.565	0.96721	0.96721			6
2024.07.22	00:05:04.090	0.96716	0.96716			6
2024.07.22	00:05:04.910	0.96717	0.96717			6
2024.07.22	00:05:10.914	0.96723	0.96723			6
2024.07.22	00:05:13.153	0.96722	0.96722			6
2024.07.22	00:05:15.801	0.96725	0.96725			6
2024.07.22	00:05:16.621	0.96719	0.96719			6
2024.07.22	00:05:30.933	0.96715	0.96715			6
2024.07.22	00:05:41.722	0.96722	0.96722			6
2024.07.22	00:06:01.172	0.96735	0.96735			6
2024.07.22	00:06:01.203	0.96740	0.96740			6
2024.07.22	00:06:01.262	0.96742	0.96742			6
2024.07.22	00:06:09.626	0.96738	0.96738			6
2024.07.22	00:06:17.281	0.96742	0.96742			6
2024.07.22	00:06:17.310	0.96744	0.96744			6
2024.07.22	00:06:17.340	0.96743	0.96743			6
2024.07.22	00:06:21.553	0.96751	0.96751			6
2024.07.22	00:06:31.381	0.96759	0.96759			6
2024.07.22	00:06:36.697	0.96768	0.96768			6
2024.07.22	00:06:38.776	0.96770	0.96770			6
2024.07.22	00:06:50.290	0.96778	0.96778			6
2024.07.22	00:07:18.432	0.96739	0.96739			6
2024.07.22	00:07:32.857	0.96731	0.96731			6
2024.07.22	00:07:38.132	0.96736	0.96736			6
2024.07.22	00:07:54.741	0.96735	0.96735			6
2024.07.22	00:07:55.635	0.96734	0.96734			6
2024.07.22	00:07:59.549	0.96729	0.96729			6
2024.07.22	00:08:01.259	0.96727	0.96727			6
2024.07.22	00:08:06.720	0.96728	0.96728			6
2024.07.22	00:08:59.313	0.96732	0.96732			6
2024.07.22	00:09:13.020	0.96733	0.96733			6
2024.07.22	00:09:24.701	0.96732	0.96732			6
2024.07.22	00:09:38.953	0.96731	0.96731			6
2024.07.22	00:09:45.677	0.96726	0.96726			6
2024.07.22	00:09:49.566	0.96725	0.96725			6
2024.07.22	00:10:00.643	0.96728	0.96728			6
2024.07.22	00:10:05.349	0.96730	0.96730			6
2024.07.22	00:10:08.272	0.96734	0.96734			6
2024.07.22	00:10:10.134	0.96735	0.96735			6
2024.07.22	00:10:14.625	0.96738	0.96738			6
2024.07.22	00:10:16.590	0.96741	0.96741			6
2024.07.22	00:10:24.835	0.96757	0.96757			6
2024.07.22	00:10:26.821	0.96758	0.96758			6
2024.07.22	00:10:27.320	0.96759	0.96759			6
2024.07.22	00:10:28.395	0.96760	0.96760			6
2024.07.22	00:10:30.084	0.96759	0.96759			6
2024.07.22	00:10:31.148	0.96745	0.96745			6
2024.07.22	00:10:31.209	0.96747	0.96747			6
2024.07.22	00:10:33.701	0.96738	0.96738			6
2024.07.22	00:10:41.701	0.96739	0.96739			6
2024.07.22	00:11:00.647	0.96739				2
2024.07.22	00:11:05.632	0.96740	0.96740			6
2024.07.22	00:11:11.521	0.96748	0.96748			6
2024.07.22	00:11:11.640	0.96749	0.96749			6
2024.07.22	00:11:12.389	0.96753	0.96753			6
2024.07.22	00:11:13.736	0.96752	0.96752			6
2024.07.22	00:11:23.679	0.96763	0.96763			6
2024.07.22	00:11:24.179	0.96769	0.96769			6
2024.07.22	00:11:29.547	0.96771	0.96771			6
2024.07.22	00:11:30.708	0.96774	0.96774			6
2024.07.22	00:11:34.160	0.96771	0.96771			6
2024.07.22	00:11:38.591	0.96769	0.96769			6
2024.07.22	00:11:38.621	0.96767	0.96767			6
2024.07.22	00:11:41.347	0.96766	0.96766			6
2024.07.22	00:11:42.859	0.96767	0.96767			6
2024.07.22	00:11:57.226	0.96766	0.96766			6
2024.07.22	00:11:59.658	0.96767	0.96767			6
2024.07.22	00:12:05.632	0.96766	0.96766			6
2024.07.22	00:12:07.149	0.96767	0.96767			6
2024.07.22	00:12:25.147	0.96766	0.96766			6
2024.07.22	00:12:26.626	0.96768	0.96768			6
2024.07.22	00:12:29.659	0.96767	0.96767			6
2024.07.22	00:12:36.244	0.96768	0.96768			6
2024.07.22	00:12:39.845	0.96767	0.96767			6
2024.07.22	00:12:48.227	0.96768	0.96768			6
2024.07.22	00:12:52.159	0.96767	0.96767			6
2024.07.22	00:12:57.857	0.96768	0.96768			6
2024.07.22	00:13:08.626	0.96767	0.96767			6
2024.07.22	00:13:11.345	0.96768	0.96768			6
2024.07.22	00:14:01.149	0.96760	0.96760			6
2024.07.22	00:14:01.209	0.96762	0.96762			6
2024.07.22	00:14:01.744	0.96761	0.96761			6
2024.07.22	00:14:20.665	0.96775	0.96775			6
2024.07.22	00:15:00.652	0.96760	0.96760			6
2024.07.22	00:15:01.447	0.96763	0.96763			6
2024.07.22	00:15:01.669	0.96764	0.96764			6
2024.07.22	00:15:01.851	0.96756	0.96756			6
2024.07.22	00:15:01.971	0.96759	0.96759			6
2024.07.22	00:15:02.340	0.96766	0.96766			6
2024.07.22	00:15:02.939	0.96767	0.96767			6
2024.07.22	00:15:02.968	0.96768	0.96768			6
2024.07.22	00:15:03.120	0.96782	0.96782			6
2024.07.22	00:15:03.541	0.96795	0.96795			6
2024.07.22	00:15:04.175	0.96771	0.96771			6
2024.07.22	00:15:04.293	0.96775	0.96775			6
2024.07.22	00:15:04.325	0.96772	0.96772			6
2024.07.22	00:15:04.355	0.96771	0.96771			6
2024.07.22	00:15:05.511	0.96783	0.96783			6
2024.07.22	00:15:06.028	0.96782	0.96782			6
2024.07.22	00:15:06.874	0.96780	0.96780			6
2024.07.22	00:15:07.703	0.96781	0.96781			6
2024.07.22	00:15:09.343	0.96754	0.96754			6
2024.07.22	00:15:09.526	0.96758	0.96758			6
2024.07.22	00:15:09.556	0.96755	0.96755			6
2024.07.22	00:15:09.862	0.96758	0.96758			6
2024.07.22	00:15:10.040	0.96756	0.96756			6
2024.07.22	00:15:10.101	0.96758	0.96758			6
2024.07.22	00:15:10.131	0.96760	0.96760			6
2024.07.22	00:15:10.162	0.96757	0.96757			6
2024.07.22	00:15:10.342	0.96760	0.96760			6
2024.07.22	00:15:10.462	0.96786	0.96786			6
2024.07.22	00:15:10.523	0.96784	0.96784			6
2024.07.22	00:15:10.675	0.96782	0.96782			6
2024.07.22	00:15:10.889	0.96776	0.96776			6
2024.07.22	00:15:11.160	0.96778	0.96778			6
2024.07.22	00:15:11.979	0.96766	0.96766			6
2024.07.22	00:15:12.184	0.96760	0.96760			6
2024.07.22	00:15:12.214	0.96758	0.96758			6
2024.07.22	00:15:12.341	0.96761	0.96761			6
2024.07.22	00:15:12.402	0.96758	0.96758			6
2024.07.22	00:15:12.862	0.96761	0.96761			6
2024.07.22	00:15:12.922	0.96758	0.96758			6
2024.07.22	00:15:13.466	0.96768	0.96768			6
2024.07.22	00:15:13.526	0.96761	0.96761			6
2024.07.22	00:15:13.556	0.96758	0.96758			6
2024.07.22	00:15:13.749	0.96755	0.96755			6
2024.07.22	00:15:13.921	0.96758	0.96758			6
2024.07.22	00:15:14.040	0.96784	0.96784			6
2024.07.22	00:15:14.806	0.96771	0.96771			6
2024.07.22	00:15:14.997	0.96758	0.96758			6
2024.07.22	00:15:15.027	0.96755	0.96755			6
2024.07.22	00:15:15.489	0.96768	0.96768			6
2024.07.22	00:15:16.294	0.96730	0.96730			6
2024.07.22	00:15:16.889	0.96729	0.96729			6
2024.07.22	00:15:17.767	0.96771	0.96771			6
2024.07.22	00:15:17.796	0.96769	0.96769			6
2024.07.22	00:15:18.265	0.96768	0.96768			6
2024.07.22	00:15:18.808	0.96777	0.96777			6
2024.07.22	00:15:19.349	0.96779	0.96779			6
2024.07.22	00:15:19.379	0.96780	0.96780			6
2024.07.22	00:15:19.410	0.96779	0.96779			6
2024.07.22	00:15:19.984	0.96781	0.96781			6
2024.07.22	00:15:20.013	0.96782	0.96782			6
2024.07.22	00:15:20.043	0.96779	0.96779			6
2024.07.22	00:15:20.460	0.96778	0.96778			6
2024.07.22	00:15:21.038	0.96775	0.96775			6
2024.07.22	00:15:21.289	0.96777	0.96777			6
2024.07.22	00:15:22.157	0.96776	0.96776			6
2024.07.22	00:15:23.847	0.96777	0.96777			6
2024.07.22	00:15:24.846	0.96776	0.96776			6
2024.07.22	00:15:31.808	0.96764	0.96764			6
2024.07.22	00:15:32.744	0.96763	0.96763			6
2024.07.22	00:15:32.773	0.96758	0.96758			6
2024.07.22	00:15:32.804	0.96760	0.96760			6
2024.07.22	00:15:33.263	0.96774	0.96774			6
2024.07.22	00:15:35.407	0.96765	0.96765			6
2024.07.22	00:15:35.467	0.96764	0.96764			6
2024.07.22	00:15:35.949	0.96768	0.96768			6
2024.07.22	00:15:36.255	0.96770	0.96770			6
2024.07.22	00:15:36.520	0.96769	0.96769			6
2024.07.22	00:15:37.588	0.96765	0.96765			6
2024.07.22	00:15:41.789	0.96769	0.96769			6
2024.07.22	00:15:45.848	0.96785	0.96785			6
2024.07.22	00:15:47.189	0.96783	0.96783			6
2024.07.22	00:15:47.568	0.96781	0.96781			6
2024.07.22	00:15:48.719	0.96780	0.96780			6
2024.07.22	00:15:48.779	0.96781	0.96781			6
2024.07.22	00:15:50.056	0.96780	0.96780			6
2024.07.22	00:15:52.158	0.96781	0.96781			6
2024.07.22	00:15:52.604	0.96782	0.96782			6
2024.07.22	00:15:53.189	0.96781	0.96781			6
2024.07.22	00:15:54.536	0.96780	0.96780			6
2024.07.22	00:15:54.887	0.96779	0.96779			6
2024.07.22	00:15:55.049	0.96770	0.96770			6
2024.07.22	00:15:59.004	0.96760	0.96760			6
2024.07.22	00:16:04.691	0.96788	0.96788			6
2024.07.22	00:16:10.659	0.96774	0.96774			6
2024.07.22	00:16:38.116	0.96779	0.96779			6
2024.07.22	00:16:38.645	0.96783	0.96783			6
2024.07.22	00:16:46.734	0.96777	0.96777			6
2024.07.22	00:16:53.148	0.96776	0.96776			6
2024.07.22	00:16:56.946	0.96773	0.96773			6
2024.07.22	00:17:02.448	0.96774	0.96774			6
2024.07.22	00:17:06.519	0.96773	0.96773			6
2024.07.22	00:17:07.846	0.96774	0.96774			6
2024.07.22	00:17:54.388	0.96773	0.96773			6
2024.07.22	00:17:57.645	0.96778	0.96778			6
2024.07.22	00:17:58.159	0.96782	0.96782			6
2024.07.22	00:18:01.093	0.96779	0.96779			6
2024.07.22	00:18:01.461	0.96777	0.96777			6
2024.07.22	00:18:05.019	0.96778	0.96778			6
2024.07.22	00:18:05.050	0.96777	0.96777			6
2024.07.22	00:18:05.640	0.96765	0.96765			6
2024.07.22	00:18:05.955	0.96767	0.96767			6
2024.07.22	00:18:06.557	0.96768	0.96768			6
2024.07.22	00:18:07.712	0.96778	0.96778			6
2024.07.22	00:18:09.015	0.96777	0.96777			6
2024.07.22	00:18:09.045	0.96779	0.96779			6
2024.07.22	00:18:09.554	0.96765	0.96765			6
2024.07.22	00:18:09.855	0.96766	0.96766			6
2024.07.22	00:18:11.446	0.96764	0.96764			6
2024.07.22	00:18:16.244	0.96776	0.96776			6
2024.07.22	00:18:17.802	0.96777	0.96777			6
2024.07.22	00:18:17.832	0.96778	0.96778			6
2024.07.22	00:18:18.701	0.96774	0.96774			6
2024.07.22	00:18:19.135	0.96776	0.96776			6
2024.07.22	00:18:20.651	0.96777	0.96777			6
2024.07.22	00:18:20.931	0.96776	0.96776			6
2024.07.22	00:18:21.689	0.96780	0.96780			6
2024.07.22	00:18:22.107	0.96779	0.96779			6
2024.07.22	00:18:23.344	0.96777	0.96777			6
2024.07.22	00:18:31.142	0.96776	0.96776			6
2024.07.22	00:19:00.773	0.96778	0.96778			6
2024.07.22	00:19:02.033	0.96777	0.96777			6
2024.07.22	00:19:08.487	0.96776	0.96776			6
2024.07.22	00:19:20.962	0.96775	0.96775			6
2024.07.22	00:19:27.225	0.96774	0.96774			6
2024.07.22	00:19:29.024	0.96775	0.96775			6
2024.07.22	00:19:30.038	0.96776	0.96776			6
2024.07.22	00:19:30.236	0.96775	0.96775			6
2024.07.22	00:19:32.214	0.96776	0.96776			6
2024.07.22	00:19:33.246	0.96775	0.96775			6
2024.07.22	00:20:12.556	0.96776	0.96776			6
2024.07.22	00:20:13.454	0.96775	0.96775			6
2024.07.22	00:21:01.293	0.96776	0.96776			6
2024.07.22	00:21:02.341	0.96775	0.96775			6
2024.07.22	00:21:04.693	0.96752	0.96752			6
2024.07.22	00:21:05.036	0.96764	0.96764			6
2024.07.22	00:21:05.716	0.96765	0.96765			6
2024.07.22	00:21:07.759	0.96752	0.96752			6
2024.07.22	00:21:08.351	0.96749	0.96749			6
2024.07.22	00:21:28.747	0.96774	0.96774			6
2024.07.22	00:21:29.752	0.96773	0.96773			6
2024.07.22	00:21:30.555	0.96772	0.96772			6
2024.07.22	00:23:48.372	0.96773	0.96773			6
2024.07.22	00:23:49.465	0.96772	0.96772			6
2024.07.22	00:24:03.688	0.96773	0.96773			6
2024.07.22	00:24:04.794	0.96772	0.96772			6
2024.07.22	00:24:12.017	0.96773	0.96773			6
2024.07.22	00:24:12.285	0.96772	0.96772			6
2024.07.22	00:24:12.358	0.96773	0.96773			6
2024.07.22	00:24:13.418	0.96774	0.96774			6
2024.07.22	00:24:13.508	0.96773	0.96773			6
2024.07.22	00:24:14.388	0.96774	0.96774			6
2024.07.22	00:24:17.025	0.96775	0.96775			6
2024.07.22	00:24:17.933	0.96774	0.96774			6
2024.07.22	00:24:30.551	0.96775	0.96775			6
2024.07.22	00:24:31.344	0.96774	0.96774			6
2024.07.22	00:24:37.351	0.96773	0.96773			6
2024.07.22	00:24:38.630	0.96774	0.96774			6
2024.07.22	00:24:40.658	0.96773	0.96773			6
2024.07.22	00:24:40.738	0.96774	0.96774			6
2024.07.22	00:24:41.788	0.96773	0.96773			6
2024.07.22	00:24:53.790	0.96772	0.96772			6
2024.07.22	00:24:59.188	0.96771	0.96771			6
2024.07.22	00:25:01.997	0.96772	0.96772			6
2024.07.22	00:25:02.447	0.96774	0.96774			6
2024.07.22	00:25:02.788	0.96775	0.96775			6
2024.07.22	00:25:56.211	0.96774	0.96774			6
2024.07.22	00:25:59.701	0.96773	0.96773			6
2024.07.22	00:26:00.760	0.96775	0.96775			6
2024.07.22	00:26:02.769	0.96774	0.96774			6
2024.07.22	00:26:18.084	0.96773	0.96773			6
2024.07.22	00:26:28.240	0.96775	0.96775			6
2024.07.22	00:27:17.826	0.96774	0.96774			6
2024.07.22	00:27:30.515	0.96776	0.96776			6
2024.07.22	00:30:29.680	0.96774	0.96774			6
2024.07.22	00:30:32.257	0.96777	0.96777			6
2024.07.22	00:30:36.805	0.96776	0.96776			6
2024.07.22	00:30:42.160	0.96773	0.96773			6
2024.07.22	00:30:45.035	0.96775	0.96775			6
2024.07.22	00:30:46.887	0.96773	0.96773			6
2024.07.22	00:30:50.185	0.96769	0.96769			6
2024.07.22	00:30:50.787	0.96774	0.96774			6
2024.07.22	00:30:53.809	0.96773	0.96773			6
2024.07.22	00:30:54.985	0.96775	0.96775			6
2024.07.22	00:30:55.884	0.96774	0.96774			6
2024.07.22	00:31:01.224	0.96777	0.96777			6
2024.07.22	00:31:01.254	0.96776	0.96776			6
2024.07.22	00:31:01.314	0.96777	0.96777			6
2024.07.22	00:31:02.201	0.96778	0.96778			6
2024.07.22	00:31:03.582	0.96777	0.96777			6
2024.07.22	00:31:03.643	0.96776	0.96776			6
2024.07.22	00:31:03.969	0.96775	0.96775			6
2024.07.22	00:31:08.162	0.96776	0.96776			6
2024.07.22	00:31:10.273	0.96775	0.96775			6
2024.07.22	00:31:12.076	0.96776	0.96776			6
2024.07.22	00:31:17.789	0.96775	0.96775			6
2024.07.22	00:31:19.439	0.96776	0.96776			6
2024.07.22	00:31:25.868	0.96774	0.96774			6
2024.07.22	00:31:25.958	0.96776	0.96776			6
2024.07.22	00:31:26.047	0.96774	0.96774			6
2024.07.22	00:31:26.367	0.96775	0.96775			6
2024.07.22	00:31:30.242	0.96774	0.96774			6
2024.07.22	00:31:30.272	0.96773	0.96773			6
2024.07.22	00:31:30.986	0.96775	0.96775			6
2024.07.22	00:31:31.046	0.96773	0.96773			6
2024.07.22	00:31:31.180	0.96775	0.96775			6
2024.07.22	00:31:31.240	0.96773	0.96773			6
2024.07.22	00:31:31.330	0.96774	0.96774			6
2024.07.22	00:31:31.360	0.96773	0.96773			6
2024.07.22	00:31:31.390	0.96775	0.96775			6
2024.07.22	00:31:45.578	0.96774	0.96774			6
2024.07.22	00:31:45.669	0.96771	0.96771			6
2024.07.22	00:31:45.698	0.96769	0.96769			6
2024.07.22	00:31:45.734	0.96771	0.96771			6
2024.07.22	00:31:45.794	0.96769	0.96769			6
2024.07.22	00:31:45.854	0.96771	0.96771			6
2024.07.22	00:31:52.662	0.96770	0.96770			6
2024.07.22	00:31:52.725	0.96772	0.96772			6
2024.07.22	00:31:52.756	0.96770	0.96770			6
2024.07.22	00:31:52.785	0.96772	0.96772			6
2024.07.22	00:31:52.815	0.96770	0.96770			6
2024.07.22	00:31:52.846	0.96771	0.96771			6
2024.07.22	00:31:52.875	0.96770	0.96770			6
2024.07.22	00:31:52.935	0.96771	0.96771			6
2024.07.22	00:31:52.965	0.96770	0.96770			6
2024.07.22	00:31:54.783	0.96771	0.96771			6
2024.07.22	00:31:54.852	0.96770	0.96770			6
2024.07.22	00:31:55.069	0.96772	0.96772			6
2024.07.22	00:31:55.134	0.96771	0.96771			6
2024.07.22	00:31:55.209	0.96772	0.96772			6
2024.07.22	00:31:55.297	0.96771	0.96771			6
2024.07.22	00:31:55.358	0.96772	0.96772			6
2024.07.22	00:31:57.238	0.96771	0.96771			6
2024.07.22	00:31:57.370	0.96770	0.96770			6
2024.07.22	00:31:57.460	0.96769	0.96769			6
2024.07.22	00:31:57.758	0.96771	0.96771			6
2024.07.22	00:31:58.791	0.96770	0.96770			6
2024.07.22	00:32:00.899	0.96773	0.96773			6
2024.07.22	00:32:02.880	0.96772	0.96772			6
2024.07.22	00:32:03.256	0.96773	0.96773			6
2024.07.22	00:32:03.740	0.96772	0.96772			6
2024.07.22	00:32:04.398	0.96774	0.96774			6
2024.07.22	00:32:05.995	0.96773	0.96773			6
2024.07.22	00:32:06.205	0.96779	0.96779			6
2024.07.22	00:32:06.266	0.96780	0.96780			6
2024.07.22	00:32:06.355	0.96779	0.96779			6
2024.07.22	00:32:06.415	0.96780	0.96780			6
2024.07.22	00:32:07.016	0.96782	0.96782			6
2024.07.22	00:32:07.045	0.96781	0.96781			6
2024.07.22	00:32:07.136	0.96777	0.96777			6
2024.07.22	00:32:07.285	0.96747	0.96747			6
2024.07.22	00:32:07.315	0.96748	0.96748			6
2024.07.22	00:32:07.344	0.96743	0.96743			6
2024.07.22	00:32:07.375	0.96745	0.96745			6
2024.07.22	00:32:07.405	0.96741	0.96741			6
2024.07.22	00:32:07.465	0.96742	0.96742			6
2024.07.22	00:32:07.766	0.96743	0.96743			6
2024.07.22	00:32:08.065	0.96742	0.96742			6
2024.07.22	00:32:08.984	0.96739	0.96739			6
2024.07.22	00:32:09.963	0.96740	0.96740			6
2024.07.22	00:32:10.053	0.96742	0.96742			6
2024.07.22	00:32:10.083	0.96741	0.96741			6
2024.07.22	00:32:10.341	0.96742	0.96742			6
2024.07.22	00:32:11.655	0.96743	0.96743			6
2024.07.22	00:32:11.745	0.96742	0.96742			6
2024.07.22	00:32:11.775	0.96745	0.96745			6
2024.07.22	00:32:12.323	0.96744	0.96744			6
2024.07.22	00:32:12.354	0.96743	0.96743			6
2024.07.22	00:32:12.779	0.96745	0.96745			6
2024.07.22	00:32:12.809	0.96744	0.96744			6
2024.07.22	00:32:13.264	0.96742	0.96742			6
2024.07.22	00:32:13.295	0.96743	0.96743			6
2024.07.22	00:32:13.378	0.96741	0.96741			6
2024.07.22	00:32:13.409	0.96742	0.96742			6
2024.07.22	00:32:13.439	0.96741	0.96741			6
2024.07.22	00:32:13.535	0.96742	0.96742			6
2024.07.22	00:32:13.903	0.96774	0.96774			6
2024.07.22	00:32:13.933	0.96769	0.96769			6
2024.07.22	00:32:13.994	0.96774	0.96774			6
2024.07.22	00:32:14.024	0.96772	0.96772			6
2024.07.22	00:32:14.054	0.96769	0.96769			6
2024.07.22	00:32:14.100	0.96772	0.96772			6
2024.07.22	00:32:14.130	0.96769	0.96769			6
2024.07.22	00:32:14.311	0.96768	0.96768			6
2024.07.22	00:32:15.197	0.96766	0.96766			6
2024.07.22	00:32:15.287	0.96768	0.96768			6
2024.07.22	00:32:16.171	0.96766	0.96766			6
2024.07.22	00:32:16.200	0.96765	0.96765			6
2024.07.22	00:32:16.230	0.96768	0.96768			6
2024.07.22	00:32:16.261	0.96765	0.96765			6
2024.07.22	00:32:16.593	0.96767	0.96767			6
2024.07.22	00:32:17.989	0.96766	0.96766			6
2024.07.22	00:32:18.019	0.96765	0.96765			6
2024.07.22	00:32:19.546	0.96771	0.96771			6
2024.07.22	00:32:19.575	0.96767	0.96767			6
2024.07.22	00:32:19.664	0.96770	0.96770			6
2024.07.22	00:32:19.695	0.96772	0.96772			6
2024.07.22	00:32:19.725	0.96774	0.96774			6
2024.07.22	00:32:19.754	0.96772	0.96772			6
2024.07.22	00:32:19.876	0.96773	0.96773			6
2024.07.22	00:32:20.879	0.96772	0.96772			6
2024.07.22	00:32:22.140	0.96773	0.96773			6
2024.07.22	00:32:23.653	0.96774	0.96774			6
2024.07.22	00:32:26.371	0.96773	0.96773			6
2024.07.22	00:32:26.481	0.96774	0.96774			6
2024.07.22	00:32:26.512	0.96772	0.96772			6
2024.07.22	00:32:28.829	0.96775	0.96775			6
2024.07.22	00:32:28.858	0.96776	0.96776			6
2024.07.22	00:32:28.888	0.96778	0.96778			6
2024.07.22	00:32:28.918	0.96777	0.96777			6
2024.07.22	00:32:30.260	0.96776	0.96776			6
2024.07.22	00:32:31.140	0.96777	0.96777			6
2024.07.22	00:32:32.039	0.96779	0.96779			6
2024.07.22	00:32:32.226	0.96774	0.96774			6
2024.07.22	00:32:32.256	0.96764	0.96764			6
2024.07.22	00:32:32.345	0.96759	0.96759			6
2024.07.22	00:32:32.375	0.96750	0.96750			6
2024.07.22	00:32:32.404	0.96754	0.96754			6
2024.07.22	00:32:32.435	0.96759	0.96759			6
2024.07.22	00:32:32.526	0.96756	0.96756			6
2024.07.22	00:32:32.824	0.96757	0.96757			6
2024.07.22	00:32:35.331	0.96749	0.96749			6
2024.07.22	00:32:35.360	0.96746	0.96746			6
2024.07.22	00:32:35.952	0.96749	0.96749			6
2024.07.22	00:32:36.971	0.96751	0.96751			6
2024.07.22	00:32:37.030	0.96752	0.96752			6
2024.07.22	00:32:37.091	0.96751	0.96751			6
2024.07.22	00:32:37.125	0.96752	0.96752			6
2024.07.22	00:32:38.476	0.96749	0.96749			6
2024.07.22	00:32:39.397	0.96748	0.96748			6
2024.07.22	00:32:39.491	0.96747	0.96747			6
2024.07.22	00:32:39.551	0.96748	0.96748			6
2024.07.22	00:32:39.581	0.96747	0.96747			6
2024.07.22	00:32:39.611	0.96748	0.96748			6
2024.07.22	00:32:41.065	0.96749	0.96749			6
2024.07.22	00:32:44.264	0.96762	0.96762			6
2024.07.22	00:32:44.293	0.96771	0.96771			6
2024.07.22	00:32:50.945	0.96773	0.96773			6
2024.07.22	00:32:50.975	0.96779	0.96779			6
2024.07.22	00:32:53.184	0.96776	0.96776			6
2024.07.22	00:32:53.215	0.96769	0.96769			6
2024.07.22	00:32:53.785	0.96755	0.96755			6
2024.07.22	00:32:53.814	0.96754	0.96754			6
2024.07.22	00:32:53.951	0.96752	0.96752			6
2024.07.22	00:32:54.352	0.96750	0.96750			6
2024.07.22	00:32:54.960	0.96756	0.96756			6
2024.07.22	00:32:55.439	0.96754	0.96754			6
2024.07.22	00:32:56.921	0.96755	0.96755			6
2024.07.22	00:32:58.281	0.96757	0.96757			6
2024.07.22	00:32:59.623	0.96758	0.96758			6
2024.07.22	00:33:00.113	0.96760	0.96760			6
2024.07.22	00:33:00.194	0.96759	0.96759			6
2024.07.22	00:33:00.472	0.96755	0.96755			6
2024.07.22	00:33:01.144	0.96754	0.96754			6
2024.07.22	00:33:02.027	0.96755	0.96755			6
2024.07.22	00:33:04.512	0.96757	0.96757			6
2024.07.22	00:33:04.591	0.96751	0.96751			6
2024.07.22	00:33:04.891	0.96753	0.96753			6
2024.07.22	00:33:05.072	0.96749	0.96749			6
2024.07.22	00:33:05.138	0.96748	0.96748			6
2024.07.22	00:33:05.640	0.96751	0.96751			6
2024.07.22	00:33:05.970	0.96753	0.96753			6
2024.07.22	00:33:06.000	0.96742	0.96742			6
2024.07.22	00:33:06.030	0.96750	0.96750			6
2024.07.22	00:33:06.061	0.96751	0.96751			6
2024.07.22	00:33:06.090	0.96753	0.96753			6
2024.07.22	00:33:06.180	0.96751	0.96751			6
2024.07.22	00:33:06.210	0.96748	0.96748			6
2024.07.22	00:33:06.240	0.96750	0.96750			6
2024.07.22	00:33:06.270	0.96751	0.96751			6
2024.07.22	00:33:06.556	0.96749	0.96749			6
2024.07.22	00:33:06.585	0.96748	0.96748			6
2024.07.22	00:33:06.616	0.96750	0.96750			6
2024.07.22	00:33:06.675	0.96749	0.96749			6
2024.07.22	00:33:06.705	0.96750	0.96750			6
2024.07.22	00:33:06.765	0.96751	0.96751			6
2024.07.22	00:33:06.797	0.96749	0.96749			6
2024.07.22	00:33:06.826	0.96748	0.96748			6
2024.07.22	00:33:07.095	0.96752	0.96752			6
2024.07.22	00:33:07.126	0.96753	0.96753			6
2024.07.22	00:33:07.155	0.96751	0.96751			6
2024.07.22	00:33:07.186	0.96750	0.96750			6
2024.07.22	00:33:07.691	0.96755	0.96755			6
2024.07.22	00:33:07.937	0.96754	0.96754			6
2024.07.22	00:33:09.683	0.96755	0.96755			6
2024.07.22	00:33:11.148	0.96747	0.96747			6
2024.07.22	00:33:11.177	0.96748	0.96748			6
2024.07.22	00:33:11.211	0.96747	0.96747			6
2024.07.22	00:33:11.242	0.96748	0.96748			6
2024.07.22	00:33:11.489	0.96752	0.96752			6
2024.07.22	00:33:15.709	0.96754	0.96754			6
2024.07.22	00:33:17.269	0.96753	0.96753			6
2024.07.22	00:33:17.299	0.96754	0.96754			6
2024.07.22	00:33:17.360	0.96750	0.96750			6
2024.07.22	00:33:17.390	0.96753	0.96753			6
2024.07.22	00:33:17.458	0.96748	0.96748			6
2024.07.22	00:33:17.784	0.96749	0.96749			6
2024.07.22	00:33:24.255	0.96751	0.96751			6
2024.07.22	00:33:24.396	0.96750	0.96750			6
2024.07.22	00:33:24.426	0.96751	0.96751			6
2024.07.22	00:33:24.824	0.96752	0.96752			6
2024.07.22	00:33:25.001	0.96749	0.96749			6
2024.07.22	00:33:25.121	0.96752	0.96752			6
2024.07.22	00:33:25.539	0.96753	0.96753			6
2024.07.22	00:33:25.604	0.96752	0.96752			6
2024.07.22	00:33:25.634	0.96753	0.96753			6
2024.07.22	00:33:28.137	0.96755	0.96755			6
2024.07.22	00:33:29.714	0.96750	0.96750			6
2024.07.22	00:33:29.745	0.96751	0.96751			6
2024.07.22	00:33:29.820	0.96750	0.96750			6
2024.07.22	00:33:30.204	0.96751	0.96751			6
2024.07.22	00:33:30.234	0.96752	0.96752			6
2024.07.22	00:33:34.454	0.96753	0.96753			6
2024.07.22	00:33:34.544	0.96752	0.96752			6
2024.07.22	00:33:34.573	0.96753	0.96753			6
2024.07.22	00:33:34.929	0.96751	0.96751			6
2024.07.22	00:33:37.575	0.96755	0.96755			6
2024.07.22	00:33:37.663	0.96754	0.96754			6
2024.07.22	00:33:37.694	0.96755	0.96755			6
2024.07.22	00:33:38.880	0.96754	0.96754			6
2024.07.22	00:33:39.224	0.96755	0.96755			6
2024.07.22	00:33:39.313	0.96754	0.96754			6
2024.07.22	00:33:39.344	0.96755	0.96755			6
2024.07.22	00:33:41.043	0.96751	0.96751			6
2024.07.22	00:33:50.884	0.96754	0.96754			6
2024.07.22	00:33:50.973	0.96753	0.96753			6
2024.07.22	00:33:51.403	0.96743	0.96743			6
2024.07.22	00:33:51.495	0.96745	0.96745			6
2024.07.22	00:33:51.526	0.96743	0.96743			6
2024.07.22	00:33:51.676	0.96744	0.96744			6
2024.07.22	00:33:51.706	0.96743	0.96743			6
2024.07.22	00:33:51.764	0.96744	0.96744			6
2024.07.22	00:33:51.794	0.96743	0.96743			6
2024.07.22	00:33:51.895	0.96745	0.96745			6
2024.07.22	00:33:51.926	0.96743	0.96743			6
2024.07.22	00:33:51.955	0.96745	0.96745			6
2024.07.22	00:33:51.986	0.96743	0.96743			6
2024.07.22	00:33:52.046	0.96745	0.96745			6
2024.07.22	00:33:52.076	0.96746	0.96746			6
2024.07.22	00:33:53.951	0.96743	0.96743			6
2024.07.22	00:33:53.981	0.96745	0.96745			6
2024.07.22	00:33:54.012	0.96746	0.96746			6
2024.07.22	00:33:54.040	0.96744	0.96744			6
2024.07.22	00:33:54.071	0.96743	0.96743			6
2024.07.22	00:33:54.101	0.96744	0.96744			6
2024.07.22	00:33:54.132	0.96746	0.96746			6
2024.07.22	00:33:54.163	0.96744	0.96744			6
2024.07.22	00:33:54.282	0.96746	0.96746			6
2024.07.22	00:33:54.312	0.96744	0.96744			6
2024.07.22	00:33:54.342	0.96746	0.96746			6
2024.07.22	00:33:54.372	0.96749	0.96749			6
2024.07.22	00:33:54.437	0.96751	0.96751			6
2024.07.22	00:33:54.466	0.96749	0.96749			6
2024.07.22	00:33:54.837	0.96752	0.96752			6
2024.07.22	00:33:58.012	0.96753	0.96753			6
2024.07.22	00:33:58.103	0.96752	0.96752			6
2024.07.22	00:33:58.133	0.96750	0.96750			6
2024.07.22	00:33:58.162	0.96751	0.96751			6
2024.07.22	00:33:58.252	0.96752	0.96752			6
2024.07.22	00:33:58.528	0.96748	0.96748			6
2024.07.22	00:33:58.557	0.96749	0.96749			6
2024.07.22	00:33:58.602	0.96748	0.96748			6
2024.07.22	00:33:58.632	0.96749	0.96749			6
2024.07.22	00:33:59.074	0.96746	0.96746			6
2024.07.22	00:33:59.134	0.96748	0.96748			6
2024.07.22	00:33:59.163	0.96746	0.96746			6
2024.07.22	00:33:59.253	0.96748	0.96748			6
2024.07.22	00:33:59.283	0.96746	0.96746			6
2024.07.22	00:33:59.470	0.96750	0.96750			6
2024.07.22	00:33:59.530	0.96749	0.96749			6
2024.07.22	00:34:00.619	0.96750	0.96750			6
2024.07.22	00:34:00.648	0.96751	0.96751			6
2024.07.22	00:34:00.678	0.96749	0.96749			6
2024.07.22	00:34:00.708	0.96751	0.96751			6
2024.07.22	00:34:00.738	0.96749	0.96749			6
2024.07.22	00:34:00.827	0.96751	0.96751			6
2024.07.22	00:34:01.043	0.96754	0.96754			6
2024.07.22	00:34:01.772	0.96753	0.96753			6
2024.07.22	00:34:03.555	0.96755	0.96755			6
2024.07.22	00:34:03.602	0.96751	0.96751			6
2024.07.22	00:34:03.710	0.96749	0.96749			6
2024.07.22	00:34:03.739	0.96748	0.96748			6
2024.07.22	00:34:03.804	0.96749	0.96749			6
2024.07.22	00:34:03.844	0.96748	0.96748			6
2024.07.22	00:34:03.874	0.96747	0.96747			6
2024.07.22	00:34:03.905	0.96748	0.96748			6
2024.07.22	00:34:03.965	0.96749	0.96749			6
2024.07.22	00:34:03.994	0.96748	0.96748			6
2024.07.22	00:34:04.060	0.96749	0.96749			6
2024.07.22	00:34:04.120	0.96748	0.96748			6
2024.07.22	00:34:04.179	0.96747	0.96747			6
2024.07.22	00:34:04.209	0.96749	0.96749			6
2024.07.22	00:34:04.239	0.96747	0.96747			6
2024.07.22	00:34:04.274	0.96749	0.96749			6
2024.07.22	00:34:04.304	0.96747	0.96747			6
2024.07.22	00:34:04.335	0.96749	0.96749			6
2024.07.22	00:34:04.365	0.96747	0.96747			6
2024.07.22	00:34:04.613	0.96749	0.96749			6
2024.07.22	00:34:04.691	0.96753	0.96753			6
2024.07.22	00:34:06.044	0.96754	0.96754			6
2024.07.22	00:34:07.583	0.96755	0.96755			6
2024.07.22	00:34:07.734	0.96754	0.96754			6
2024.07.22	00:34:10.454	0.96755	0.96755			6
2024.07.22	00:34:10.527	0.96747	0.96747			6
2024.07.22	00:34:10.586	0.96746	0.96746			6
2024.07.22	00:34:10.616	0.96747	0.96747			6
2024.07.22	00:34:10.880	0.96751	0.96751			6
2024.07.22	00:34:10.910	0.96752	0.96752			6
2024.07.22	00:34:10.960	0.96751	0.96751			6
2024.07.22	00:34:11.112	0.96752	0.96752			6
2024.07.22	00:34:12.098	0.96754	0.96754			6
2024.07.22	00:34:13.454	0.96755	0.96755			6
2024.07.22	00:34:13.514	0.96754	0.96754			6
2024.07.22	00:34:14.568	0.96755	0.96755			6
2024.07.22	00:34:15.721	0.96753	0.96753			6
2024.07.22	00:34:15.752	0.96755	0.96755			6
2024.07.22	00:34:16.002	0.96752	0.96752			6
2024.07.22	00:34:18.270	0.96753	0.96753			6
2024.07.22	00:34:18.300	0.96766	0.96766			6
2024.07.22	00:34:18.331	0.96765	0.96765			6
2024.07.22	00:34:18.361	0.96763	0.96763			6
2024.07.22	00:34:18.390	0.96762	0.96762			6
2024.07.22	00:34:18.421	0.96765	0.96765			6
2024.07.22	00:34:18.451	0.96767	0.96767			6
2024.07.22	00:34:18.747	0.96754	0.96754			6
2024.07.22	00:34:18.776	0.96755	0.96755			6
2024.07.22	00:34:18.819	0.96754	0.96754			6
2024.07.22	00:34:18.849	0.96755	0.96755			6
2024.07.22	00:34:18.879	0.96754	0.96754			6
2024.07.22	00:34:19.142	0.96755	0.96755			6
2024.07.22	00:34:19.509	0.96756	0.96756			6
2024.07.22	00:34:21.255	0.96758	0.96758			6
2024.07.22	00:34:21.697	0.96754	0.96754			6
2024.07.22	00:34:23.338	0.96757	0.96757			6
2024.07.22	00:34:29.087	0.96756	0.96756			6
2024.07.22	00:34:29.599	0.96759	0.96759			6
2024.07.22	00:34:30.101	0.96762	0.96762			6
2024.07.22	00:34:31.659	0.96760	0.96760			6
2024.07.22	00:34:32.049	0.96768	0.96768			6
2024.07.22	00:34:32.110	0.96769	0.96769			6
2024.07.22	00:34:32.141	0.96770	0.96770			6
2024.07.22	00:34:32.193	0.96769	0.96769			6
2024.07.22	00:34:32.223	0.96770	0.96770			6
2024.07.22	00:34:32.253	0.96769	0.96769			6
2024.07.22	00:34:32.629	0.96761	0.96761			6
2024.07.22	00:34:33.541	0.96762	0.96762			6
2024.07.22	00:34:34.000	0.96761	0.96761			6
2024.07.22	00:34:34.261	0.96762	0.96762			6
2024.07.22	00:34:35.654	0.96764	0.96764			6
2024.07.22	00:34:35.895	0.96763	0.96763			6
2024.07.22	00:34:35.924	0.96764	0.96764			6
2024.07.22	00:34:35.991	0.96759	0.96759			6
2024.07.22	00:34:38.353	0.96760	0.96760			6
2024.07.22	00:34:39.708	0.96756	0.96756			6
2024.07.22	00:34:39.796	0.96758	0.96758			6
2024.07.22	00:34:39.826	0.96756	0.96756			6
2024.07.22	00:34:40.409	0.96759	0.96759			6
2024.07.22	00:34:40.472	0.96754	0.96754			6
2024.07.22	00:34:40.502	0.96755	0.96755			6
2024.07.22	00:34:40.562	0.96756	0.96756			6
2024.07.22	00:34:40.591	0.96754	0.96754			6
2024.07.22	00:34:40.621	0.96755	0.96755			6
2024.07.22	00:34:40.651	0.96754	0.96754			6
2024.07.22	00:34:40.728	0.96756	0.96756			6
2024.07.22	00:34:41.841	0.96758	0.96758			6
2024.07.22	00:34:42.418	0.96757	0.96757			6
2024.07.22	00:34:42.902	0.96758	0.96758			6
2024.07.22	00:34:43.273	0.96757	0.96757			6
2024.07.22	00:34:46.449	0.96758	0.96758			6
2024.07.22	00:34:46.478	0.96761	0.96761			6
2024.07.22	00:34:46.538	0.96758	0.96758			6
2024.07.22	00:34:48.399	0.96770	0.96770			6
2024.07.22	00:34:48.742	0.96760	0.96760			6
2024.07.22	00:34:49.259	0.96756	0.96756			6
2024.07.22	00:34:54.745	0.96761	0.96761			6
2024.07.22	00:34:54.775	0.96772	0.96772			6
2024.07.22	00:34:54.805	0.96771	0.96771			6
2024.07.22	00:34:54.835	0.96761	0.96761			6
2024.07.22	00:34:55.305	0.96760	0.96760			6
2024.07.22	00:34:58.438	0.96773	0.96773			6
2024.07.22	00:34:58.515	0.96761	0.96761			6
2024.07.22	00:34:58.766	0.96758	0.96758			6
2024.07.22	00:35:01.406	0.96755	0.96755			6
2024.07.22	00:35:01.496	0.96765	0.96765			6
2024.07.22	00:35:01.526	0.96763	0.96763			6
2024.07.22	00:35:01.556	0.96766	0.96766			6
2024.07.22	00:35:01.586	0.96765	0.96765			6
2024.07.22	00:35:01.841	0.96768	0.96768			6
2024.07.22	00:35:02.021	0.96769	0.96769			6
2024.07.22	00:35:02.116	0.96766	0.96766			6
2024.07.22	00:35:02.144	0.96768	0.96768			6
2024.07.22	00:35:02.206	0.96767	0.96767			6
2024.07.22	00:35:02.237	0.96766	0.96766			6
2024.07.22	00:35:02.267	0.96768	0.96768			6
2024.07.22	00:35:02.506	0.96767	0.96767			6
2024.07.22	00:35:02.566	0.96768	0.96768			6
2024.07.22	00:35:02.627	0.96769	0.96769			6
2024.07.22	00:35:02.927	0.96768	0.96768			6
2024.07.22	00:35:02.957	0.96770	0.96770			6
2024.07.22	00:35:03.023	0.96769	0.96769			6
2024.07.22	00:35:03.480	0.96770	0.96770			6
2024.07.22	00:35:03.511	0.96769	0.96769			6
2024.07.22	00:35:04.027	0.96768	0.96768			6
2024.07.22	00:35:04.065	0.96767	0.96767			6
2024.07.22	00:35:04.096	0.96768	0.96768			6
2024.07.22	00:35:04.156	0.96766	0.96766			6
2024.07.22	00:35:04.516	0.96764	0.96764			6
2024.07.22	00:35:04.604	0.96763	0.96763			6
2024.07.22	00:35:04.675	0.96764	0.96764			6
2024.07.22	00:35:04.705	0.96765	0.96765			6
2024.07.22	00:35:05.790	0.96766	0.96766			6
2024.07.22	00:35:05.849	0.96767	0.96767			6
2024.07.22	00:35:05.910	0.96768	0.96768			6
2024.07.22	00:35:06.252	0.96770	0.96770			6
2024.07.22	00:35:06.343	0.96769	0.96769			6
2024.07.22	00:35:06.433	0.96770	0.96770			6
2024.07.22	00:35:06.712	0.96769	0.96769			6
2024.07.22	00:35:06.775	0.96767	0.96767			6
2024.07.22	00:35:07.020	0.96768	0.96768			6
2024.07.22	00:35:10.501	0.96769	0.96769			6
2024.07.22	00:35:10.531	0.96770	0.96770			6
2024.07.22	00:35:11.032	0.96772	0.96772			6
2024.07.22	00:35:12.617	0.96773	0.96773			6
2024.07.22	00:35:15.854	0.96772	0.96772			6
2024.07.22	00:35:15.913	0.96771	0.96771			6
2024.07.22	00:35:15.973	0.96774	0.96774			6
2024.07.22	00:35:16.003	0.96772	0.96772			6
2024.07.22	00:35:17.132	0.96770	0.96770			6
2024.07.22	00:35:17.222	0.96769	0.96769			6
2024.07.22	00:35:17.284	0.96770	0.96770			6
2024.07.22	00:35:17.313	0.96768	0.96768			6
2024.07.22	00:35:17.344	0.96767	0.96767			6
2024.07.22	00:35:17.924	0.96768	0.96768			6
2024.07.22	00:35:18.253	0.96767	0.96767			6
2024.07.22	00:35:18.311	0.96766	0.96766			6
2024.07.22	00:35:18.341	0.96765	0.96765			6
2024.07.22	00:35:18.372	0.96764	0.96764			6
2024.07.22	00:35:18.403	0.96766	0.96766			6
2024.07.22	00:35:18.722	0.96765	0.96765			6
2024.07.22	00:35:19.401	0.96764	0.96764			6
2024.07.22	00:35:19.521	0.96762	0.96762			6
2024.07.22	00:35:19.551	0.96760	0.96760			6
2024.07.22	00:35:19.869	0.96763	0.96763			6
2024.07.22	00:35:20.631	0.96764	0.96764			6
2024.07.22	00:35:21.240	0.96763	0.96763			6
2024.07.22	00:35:26.781	0.96761	0.96761			6
2024.07.22	00:35:26.811	0.96764	0.96764			6
2024.07.22	00:35:27.714	0.96762	0.96762			6
2024.07.22	00:35:27.744	0.96764	0.96764			6
2024.07.22	00:35:27.775	0.96762	0.96762			6
2024.07.22	00:35:27.804	0.96764	0.96764			6
2024.07.22	00:35:28.310	0.96763	0.96763			6
2024.07.22	00:35:29.965	0.96764	0.96764			6
2024.07.22	00:35:31.131	0.96766	0.96766			6
2024.07.22	00:35:31.493	0.96762	0.96762			6
2024.07.22	00:35:31.523	0.96763	0.96763			6
2024.07.22	00:35:31.553	0.96762	0.96762			6
2024.07.22	00:35:31.613	0.96763	0.96763			6
2024.07.22	00:35:31.643	0.96761	0.96761			6
2024.07.22	00:35:31.673	0.96765	0.96765			6
2024.07.22	00:35:31.704	0.96767	0.96767			6
2024.07.22	00:35:31.734	0.96766	0.96766			6
2024.07.22	00:35:32.202	0.96765	0.96765			6
2024.07.22	00:35:32.261	0.96764	0.96764			6
2024.07.22	00:35:32.293	0.96765	0.96765			6
2024.07.22	00:35:32.353	0.96764	0.96764			6
2024.07.22	00:35:32.626	0.96763	0.96763			6
2024.07.22	00:35:32.656	0.96764	0.96764			6
2024.07.22	00:35:32.686	0.96765	0.96765			6
2024.07.22	00:35:32.746	0.96764	0.96764			6
2024.07.22	00:35:34.139	0.96765	0.96765			6
2024.07.22	00:35:36.101	0.96764	0.96764			6
2024.07.22	00:35:36.155	0.96766	0.96766			6
2024.07.22	00:35:36.184	0.96769	0.96769			6
2024.07.22	00:35:36.244	0.96768	0.96768			6
2024.07.22	00:35:39.098	0.96765	0.96765			6
2024.07.22	00:35:39.472	0.96766	0.96766			6
2024.07.22	00:35:39.943	0.96765	0.96765			6
2024.07.22	00:35:41.622	0.96766	0.96766			6
2024.07.22	00:35:43.138	0.96765	0.96765			6
2024.07.22	00:35:43.501	0.96764	0.96764			6
2024.07.22	00:35:44.088	0.96765	0.96765			6
2024.07.22	00:35:44.118	0.96766	0.96766			6
2024.07.22	00:35:44.859	0.96768	0.96768			6
2024.07.22	00:35:49.371	0.96766	0.96766			6
2024.07.22	00:35:59.486	0.96768	0.96768			6
2024.07.22	00:36:01.149	0.96767	0.96767			6
2024.07.22	00:36:02.355	0.96768	0.96768			6
2024.07.22	00:36:02.403	0.96767	0.96767			6
2024.07.22	00:36:03.161	0.96766	0.96766			6
2024.07.22	00:36:03.221	0.96765	0.96765			6
2024.07.22	00:36:03.250	0.96764	0.96764			6
2024.07.22	00:36:05.250	0.96766	0.96766			6
2024.07.22	00:36:06.162	0.96767	0.96767			6
2024.07.22	00:36:10.596	0.96766	0.96766			6
2024.07.22	00:36:10.662	0.96763	0.96763			6
2024.07.22	00:36:17.932	0.96762	0.96762			6
2024.07.22	00:36:18.709	0.96764	0.96764			6
2024.07.22	00:36:18.738	0.96765	0.96765			6
2024.07.22	00:36:18.768	0.96767	0.96767			6
2024.07.22	00:36:18.798	0.96766	0.96766			6
2024.07.22	00:36:19.761	0.96765	0.96765			6
2024.07.22	00:36:21.917	0.96764	0.96764			6
2024.07.22	00:36:23.042	0.96763	0.96763			6
2024.07.22	00:36:23.720	0.96764	0.96764			6
2024.07.22	00:36:24.771	0.96763	0.96763			6
2024.07.22	00:36:25.637	0.96764	0.96764			6
2024.07.22	00:36:27.781	0.96765	0.96765			6
2024.07.22	00:36:30.250	0.96766	0.96766			6
2024.07.22	00:36:30.385	0.96764	0.96764			6
2024.07.22	00:36:30.864	0.96765	0.96765			6
2024.07.22	00:36:32.653	0.96764	0.96764			6
2024.07.22	00:36:33.860	0.96765	0.96765			6
2024.07.22	00:36:34.105	0.96766	0.96766			6
2024.07.22	00:36:34.166	0.96765	0.96765			6
2024.07.22	00:36:36.334	0.96766	0.96766			6
2024.07.22	00:36:37.375	0.96767	0.96767			6
2024.07.22	00:36:37.405	0.96775	0.96775			6
2024.07.22	00:36:37.436	0.96764	0.96764			6
2024.07.22	00:36:37.464	0.96766	0.96766			6
2024.07.22	00:36:38.387	0.96764	0.96764			6
2024.07.22	00:36:39.017	0.96765	0.96765			6
2024.07.22	00:36:39.406	0.96772	0.96772			6
2024.07.22	00:36:39.436	0.96763	0.96763			6
2024.07.22	00:36:40.454	0.96762	0.96762			6
2024.07.22	00:36:45.133	0.96763	0.96763			6
2024.07.22	00:36:45.192	0.96765	0.96765			6
2024.07.22	00:36:45.373	0.96767	0.96767			6
2024.07.22	00:36:45.434	0.96766	0.96766			6
2024.07.22	00:36:51.278	0.96765	0.96765			6
2024.07.22	00:36:54.782	0.96759	0.96759			6
2024.07.22	00:36:54.842	0.96760	0.96760			6
2024.07.22	00:36:55.216	0.96761	0.96761			6
2024.07.22	00:36:56.182	0.96762	0.96762			6
2024.07.22	00:36:57.915	0.96761	0.96761			6
2024.07.22	00:36:57.959	0.96760	0.96760			6
2024.07.22	00:36:57.990	0.96761	0.96761			6
2024.07.22	00:36:58.263	0.96762	0.96762			6
2024.07.22	00:37:01.768	0.96761	0.96761			6
2024.07.22	00:37:08.704	0.96762	0.96762			6
2024.07.22	00:37:08.734	0.96761	0.96761			6
2024.07.22	00:37:08.794	0.96759	0.96759			6
2024.07.22	00:37:08.945	0.96771	0.96771			6
2024.07.22	00:37:09.004	0.96759	0.96759			6
2024.07.22	00:37:09.034	0.96771	0.96771			6
2024.07.22	00:37:09.094	0.96776	0.96776			6
2024.07.22	00:37:09.155	0.96763	0.96763			6
2024.07.22	00:37:09.214	0.96776	0.96776			6
2024.07.22	00:37:09.332	0.96769	0.96769			6
2024.07.22	00:37:09.666	0.96770	0.96770			6
2024.07.22	00:37:10.928	0.96772	0.96772			6
2024.07.22	00:37:10.987	0.96783	0.96783			6
2024.07.22	00:37:11.018	0.96781	0.96781			6
2024.07.22	00:37:11.414	0.96776	0.96776			6
2024.07.22	00:37:11.472	0.96773	0.96773			6
2024.07.22	00:37:11.565	0.96783	0.96783			6
2024.07.22	00:37:11.655	0.96772	0.96772			6
2024.07.22	00:37:11.687	0.96780	0.96780			6
2024.07.22	00:37:11.715	0.96776	0.96776			6
2024.07.22	00:37:11.866	0.96775	0.96775			6
2024.07.22	00:37:12.154	0.96770	0.96770			6
2024.07.22	00:37:12.215	0.96773	0.96773			6
2024.07.22	00:37:12.245	0.96777	0.96777			6
2024.07.22	00:37:12.335	0.96771	0.96771			6
2024.07.22	00:37:12.365	0.96761	0.96761			6
2024.07.22	00:37:12.425	0.96760	0.96760			6
2024.07.22	00:37:12.486	0.96769	0.96769			6
2024.07.22	00:37:14.498	0.96776	0.96776			6
2024.07.22	00:37:14.527	0.96773	0.96773			6
2024.07.22	00:37:14.557	0.96764	0.96764			6
2024.07.22	00:37:14.617	0.96774	0.96774			6
2024.07.22	00:37:14.648	0.96777	0.96777			6
2024.07.22	00:37:14.677	0.96772	0.96772			6
2024.07.22	00:37:14.707	0.96776	0.96776			6
2024.07.22	00:37:14.862	0.96766	0.96766			6
2024.07.22	00:37:14.923	0.96776	0.96776			6
2024.07.22	00:37:15.140	0.96762	0.96762			6
2024.07.22	00:37:15.200	0.96761	0.96761			6
2024.07.22	00:37:15.259	0.96762	0.96762			6
2024.07.22	00:37:15.379	0.96778	0.96778			6
2024.07.22	00:37:15.411	0.96769	0.96769			6
2024.07.22	00:37:15.470	0.96772	0.96772			6
2024.07.22	00:37:15.501	0.96769	0.96769			6
2024.07.22	00:37:15.562	0.96777	0.96777			6
2024.07.22	00:37:16.068	0.96764	0.96764			6
2024.07.22	00:37:16.129	0.96765	0.96765			6
2024.07.22	00:37:16.159	0.96762	0.96762			6
2024.07.22	00:37:17.159	0.96767	0.96767			6
2024.07.22	00:37:17.190	0.96780	0.96780			6
2024.07.22	00:37:17.220	0.96772	0.96772			6
2024.07.22	00:37:17.315	0.96764	0.96764			6
2024.07.22	00:37:17.405	0.96778	0.96778			6
2024.07.22	00:37:17.434	0.96764	0.96764			6
2024.07.22	00:37:17.494	0.96773	0.96773			6
2024.07.22	00:37:17.556	0.96777	0.96777			6
2024.07.22	00:37:17.586	0.96773	0.96773			6
2024.07.22	00:37:17.616	0.96771	0.96771			6
2024.07.22	00:37:17.677	0.96785	0.96785			6
2024.07.22	00:37:18.171	0.96772	0.96772			6
2024.07.22	00:37:18.200	0.96769	0.96769			6
2024.07.22	00:37:18.230	0.96772	0.96772			6
2024.07.22	00:37:18.261	0.96764	0.96764			6
2024.07.22	00:37:18.321	0.96765	0.96765			6
2024.07.22	00:37:18.351	0.96777	0.96777			6
2024.07.22	00:37:18.381	0.96772	0.96772			6
2024.07.22	00:37:18.412	0.96769	0.96769			6
2024.07.22	00:37:18.442	0.96771	0.96771			6
2024.07.22	00:37:18.471	0.96770	0.96770			6
2024.07.22	00:37:18.531	0.96769	0.96769			6
2024.07.22	00:37:18.560	0.96774	0.96774			6
2024.07.22	00:37:18.592	0.96762	0.96762			6
2024.07.22	00:37:18.621	0.96765	0.96765			6
2024.07.22	00:37:18.651	0.96754	0.96754			6
2024.07.22	00:37:18.682	0.96752	0.96752			6
2024.07.22	00:37:18.711	0.96753	0.96753			6
2024.07.22	00:37:18.742	0.96752	0.96752			6
2024.07.22	00:37:19.153	0.96749	0.96749			6
2024.07.22	00:37:19.303	0.96751	0.96751			6
2024.07.22	00:37:20.658	0.96754	0.96754			6
2024.07.22	00:37:20.747	0.96756	0.96756			6
2024.07.22	00:37:20.778	0.96757	0.96757			6
2024.07.22	00:37:21.213	0.96764	0.96764			6
2024.07.22	00:37:21.716	0.96765	0.96765			6
2024.07.22	00:37:21.807	0.96766	0.96766			6
2024.07.22	00:37:21.927	0.96765	0.96765			6
2024.07.22	00:37:22.753	0.96764	0.96764			6
2024.07.22	00:37:22.812	0.96763	0.96763			6
2024.07.22	00:37:23.257	0.96764	0.96764			6
2024.07.22	00:37:26.443	0.96763	0.96763			6
2024.07.22	00:37:27.756	0.96762	0.96762			6
2024.07.22	00:37:28.218	0.96763	0.96763			6
2024.07.22	00:37:32.118	0.96764	0.96764			6
2024.07.22	00:37:37.143	0.96763	0.96763			6
2024.07.22	00:37:42.337	0.96764	0.96764			6
2024.07.22	00:37:42.367	0.96763	0.96763			6
2024.07.22	00:37:45.082	0.96764	0.96764			6
2024.07.22	00:37:46.682	0.96762	0.96762			6
2024.07.22	00:37:46.933	0.96764	0.96764			6
2024.07.22	00:37:48.473	0.96763	0.96763			6
2024.07.22	00:37:48.846	0.96762	0.96762			6
2024.07.22	00:37:50.440	0.96763	0.96763			6
2024.07.22	00:37:50.469	0.96764	0.96764			6
2024.07.22	00:37:50.499	0.96760	0.96760			6
2024.07.22	00:37:50.589	0.96761	0.96761			6
2024.07.22	00:37:51.022	0.96762	0.96762			6
2024.07.22	00:37:52.131	0.96761	0.96761			6
2024.07.22	00:37:52.951	0.96759	0.96759			6
2024.07.22	00:37:53.499	0.96760	0.96760			6
2024.07.22	00:37:53.725	0.96761	0.96761			6
2024.07.22	00:37:53.921	0.96762	0.96762			6
2024.07.22	00:37:54.056	0.96760	0.96760			6
2024.07.22	00:37:54.084	0.96759	0.96759			6
2024.07.22	00:38:00.253	0.96760	0.96760			6
2024.07.22	00:38:02.201	0.96761	0.96761			6
2024.07.22	00:38:03.553	0.96760	0.96760			6
2024.07.22	00:38:06.389	0.96761	0.96761			6
2024.07.22	00:38:06.449	0.96760	0.96760			6
2024.07.22	00:38:06.887	0.96759	0.96759			6
2024.07.22	00:38:06.917	0.96760	0.96760			6
2024.07.22	00:38:06.948	0.96762	0.96762			6
2024.07.22	00:38:07.419	0.96761	0.96761			6
2024.07.22	00:38:07.509	0.96762	0.96762			6
2024.07.22	00:38:14.650	0.96763	0.96763			6
2024.07.22	00:38:16.270	0.96759	0.96759			6
2024.07.22	00:38:16.747	0.96761	0.96761			6
2024.07.22	00:38:17.759	0.96759	0.96759			6
2024.07.22	00:38:18.726	0.96761	0.96761			6
2024.07.22	00:38:24.530	0.96762	0.96762			6
2024.07.22	00:38:29.622	0.96761	0.96761			6
2024.07.22	00:38:30.127	0.96760	0.96760			6
2024.07.22	00:38:30.186	0.96761	0.96761			6
2024.07.22	00:38:30.216	0.96762	0.96762			6
2024.07.22	00:38:31.325	0.96763	0.96763			6
2024.07.22	00:38:32.397	0.96762	0.96762			6
2024.07.22	00:38:32.486	0.96761	0.96761			6
2024.07.22	00:38:32.909	0.96759	0.96759			6
2024.07.22	00:38:33.405	0.96762	0.96762			6
2024.07.22	00:38:33.434	0.96763	0.96763			6
2024.07.22	00:38:35.195	0.96764	0.96764			6
2024.07.22	00:38:35.226	0.96766	0.96766			6
2024.07.22	00:38:35.256	0.96767	0.96767			6
2024.07.22	00:38:35.316	0.96768	0.96768			6
2024.07.22	00:38:35.408	0.96763	0.96763			6
2024.07.22	00:38:37.722	0.96762	0.96762			6
2024.07.22	00:38:37.782	0.96761	0.96761			6
2024.07.22	00:38:37.842	0.96763	0.96763			6
2024.07.22	00:38:38.499	0.96765	0.96765			6
2024.07.22	00:38:39.782	0.96764	0.96764			6
2024.07.22	00:38:40.255	0.96765	0.96765			6
2024.07.22	00:38:43.662	0.96766	0.96766			6
2024.07.22	00:38:43.692	0.96765	0.96765			6
2024.07.22	00:38:45.913	0.96766	0.96766			6
2024.07.22	00:38:47.447	0.96765	0.96765			6
2024.07.22	00:38:47.954	0.96766	0.96766			6
2024.07.22	00:38:49.701	0.96765	0.96765			6
2024.07.22	00:38:50.044	0.96766	0.96766			6
2024.07.22	00:38:52.247	0.96765	0.96765			6
2024.07.22	00:38:55.663	0.96766	0.96766			6
2024.07.22	00:38:56.631	0.96765	0.96765			6
2024.07.22	00:38:57.312	0.96766	0.96766			6
2024.07.22	00:38:58.741	0.96767	0.96767			6
2024.07.22	00:39:00.222	0.96772	0.96772			6
2024.07.22	00:39:00.282	0.96766	0.96766			6
2024.07.22	00:39:01.727	0.96765	0.96765			6
2024.07.22	00:39:03.885	0.96764	0.96764			6
2024.07.22	00:39:06.300	0.96765	0.96765			6
2024.07.22	00:39:06.329	0.96764	0.96764			6
2024.07.22	00:39:07.444	0.96765	0.96765			6
2024.07.22	00:39:08.646	0.96764	0.96764			6
2024.07.22	00:39:09.916	0.96765	0.96765			6
2024.07.22	00:39:11.039	0.96766	0.96766			6
2024.07.22	00:39:13.731	0.96765	0.96765			6
2024.07.22	00:39:15.602	0.96766	0.96766			6
2024.07.22	00:39:18.693	0.96765	0.96765			6
2024.07.22	00:39:18.769	0.96766	0.96766			6
2024.07.22	00:39:18.909	0.96769	0.96769			6
2024.07.22	00:39:19.342	0.96766	0.96766			6
2024.07.22	00:39:19.813	0.96765	0.96765			6
2024.07.22	00:39:19.843	0.96764	0.96764			6
2024.07.22	00:39:21.414	0.96765	0.96765			6
2024.07.22	00:39:23.121	0.96766	0.96766			6
2024.07.22	00:39:23.211	0.96767	0.96767			6
2024.07.22	00:39:23.446	0.96766	0.96766			6
2024.07.22	00:39:30.640	0.96775	0.96775			6
2024.07.22	00:39:30.671	0.96773	0.96773			6
2024.07.22	00:39:30.911	0.96775	0.96775			6
2024.07.22	00:39:30.941	0.96771	0.96771			6
2024.07.22	00:39:30.971	0.96769	0.96769			6
2024.07.22	00:39:31.271	0.96768	0.96768			6
2024.07.22	00:39:31.962	0.96767	0.96767			6
2024.07.22	00:39:31.992	0.96764	0.96764			6
2024.07.22	00:39:32.051	0.96765	0.96765			6
2024.07.22	00:39:32.467	0.96764	0.96764			6
2024.07.22	00:39:32.497	0.96763	0.96763			6
2024.07.22	00:39:32.529	0.96765	0.96765			6
2024.07.22	00:39:32.558	0.96764	0.96764			6
2024.07.22	00:39:39.028	0.96766	0.96766			6
2024.07.22	00:39:39.058	0.96765	0.96765			6
2024.07.22	00:39:40.778	0.96762	0.96762			6
2024.07.22	00:39:40.839	0.96764	0.96764			6
2024.07.22	00:39:40.869	0.96766	0.96766			6
2024.07.22	00:39:40.899	0.96769	0.96769			6
2024.07.22	00:39:40.929	0.96765	0.96765			6
2024.07.22	00:39:42.356	0.96764	0.96764			6
2024.07.22	00:39:43.258	0.96767	0.96767			6
2024.07.22	00:39:43.286	0.96766	0.96766			6
2024.07.22	00:39:43.758	0.96765	0.96765			6
2024.07.22	00:39:44.287	0.96764	0.96764			6
2024.07.22	00:39:45.562	0.96765	0.96765			6
2024.07.22	00:39:46.902	0.96766	0.96766			6
2024.07.22	00:39:47.769	0.96767	0.96767			6
2024.07.22	00:39:47.895	0.96766	0.96766			6
2024.07.22	00:39:47.955	0.96765	0.96765			6
2024.07.22	00:39:53.500	0.96767	0.96767			6
2024.07.22	00:39:53.561	0.96766	0.96766			6
2024.07.22	00:39:55.081	0.96770	0.96770			6
2024.07.22	00:39:56.354	0.96769	0.96769			6
2024.07.22	00:39:56.504	0.96770	0.96770			6
2024.07.22	00:39:57.513	0.96771	0.96771			6
2024.07.22	00:39:57.632	0.96770	0.96770			6
2024.07.22	00:39:58.955	0.96769	0.96769			6
2024.07.22	00:40:00.517	0.96770	0.96770			6
2024.07.22	00:40:00.578	0.96766	0.96766			6
2024.07.22	00:40:00.607	0.96765	0.96765			6
2024.07.22	00:40:07.620	0.96769	0.96769			6
2024.07.22	00:40:19.008	0.96770	0.96770			6
2024.07.22	00:40:19.039	0.96772	0.96772			6
2024.07.22	00:40:19.068	0.96770	0.96770			6
2024.07.22	00:40:25.167	0.96769	0.96769			6
2024.07.22	00:40:39.741	0.96770	0.96770			6
2024.07.22	00:40:45.524	0.96769	0.96769			6
2024.07.22	00:40:48.128	0.96770	0.96770			6
2024.07.22	00:40:48.498	0.96769	0.96769			6
2024.07.22	00:40:48.558	0.96768	0.96768			6
2024.07.22	00:40:56.282	0.96769	0.96769			6
2024.07.22	00:40:58.751	0.96768	0.96768			6
2024.07.22	00:41:11.351	0.96769	0.96769			6
2024.07.22	00:41:14.181	0.96770	0.96770			6
2024.07.22	00:41:15.223	0.96771	0.96771			6
2024.07.22	00:41:23.057	0.96770	0.96770			6
2024.07.22	00:41:39.742	0.96771	0.96771			6
2024.07.22	00:41:47.653	0.96770	0.96770			6
2024.07.22	00:41:51.842	0.96771	0.96771			6
2024.07.22	00:41:57.528	0.96770	0.96770			6
2024.07.22	00:42:07.121	0.96769	0.96769			6
2024.07.22	00:42:13.415	0.96768	0.96768			6
2024.07.22	00:42:13.504	0.96769	0.96769			6
2024.07.22	00:42:14.536	0.96768	0.96768			6
2024.07.22	00:42:14.915	0.96770	0.96770			6
2024.07.22	00:42:15.861	0.96769	0.96769			6
2024.07.22	00:42:32.547	0.96770	0.96770			6
2024.07.22	00:42:33.032	0.96768	0.96768			6
2024.07.22	00:42:33.063	0.96763	0.96763			6
2024.07.22	00:42:33.092	0.96765	0.96765			6
2024.07.22	00:42:33.123	0.96771	0.96771			6
2024.07.22	00:42:33.153	0.96760	0.96760			6
2024.07.22	00:42:33.182	0.96768	0.96768			6
2024.07.22	00:42:33.213	0.96761	0.96761			6
2024.07.22	00:42:33.241	0.96763	0.96763			6
2024.07.22	00:42:33.512	0.96762	0.96762			6
2024.07.22	00:42:33.602	0.96763	0.96763			6
2024.07.22	00:42:36.387	0.96762	0.96762			6
2024.07.22	00:42:38.346	0.96763	0.96763			6
2024.07.22	00:42:44.645	0.96764	0.96764			6
2024.07.22	00:42:49.899	0.96760	0.96760			6
2024.07.22	00:42:52.243	0.96758	0.96758			6
2024.07.22	00:42:56.682	0.96759	0.96759			6
2024.07.22	00:42:56.712	0.96762	0.96762			6
2024.07.22	00:42:56.742	0.96764	0.96764			6
2024.07.22	00:42:59.331	0.96772	0.96772			6
2024.07.22	00:42:59.360	0.96774	0.96774			6
2024.07.22	00:42:59.391	0.96773	0.96773			6
2024.07.22	00:42:59.451	0.96774	0.96774			6
2024.07.22	00:42:59.807	0.96775	0.96775			6
2024.07.22	00:43:00.221	0.96776	0.96776			6
2024.07.22	00:43:00.821	0.96777	0.96777			6
2024.07.22	00:43:01.548	0.96770	0.96770			6
2024.07.22	00:43:01.638	0.96773	0.96773			6
2024.07.22	00:43:01.729	0.96770	0.96770			6
2024.07.22	00:43:02.126	0.96771	0.96771			6
2024.07.22	00:43:02.186	0.96769	0.96769			6
2024.07.22	00:43:02.261	0.96771	0.96771			6
2024.07.22	00:43:02.292	0.96772	0.96772			6
2024.07.22	00:43:02.413	0.96773	0.96773			6
2024.07.22	00:43:02.473	0.96770	0.96770			6
2024.07.22	00:43:02.504	0.96773	0.96773			6
2024.07.22	00:43:02.713	0.96768	0.96768			6
2024.07.22	00:43:03.654	0.96771	0.96771			6
2024.07.22	00:43:03.684	0.96769	0.96769			6
2024.07.22	00:43:03.714	0.96767	0.96767			6
2024.07.22	00:43:04.059	0.96770	0.96770			6
2024.07.22	00:43:04.128	0.96772	0.96772			6
2024.07.22	00:43:04.158	0.96768	0.96768			6
2024.07.22	00:43:04.189	0.96770	0.96770			6
2024.07.22	00:43:04.220	0.96768	0.96768			6
2024.07.22	00:43:04.249	0.96770	0.96770			6
2024.07.22	00:43:06.233	0.96771	0.96771			6
2024.07.22	00:43:07.276	0.96769	0.96769			6
2024.07.22	00:43:07.306	0.96766	0.96766			6
2024.07.22	00:43:07.336	0.96765	0.96765			6
2024.07.22	00:43:07.865	0.96762	0.96762			6
2024.07.22	00:43:09.756	0.96760	0.96760			6
2024.07.22	00:43:10.229	0.96761	0.96761			6
2024.07.22	00:43:10.446	0.96760	0.96760			6
2024.07.22	00:43:11.325	0.96761	0.96761			6
2024.07.22	00:43:13.448	0.96762	0.96762			6
2024.07.22	00:43:18.548	0.96761	0.96761			6
2024.07.22	00:43:19.762	0.96762	0.96762			6
2024.07.22	00:43:20.172	0.96760	0.96760			6
2024.07.22	00:43:20.232	0.96759	0.96759			6
2024.07.22	00:43:20.261	0.96760	0.96760			6
2024.07.22	00:43:20.589	0.96759	0.96759			6
2024.07.22	00:43:23.493	0.96760	0.96760			6
2024.07.22	00:43:47.026	0.96761	0.96761			6
2024.07.22	00:43:49.426	0.96760	0.96760			6
2024.07.22	00:43:51.534	0.96761	0.96761			6
2024.07.22	00:44:11.941	0.96762	0.96762			6
2024.07.22	00:44:20.340	0.96761	0.96761			6
2024.07.22	00:44:26.321	0.96762	0.96762			6
2024.07.22	00:44:35.627	0.96761	0.96761			6
2024.07.22	00:44:36.853	0.96762	0.96762			6
2024.07.22	00:44:41.260	0.96761	0.96761			6
2024.07.22	00:44:47.630	0.96762	0.96762			6
2024.07.22	00:45:25.585	0.96764	0.96764			6
2024.07.22	00:45:46.038	0.96767	0.96767			6
2024.07.22	00:45:46.068	0.96766	0.96766			6
2024.07.22	00:45:46.096	0.96769	0.96769			6
2024.07.22	00:45:46.186	0.96770	0.96770			6
2024.07.22	00:45:46.248	0.96776	0.96776			6
2024.07.22	00:45:46.277	0.96774	0.96774			6
2024.07.22	00:45:46.308	0.96767	0.96767			6
2024.07.22	00:45:46.336	0.96774	0.96774			6
2024.07.22	00:45:46.366	0.96771	0.96771			6
2024.07.22	00:45:46.397	0.96765	0.96765			6
2024.07.22	00:45:46.427	0.96761	0.96761			6
2024.07.22	00:45:46.457	0.96775	0.96775			6
2024.07.22	00:45:46.487	0.96776	0.96776			6
2024.07.22	00:45:46.517	0.96774	0.96774			6
2024.07.22	00:45:46.609	0.96764	0.96764			6
2024.07.22	00:45:46.639	0.96765	0.96765			6
2024.07.22	00:45:46.668	0.96764	0.96764			6
2024.07.22	00:45:46.698	0.96766	0.96766			6
2024.07.22	00:45:46.819	0.96758	0.96758			6
2024.07.22	00:45:46.878	0.96761	0.96761			6
2024.07.22	00:45:46.937	0.96765	0.96765			6
2024.07.22	00:45:46.968	0.96769	0.96769			6
2024.07.22	00:45:47.350	0.96773	0.96773			6
2024.07.22	00:45:47.379	0.96772	0.96772			6
2024.07.22	00:45:47.621	0.96771	0.96771			6
2024.07.22	00:45:47.742	0.96772	0.96772			6
2024.07.22	00:45:47.802	0.96775	0.96775			6
2024.07.22	00:45:49.518	0.96771	0.96771			6
2024.07.22	00:45:49.548	0.96777	0.96777			6
2024.07.22	00:45:49.610	0.96770	0.96770			6
2024.07.22	00:45:51.918	0.96762	0.96762			6
2024.07.22	00:45:52.470	0.96763	0.96763			6
2024.07.22	00:45:52.904	0.96762	0.96762			6
2024.07.22	00:45:53.340	0.96763	0.96763			6
2024.07.22	00:45:55.697	0.96765	0.96765			6
2024.07.22	00:45:57.248	0.96764	0.96764			6
2024.07.22	00:45:58.589	0.96763	0.96763			6
2024.07.22	00:45:58.621	0.96765	0.96765			6
2024.07.22	00:45:59.697	0.96764	0.96764			6
2024.07.22	00:46:00.177	0.96762	0.96762			6
2024.07.22	00:46:02.930	0.96761	0.96761			6
2024.07.22	00:46:03.200	0.96762	0.96762			6
2024.07.22	00:46:30.598	0.96760	0.96760			6
2024.07.22	00:46:30.716	0.96759	0.96759			6
2024.07.22	00:46:32.650	0.96758	0.96758			6
2024.07.22	00:46:33.853	0.96759	0.96759			6
2024.07.22	00:46:35.631	0.96758	0.96758			6
2024.07.22	00:46:42.848	0.96759	0.96759			6
2024.07.22	00:46:44.328	0.96758	0.96758			6
2024.07.22	00:46:46.596	0.96756	0.96756			6
2024.07.22	00:46:47.061	0.96757	0.96757			6
2024.07.22	00:46:47.488	0.96759	0.96759			6
2024.07.22	00:46:49.166	0.96758	0.96758			6
2024.07.22	00:46:49.735	0.96759	0.96759			6
2024.07.22	00:46:58.877	0.96758	0.96758			6
2024.07.22	00:46:58.966	0.96756	0.96756			6
2024.07.22	00:46:58.996	0.96753	0.96753			6
2024.07.22	00:46:59.027	0.96751	0.96751			6
2024.07.22	00:46:59.116	0.96754	0.96754			6
2024.07.22	00:46:59.147	0.96751	0.96751			6
2024.07.22	00:46:59.177	0.96755	0.96755			6
2024.07.22	00:46:59.208	0.96751	0.96751			6
2024.07.22	00:46:59.238	0.96754	0.96754			6
2024.07.22	00:46:59.267	0.96751	0.96751			6
2024.07.22	00:46:59.297	0.96755	0.96755			6
2024.07.22	00:46:59.507	0.96756	0.96756			6
2024.07.22	00:46:59.569	0.96753	0.96753			6
2024.07.22	00:46:59.628	0.96752	0.96752			6
2024.07.22	00:46:59.948	0.96755	0.96755			6
2024.07.22	00:46:59.979	0.96754	0.96754			6
2024.07.22	00:47:00.039	0.96756	0.96756			6
2024.07.22	00:47:00.069	0.96754	0.96754			6
2024.07.22	00:47:00.100	0.96755	0.96755			6
2024.07.22	00:47:00.189	0.96757	0.96757			6
2024.07.22	00:47:00.429	0.96753	0.96753			6
2024.07.22	00:47:00.929	0.96757	0.96757			6
2024.07.22	00:47:00.959	0.96754	0.96754			6
2024.07.22	00:47:01.259	0.96757	0.96757			6
2024.07.22	00:47:01.321	0.96756	0.96756			6
2024.07.22	00:47:01.351	0.96755	0.96755			6
2024.07.22	00:47:01.412	0.96756	0.96756			6
2024.07.22	00:47:01.680	0.96757	0.96757			6
2024.07.22	00:47:01.771	0.96756	0.96756			6
2024.07.22	00:47:01.862	0.96755	0.96755			6
2024.07.22	00:47:02.642	0.96756	0.96756			6
2024.07.22	00:47:02.883	0.96757	0.96757			6
2024.07.22	00:47:06.860	0.96758	0.96758			6
2024.07.22	00:47:08.111	0.96757	0.96757			6
2024.07.22	00:47:08.941	0.96758	0.96758			6
2024.07.22	00:47:11.396	0.96759	0.96759			6
2024.07.22	00:47:12.825	0.96758	0.96758			6
2024.07.22	00:47:16.277	0.96759	0.96759			6
2024.07.22	00:47:17.496	0.96758	0.96758			6
2024.07.22	00:47:24.447	0.96760	0.96760			6
2024.07.22	00:47:27.091	0.96759	0.96759			6
2024.07.22	00:47:36.787	0.96760	0.96760			6
2024.07.22	00:47:46.604	0.96758	0.96758			6
2024.07.22	00:47:47.489	0.96760	0.96760			6
2024.07.22	00:47:47.565	0.96761	0.96761			6
2024.07.22	00:47:47.941	0.96760	0.96760			6
2024.07.22	00:47:50.495	0.96761	0.96761			6
2024.07.22	00:47:52.295	0.96762	0.96762			6
2024.07.22	00:47:54.050	0.96765	0.96765			6
2024.07.22	00:47:55.600	0.96764	0.96764			6
2024.07.22	00:47:55.660	0.96763	0.96763			6
2024.07.22	00:47:59.062	0.96762	0.96762			6
2024.07.22	00:48:46.582	0.96761	0.96761			6
2024.07.22	00:48:47.525	0.96762	0.96762			6
2024.07.22	00:48:49.425	0.96763	0.96763			6
2024.07.22	00:48:49.454	0.96772	0.96772			6
2024.07.22	00:48:49.665	0.96773	0.96773			6
2024.07.22	00:48:49.876	0.96771	0.96771			6
2024.07.22	00:48:50.028	0.96775	0.96775			6
2024.07.22	00:48:50.268	0.96777	0.96777			6
2024.07.22	00:48:50.328	0.96775	0.96775			6
2024.07.22	00:48:50.388	0.96779	0.96779			6
2024.07.22	00:48:50.713	0.96780	0.96780			6
2024.07.22	00:48:50.923	0.96781	0.96781			6
2024.07.22	00:48:51.285	0.96782	0.96782			6
2024.07.22	00:48:51.346	0.96781	0.96781			6
2024.07.22	00:48:51.466	0.96780	0.96780			6
2024.07.22	00:48:51.768	0.96778	0.96778			6
2024.07.22	00:48:51.798	0.96780	0.96780			6
2024.07.22	00:48:58.144	0.96781	0.96781			6
2024.07.22	00:48:59.345	0.96780	0.96780			6
2024.07.22	00:49:19.150	0.96779	0.96779			6
2024.07.22	00:49:44.611	0.96778	0.96778			6
2024.07.22	00:49:44.641	0.96779	0.96779			6
2024.07.22	00:49:44.732	0.96777	0.96777			6
2024.07.22	00:49:45.035	0.96779	0.96779			6
2024.07.22	00:49:45.185	0.96778	0.96778			6
2024.07.22	00:49:45.275	0.96781	0.96781			6
2024.07.22	00:49:45.455	0.96782	0.96782			6
2024.07.22	00:49:45.816	0.96780	0.96780			6
2024.07.22	00:49:45.845	0.96779	0.96779			6
2024.07.22	00:49:45.876	0.96782	0.96782			6
2024.07.22	00:49:45.905	0.96783	0.96783			6
2024.07.22	00:49:45.936	0.96781	0.96781			6
2024.07.22	00:49:45.966	0.96782	0.96782			6
2024.07.22	00:49:46.056	0.96779	0.96779			6
2024.07.22	00:49:46.146	0.96777	0.96777			6
2024.07.22	00:49:46.176	0.96780	0.96780			6
2024.07.22	00:49:46.206	0.96779	0.96779			6
2024.07.22	00:49:46.236	0.96777	0.96777			6
2024.07.22	00:49:46.295	0.96776	0.96776			6
2024.07.22	00:49:46.326	0.96779	0.96779			6
2024.07.22	00:49:46.416	0.96778	0.96778			6
2024.07.22	00:49:46.447	0.96779	0.96779			6
2024.07.22	00:49:46.536	0.96778	0.96778			6
2024.07.22	00:49:46.566	0.96777	0.96777			6
2024.07.22	00:49:46.596	0.96775	0.96775			6
2024.07.22	00:49:46.626	0.96777	0.96777			6
2024.07.22	00:49:46.726	0.96778	0.96778			6
2024.07.22	00:49:46.785	0.96779	0.96779			6
2024.07.22	00:49:46.876	0.96777	0.96777			6
2024.07.22	00:49:46.966	0.96776	0.96776			6
2024.07.22	00:49:47.088	0.96778	0.96778			6
2024.07.22	00:49:47.148	0.96777	0.96777			6
2024.07.22	00:49:47.208	0.96778	0.96778			6
2024.07.22	00:49:47.630	0.96776	0.96776			6
2024.07.22	00:49:47.809	0.96777	0.96777			6
2024.07.22	00:49:47.929	0.96778	0.96778			6
2024.07.22	00:49:47.959	0.96777	0.96777			6
2024.07.22	00:49:48.019	0.96778	0.96778			6
2024.07.22	00:49:48.388	0.96780	0.96780			6
2024.07.22	00:49:48.446	0.96778	0.96778			6
2024.07.22	00:49:48.476	0.96779	0.96779			6
2024.07.22	00:49:48.536	0.96778	0.96778			6
2024.07.22	00:49:48.717	0.96776	0.96776			6
2024.07.22	00:49:48.747	0.96777	0.96777			6
2024.07.22	00:49:48.777	0.96776	0.96776			6
2024.07.22	00:49:48.808	0.96778	0.96778			6
2024.07.22	00:49:48.928	0.96777	0.96777			6
2024.07.22	00:49:48.958	0.96778	0.96778			6
2024.07.22	00:49:48.988	0.96772	0.96772			6
2024.07.22	00:49:49.018	0.96771	0.96771			6
2024.07.22	00:49:49.048	0.96769	0.96769			6
2024.07.22	00:49:49.079	0.96772	0.96772			6
2024.07.22	00:49:49.138	0.96768	0.96768			6
2024.07.22	00:49:49.168	0.96770	0.96770			6
2024.07.22	00:49:49.198	0.96774	0.96774			6
2024.07.22	00:49:49.288	0.96772	0.96772			6
2024.07.22	00:49:49.318	0.96777	0.96777			6
2024.07.22	00:49:49.348	0.96778	0.96778			6
2024.07.22	00:49:49.377	0.96777	0.96777			6
2024.07.22	00:49:49.437	0.96780	0.96780			6
2024.07.22	00:49:49.469	0.96779	0.96779			6
2024.07.22	00:49:49.498	0.96778	0.96778			6
2024.07.22	00:49:50.468	0.96779	0.96779			6
2024.07.22	00:49:50.557	0.96778	0.96778			6
2024.07.22	00:49:52.194	0.96777	0.96777			6
2024.07.22	00:49:53.429	0.96778	0.96778			6
2024.07.22	00:50:16.230	0.96780	0.96780			6
2024.07.22	00:50:17.039	0.96778	0.96778			6
2024.07.22	00:50:17.130	0.96779	0.96779			6
2024.07.22	00:50:17.159	0.96778	0.96778			6
2024.07.22	00:50:18.248	0.96779	0.96779			6
2024.07.22	00:50:19.300	0.96778	0.96778			6
2024.07.22	00:50:19.542	0.96777	0.96777			6
2024.07.22	00:50:19.602	0.96776	0.96776			6
2024.07.22	00:50:19.692	0.96775	0.96775			6
2024.07.22	00:50:19.840	0.96773	0.96773			6
2024.07.22	00:50:33.694	0.96774	0.96774			6
2024.07.22	00:50:33.753	0.96773	0.96773			6
2024.07.22	00:50:40.957	0.96775	0.96775			6
2024.07.22	00:50:41.047	0.96776	0.96776			6
2024.07.22	00:50:41.983	0.96775	0.96775			6
2024.07.22	00:50:42.523	0.96774	0.96774			6
2024.07.22	00:50:42.765	0.96773	0.96773			6
2024.07.22	00:50:43.005	0.96774	0.96774			6
2024.07.22	00:50:43.441	0.96777	0.96777			6
2024.07.22	00:50:43.470	0.96775	0.96775			6
2024.07.22	00:50:43.501	0.96774	0.96774			6
2024.07.22	00:50:43.652	0.96773	0.96773			6
2024.07.22	00:50:43.682	0.96772	0.96772			6
2024.07.22	00:50:43.771	0.96773	0.96773			6
2024.07.22	00:50:44.104	0.96774	0.96774			6
2024.07.22	00:50:44.261	0.96775	0.96775			6
2024.07.22	00:50:47.332	0.96774	0.96774			6
2024.07.22	00:50:48.062	0.96775	0.96775			6
2024.07.22	00:50:57.251	0.96774	0.96774			6
2024.07.22	00:50:57.341	0.96775	0.96775			6
2024.07.22	00:50:57.702	0.96776	0.96776			6
2024.07.22	00:50:57.793	0.96775	0.96775			6
2024.07.22	00:50:58.095	0.96774	0.96774			6
2024.07.22	00:50:58.337	0.96773	0.96773			6
2024.07.22	00:50:58.367	0.96775	0.96775			6
2024.07.22	00:50:58.456	0.96773	0.96773			6
2024.07.22	00:51:04.108	0.96774	0.96774			6
2024.07.22	00:51:04.198	0.96773	0.96773			6
2024.07.22	00:51:04.470	0.96774	0.96774			6
2024.07.22	00:51:05.947	0.96773	0.96773			6
2024.07.22	00:51:07.818	0.96771	0.96771			6
2024.07.22	00:51:07.848	0.96772	0.96772			6
2024.07.22	00:51:07.938	0.96773	0.96773			6
2024.07.22	00:51:07.998	0.96772	0.96772			6
2024.07.22	00:51:08.029	0.96771	0.96771			6
2024.07.22	00:51:08.419	0.96770	0.96770			6
2024.07.22	00:51:08.479	0.96771	0.96771			6
2024.07.22	00:51:08.569	0.96770	0.96770			6
2024.07.22	00:51:08.629	0.96769	0.96769			6
2024.07.22	00:51:08.659	0.96770	0.96770			6
2024.07.22	00:51:08.690	0.96771	0.96771			6
2024.07.22	00:51:08.719	0.96772	0.96772			6
2024.07.22	00:51:08.960	0.96771	0.96771			6
2024.07.22	00:51:08.989	0.96772	0.96772			6
2024.07.22	00:51:09.049	0.96771	0.96771			6
2024.07.22	00:51:09.139	0.96772	0.96772			6
2024.07.22	00:51:09.440	0.96773	0.96773			6
2024.07.22	00:51:09.833	0.96772	0.96772			6
2024.07.22	00:51:10.208	0.96771	0.96771			6
2024.07.22	00:51:10.301	0.96772	0.96772			6
2024.07.22	00:51:10.332	0.96773	0.96773			6
2024.07.22	00:51:10.421	0.96774	0.96774			6
2024.07.22	00:51:10.632	0.96772	0.96772			6
2024.07.22	00:51:10.723	0.96774	0.96774			6
2024.07.22	00:51:10.932	0.96773	0.96773			6
2024.07.22	00:51:11.082	0.96774	0.96774			6
2024.07.22	00:51:11.142	0.96773	0.96773			6
2024.07.22	00:51:11.202	0.96774	0.96774			6
2024.07.22	00:51:11.232	0.96775	0.96775			6
2024.07.22	00:51:11.293	0.96774	0.96774			6
2024.07.22	00:51:11.323	0.96772	0.96772			6
2024.07.22	00:51:12.138	0.96773	0.96773			6
2024.07.22	00:51:12.348	0.96772	0.96772			6
2024.07.22	00:51:16.772	0.96771	0.96771			6
2024.07.22	00:51:16.861	0.96772	0.96772			6
2024.07.22	00:51:16.981	0.96773	0.96773			6
2024.07.22	00:51:17.011	0.96772	0.96772			6
2024.07.22	00:51:17.042	0.96773	0.96773			6
2024.07.22	00:51:17.689	0.96776	0.96776			6
2024.07.22	00:51:17.718	0.96775	0.96775			6
2024.07.22	00:51:17.750	0.96776	0.96776			6
2024.07.22	00:51:19.246	0.96777	0.96777			6
2024.07.22	00:51:19.731	0.96776	0.96776			6
2024.07.22	00:51:19.770	0.96775	0.96775			6
2024.07.22	00:51:19.800	0.96773	0.96773			6
2024.07.22	00:51:20.214	0.96772	0.96772			6
2024.07.22	00:51:20.304	0.96771	0.96771			6
2024.07.22	00:51:21.241	0.96772	0.96772			6
2024.07.22	00:51:22.260	0.96771	0.96771			6
2024.07.22	00:51:24.304	0.96770	0.96770			6
2024.07.22	00:51:25.287	0.96771	0.96771			6
2024.07.22	00:51:25.673	0.96772	0.96772			6
2024.07.22	00:51:26.239	0.96771	0.96771			6
2024.07.22	00:51:29.920	0.96772	0.96772			6
2024.07.22	00:51:30.256	0.96771	0.96771			6
2024.07.22	00:51:32.240	0.96772	0.96772			6
2024.07.22	00:51:33.261	0.96771	0.96771			6
2024.07.22	00:51:35.923	0.96772	0.96772			6
2024.07.22	00:51:36.275	0.96771	0.96771			6
2024.07.22	00:51:39.268	0.96772	0.96772			6
2024.07.22	00:51:40.256	0.96771	0.96771			6
2024.07.22	00:51:40.460	0.96770	0.96770			6
2024.07.22	00:51:40.490	0.96769	0.96769			6
2024.07.22	00:51:40.519	0.96770	0.96770			6
2024.07.22	00:51:41.354	0.96771	0.96771			6
2024.07.22	00:51:41.384	0.96774	0.96774			6
2024.07.22	00:51:41.443	0.96778	0.96778			6
2024.07.22	00:51:41.475	0.96777	0.96777			6
2024.07.22	00:51:41.620	0.96778	0.96778			6
2024.07.22	00:51:41.679	0.96777	0.96777			6
2024.07.22	00:51:41.710	0.96778	0.96778			6
2024.07.22	00:51:41.739	0.96779	0.96779			6
2024.07.22	00:51:41.769	0.96778	0.96778			6
2024.07.22	00:51:41.799	0.96779	0.96779			6
2024.07.22	00:51:41.954	0.96782	0.96782			6
2024.07.22	00:51:42.277	0.96777	0.96777			6
2024.07.22	00:51:42.395	0.96778	0.96778			6
2024.07.22	00:51:42.425	0.96777	0.96777			6
2024.07.22	00:51:42.455	0.96776	0.96776			6
2024.07.22	00:51:42.757	0.96773	0.96773			6
2024.07.22	00:51:42.787	0.96774	0.96774			6
2024.07.22	00:51:42.847	0.96770	0.96770			6
2024.07.22	00:51:43.300	0.96771	0.96771			6
2024.07.22	00:51:47.920	0.96772	0.96772			6
2024.07.22	00:51:51.311	0.96771	0.96771			6
2024.07.22	00:51:51.402	0.96773	0.96773			6
2024.07.22	00:51:52.742	0.96772	0.96772			6
2024.07.22	00:51:53.641	0.96771	0.96771			6
2024.07.22	00:51:53.700	0.96772	0.96772			6
2024.07.22	00:51:53.731	0.96771	0.96771			6
2024.07.22	00:51:53.760	0.96770	0.96770			6
2024.07.22	00:51:53.790	0.96771	0.96771			6
2024.07.22	00:51:57.363	0.96772	0.96772			6
2024.07.22	00:51:57.781	0.96771	0.96771			6
2024.07.22	00:51:59.240	0.96770	0.96770			6
2024.07.22	00:52:00.220	0.96771	0.96771			6
2024.07.22	00:52:03.246	0.96772	0.96772			6
2024.07.22	00:52:03.488	0.96773	0.96773			6
2024.07.22	00:52:03.608	0.96772	0.96772			6
2024.07.22	00:52:03.639	0.96773	0.96773			6
2024.07.22	00:52:03.818	0.96772	0.96772			6
2024.07.22	00:52:03.908	0.96773	0.96773			6
2024.07.22	00:52:04.029	0.96774	0.96774			6
2024.07.22	00:52:04.400	0.96773	0.96773			6
2024.07.22	00:52:05.315	0.96772	0.96772			6
2024.07.22	00:52:05.688	0.96771	0.96771			6
2024.07.22	00:52:06.392	0.96772	0.96772			6
2024.07.22	00:52:06.719	0.96774	0.96774			6
2024.07.22	00:52:06.870	0.96775	0.96775			6
2024.07.22	00:52:07.316	0.96772	0.96772			6
2024.07.22	00:52:07.346	0.96771	0.96771			6
2024.07.22	00:52:08.374	0.96772	0.96772			6
2024.07.22	00:52:12.867	0.96771	0.96771			6
2024.07.22	00:52:12.927	0.96770	0.96770			6
2024.07.22	00:52:13.262	0.96771	0.96771			6
2024.07.22	00:52:18.434	0.96773	0.96773			6
2024.07.22	00:52:18.625	0.96776	0.96776			6
2024.07.22	00:52:18.655	0.96775	0.96775			6
2024.07.22	00:52:18.740	0.96776	0.96776			6
2024.07.22	00:52:18.887	0.96775	0.96775			6
2024.07.22	00:52:18.917	0.96774	0.96774			6
2024.07.22	00:52:18.947	0.96775	0.96775			6
2024.07.22	00:52:19.265	0.96779	0.96779			6
2024.07.22	00:52:19.446	0.96778	0.96778			6
2024.07.22	00:52:19.861	0.96775	0.96775			6
2024.07.22	00:52:20.261	0.96776	0.96776			6
2024.07.22	00:52:20.441	0.96773	0.96773			6
2024.07.22	00:52:20.471	0.96774	0.96774			6
2024.07.22	00:52:20.501	0.96771	0.96771			6
2024.07.22	00:52:20.592	0.96772	0.96772			6
2024.07.22	00:52:23.085	0.96771	0.96771			6
2024.07.22	00:52:25.359	0.96772	0.96772			6
2024.07.22	00:52:25.389	0.96771	0.96771			6
2024.07.22	00:52:26.359	0.96770	0.96770			6
2024.07.22	00:52:26.390	0.96771	0.96771			6
2024.07.22	00:52:26.449	0.96772	0.96772			6
2024.07.22	00:52:26.479	0.96775	0.96775			6
2024.07.22	00:52:26.539	0.96776	0.96776			6
2024.07.22	00:52:26.600	0.96772	0.96772			6
2024.07.22	00:52:26.659	0.96771	0.96771			6
2024.07.22	00:52:26.688	0.96772	0.96772			6
2024.07.22	00:52:27.618	0.96771	0.96771			6
2024.07.22	00:52:37.672	0.96769	0.96769			6
2024.07.22	00:52:37.702	0.96770	0.96770			6
2024.07.22	00:52:39.711	0.96771	0.96771			6
2024.07.22	00:52:39.802	0.96770	0.96770			6
2024.07.22	00:52:40.296	0.96771	0.96771			6
2024.07.22	00:52:40.569	0.96770	0.96770			6
2024.07.22	00:52:40.599	0.96774	0.96774			6
2024.07.22	00:52:40.659	0.96776	0.96776			6
2024.07.22	00:52:40.689	0.96777	0.96777			6
2024.07.22	00:52:41.090	0.96779	0.96779			6
2024.07.22	00:52:41.209	0.96777	0.96777			6
2024.07.22	00:52:41.240	0.96775	0.96775			6
2024.07.22	00:52:42.687	0.96773	0.96773			6
2024.07.22	00:52:45.826	0.96774	0.96774			6
2024.07.22	00:52:45.886	0.96772	0.96772			6
2024.07.22	00:52:46.084	0.96773	0.96773			6
2024.07.22	00:52:46.806	0.96772	0.96772			6
2024.07.22	00:52:46.958	0.96771	0.96771			6
2024.07.22	00:52:47.257	0.96772	0.96772			6
2024.07.22	00:52:47.684	0.96771	0.96771			6
2024.07.22	00:52:47.803	0.96775	0.96775			6
2024.07.22	00:52:48.214	0.96776	0.96776			6
2024.07.22	00:52:48.364	0.96777	0.96777			6
2024.07.22	00:52:48.611	0.96776	0.96776			6
2024.07.22	00:52:48.701	0.96775	0.96775			6
2024.07.22	00:52:48.762	0.96774	0.96774			6
2024.07.22	00:52:49.560	0.96772	0.96772			6
2024.07.22	00:52:51.240	0.96771	0.96771			6
2024.07.22	00:52:57.572	0.96772	0.96772			6
2024.07.22	00:53:21.445	0.96771	0.96771			6
2024.07.22	00:53:22.818	0.96777	0.96777			6
2024.07.22	00:53:22.848	0.96776	0.96776			6
2024.07.22	00:53:22.878	0.96777	0.96777			6
2024.07.22	00:53:24.636	0.96776	0.96776			6
2024.07.22	00:53:24.695	0.96775	0.96775			6
2024.07.22	00:53:24.785	0.96774	0.96774			6
2024.07.22	00:53:24.814	0.96775	0.96775			6
2024.07.22	00:53:25.105	0.96774	0.96774			6
2024.07.22	00:53:25.165	0.96773	0.96773			6
2024.07.22	00:53:28.341	0.96772	0.96772			6
2024.07.22	00:53:28.829	0.96773	0.96773			6
2024.07.22	00:53:31.674	0.96772	0.96772			6
2024.07.22	00:53:35.398	0.96771	0.96771			6
2024.07.22	00:53:35.429	0.96772	0.96772			6
2024.07.22	00:53:37.077	0.96773	0.96773			6
2024.07.22	00:53:41.165	0.96772	0.96772			6
2024.07.22	00:53:43.678	0.96777	0.96777			6
2024.07.22	00:53:44.703	0.96774	0.96774			6
2024.07.22	00:53:44.763	0.96776	0.96776			6
2024.07.22	00:53:46.757	0.96775	0.96775			6
2024.07.22	00:53:46.817	0.96772	0.96772			6
2024.07.22	00:53:49.455	0.96773	0.96773			6
2024.07.22	00:53:51.065	0.96772	0.96772			6
2024.07.22	00:53:52.265	0.96771	0.96771			6
2024.07.22	00:53:52.800	0.96772	0.96772			6
2024.07.22	00:54:14.047	0.96773	0.96773			6
2024.07.22	00:55:11.718	0.96776	0.96776			6
2024.07.22	00:55:11.748	0.96777	0.96777			6
2024.07.22	00:55:11.778	0.96776	0.96776			6
2024.07.22	00:55:12.298	0.96775	0.96775			6
2024.07.22	00:55:16.563	0.96773	0.96773			6
2024.07.22	00:55:16.594	0.96776	0.96776			6
2024.07.22	00:55:19.429	0.96775	0.96775			6
2024.07.22	00:55:19.459	0.96773	0.96773			6
2024.07.22	00:55:19.749	0.96772	0.96772			6
2024.07.22	00:55:20.717	0.96773	0.96773			6
2024.07.22	00:55:24.427	0.96774	0.96774			6
2024.07.22	00:55:24.547	0.96773	0.96773			6
2024.07.22	00:55:37.646	0.96772	0.96772			6
2024.07.22	00:55:37.765	0.96771	0.96771			6
2024.07.22	00:55:41.040	0.96770	0.96770			6
2024.07.22	00:55:46.373	0.96773	0.96773			6
2024.07.22	00:55:46.418	0.96774	0.96774			6
2024.07.22	00:55:46.713	0.96776	0.96776			6
2024.07.22	00:55:46.803	0.96774	0.96774			6
2024.07.22	00:55:47.865	0.96771	0.96771			6
2024.07.22	00:55:51.751	0.96769	0.96769			6
2024.07.22	00:55:52.751	0.96770	0.96770			6
2024.07.22	00:55:52.781	0.96769	0.96769			6
2024.07.22	00:55:54.855	0.96770	0.96770			6
2024.07.22	00:55:59.665	0.96769	0.96769			6
2024.07.22	00:56:15.841	0.96770	0.96770			6
2024.07.22	00:56:16.784	0.96773	0.96773			6
2024.07.22	00:56:16.872	0.96770	0.96770			6
2024.07.22	00:56:16.903	0.96771	0.96771			6
2024.07.22	00:56:19.294	0.96772	0.96772			6
2024.07.22	00:56:19.325	0.96774	0.96774			6
2024.07.22	00:56:19.659	0.96768	0.96768			6
2024.07.22	00:56:19.688	0.96772	0.96772			6
2024.07.22	00:56:19.718	0.96771	0.96771			6
2024.07.22	00:56:19.748	0.96770	0.96770			6
2024.07.22	00:56:19.868	0.96771	0.96771			6
2024.07.22	00:56:20.934	0.96770	0.96770			6
2024.07.22	00:56:21.144	0.96777	0.96777			6
2024.07.22	00:56:21.205	0.96776	0.96776			6
2024.07.22	00:56:21.535	0.96777	0.96777			6
2024.07.22	00:56:21.596	0.96780	0.96780			6
2024.07.22	00:56:22.099	0.96779	0.96779			6
2024.07.22	00:56:22.159	0.96776	0.96776			6
2024.07.22	00:56:22.567	0.96775	0.96775			6
2024.07.22	00:56:25.526	0.96774	0.96774			6
2024.07.22	00:56:25.586	0.96773	0.96773			6
2024.07.22	00:56:25.617	0.96772	0.96772			6
2024.07.22	00:56:32.699	0.96771	0.96771			6
2024.07.22	00:56:46.528	0.96772	0.96772			6
2024.07.22	00:56:46.677	0.96769	0.96769			6
2024.07.22	00:56:55.131	0.96770	0.96770			6
2024.07.22	00:57:01.747	0.96773	0.96773			6
2024.07.22	00:57:01.807	0.96774	0.96774			6
2024.07.22	00:57:02.059	0.96776	0.96776			6
2024.07.22	00:57:02.180	0.96780	0.96780			6
2024.07.22	00:57:02.239	0.96781	0.96781			6
2024.07.22	00:57:02.588	0.96778	0.96778			6
2024.07.22	00:57:02.650	0.96776	0.96776			6
2024.07.22	00:57:02.680	0.96779	0.96779			6
2024.07.22	00:57:02.740	0.96783	0.96783			6
2024.07.22	00:57:02.770	0.96782	0.96782			6
2024.07.22	00:57:02.800	0.96783	0.96783			6
2024.07.22	00:57:02.830	0.96777	0.96777			6
2024.07.22	00:57:02.859	0.96779	0.96779			6
2024.07.22	00:57:02.892	0.96783	0.96783			6
2024.07.22	00:57:02.921	0.96782	0.96782			6
2024.07.22	00:57:03.071	0.96779	0.96779			6
2024.07.22	00:57:06.503	0.96776	0.96776			6
2024.07.22	00:57:06.592	0.96773	0.96773			6
2024.07.22	00:57:08.424	0.96775	0.96775			6
2024.07.22	00:57:08.926	0.96776	0.96776			6
2024.07.22	00:57:22.879	0.96775	0.96775			6
2024.07.22	00:57:24.234	0.96776	0.96776			6
2024.07.22	00:57:26.909	0.96778	0.96778			6
2024.07.22	00:57:26.969	0.96777	0.96777			6
2024.07.22	00:57:32.491	0.96776	0.96776			6
2024.07.22	00:57:32.882	0.96781	0.96781			6
2024.07.22	00:57:32.912	0.96780	0.96780			6
2024.07.22	00:57:33.498	0.96781	0.96781			6
2024.07.22	00:57:33.558	0.96779	0.96779			6
2024.07.22	00:57:33.587	0.96782	0.96782			6
2024.07.22	00:57:33.996	0.96781	0.96781			6
2024.07.22	00:57:34.056	0.96779	0.96779			6
2024.07.22	00:57:35.030	0.96777	0.96777			6
2024.07.22	00:57:35.089	0.96778	0.96778			6
2024.07.22	00:57:35.120	0.96776	0.96776			6
2024.07.22	00:57:35.481	0.96775	0.96775			6
2024.07.22	00:57:35.571	0.96776	0.96776			6
2024.07.22	00:57:36.474	0.96777	0.96777			6
2024.07.22	00:57:36.838	0.96776	0.96776			6
2024.07.22	00:57:37.757	0.96777	0.96777			6
2024.07.22	00:57:41.230	0.96778	0.96778			6
2024.07.22	00:57:41.319	0.96777	0.96777			6
2024.07.22	00:57:45.446	0.96776	0.96776			6
2024.07.22	00:57:47.485	0.96777	0.96777			6
2024.07.22	00:57:48.064	0.96776	0.96776			6
2024.07.22	00:57:53.680	0.96775	0.96775			6
2024.07.22	00:57:55.433	0.96776	0.96776			6
2024.07.22	00:57:56.757	0.96774	0.96774			6
2024.07.22	00:58:13.707	0.96775	0.96775			6
2024.07.22	00:58:16.498	0.96779	0.96779			6
2024.07.22	00:58:16.528	0.96782	0.96782			6
2024.07.22	00:58:17.019	0.96781	0.96781			6
2024.07.22	00:58:17.078	0.96780	0.96780			6
2024.07.22	00:58:17.766	0.96776	0.96776			6
2024.07.22	00:58:18.027	0.96775	0.96775			6
2024.07.22	00:58:20.282	0.96770	0.96770			6
2024.07.22	00:58:22.207	0.96769	0.96769			6
2024.07.22	00:58:22.486	0.96768	0.96768			6
2024.07.22	00:58:24.183	0.96764	0.96764			6
2024.07.22	00:58:27.780	0.96763	0.96763			6
2024.07.22	00:58:29.130	0.96764	0.96764			6
2024.07.22	00:58:30.159	0.96762	0.96762			6
2024.07.22	00:58:30.501	0.96764	0.96764			6
2024.07.22	00:58:33.032	0.96763	0.96763			6
2024.07.22	00:58:34.374	0.96764	0.96764			6
2024.07.22	00:58:34.942	0.96763	0.96763			6
2024.07.22	00:58:34.971	0.96764	0.96764			6
2024.07.22	00:58:37.213	0.96763	0.96763			6
2024.07.22	00:58:39.762	0.96764	0.96764			6
2024.07.22	00:58:40.410	0.96766	0.96766			6
2024.07.22	00:58:40.440	0.96774	0.96774			6
2024.07.22	00:58:40.470	0.96775	0.96775			6
2024.07.22	00:58:40.500	0.96777	0.96777			6
2024.07.22	00:58:40.775	0.96779	0.96779			6
2024.07.22	00:58:43.006	0.96778	0.96778			6
2024.07.22	00:58:43.222	0.96777	0.96777			6
2024.07.22	00:58:43.284	0.96776	0.96776			6
2024.07.22	00:58:43.578	0.96778	0.96778			6
2024.07.22	00:58:43.909	0.96779	0.96779			6
2024.07.22	00:58:44.074	0.96778	0.96778			6
2024.07.22	00:58:44.103	0.96777	0.96777			6
2024.07.22	00:58:46.517	0.96778	0.96778			6
2024.07.22	00:58:47.934	0.96780	0.96780			6
2024.07.22	00:58:47.992	0.96781	0.96781			6
2024.07.22	00:58:48.479	0.96780	0.96780			6
2024.07.22	00:58:49.771	0.96781	0.96781			6
2024.07.22	00:58:51.380	0.96774	0.96774			6
2024.07.22	00:58:52.729	0.96773	0.96773			6
2024.07.22	00:58:53.470	0.96772	0.96772			6
2024.07.22	00:58:55.428	0.96773	0.96773			6
2024.07.22	00:58:56.942	0.96772	0.96772			6
2024.07.22	00:58:57.170	0.96773	0.96773			6
2024.07.22	00:59:02.947	0.96774	0.96774			6
2024.07.22	00:59:05.339	0.96773	0.96773			6
2024.07.22	00:59:14.343	0.96772	0.96772			6
2024.07.22	00:59:16.751	0.96773	0.96773			6
2024.07.22	00:59:20.356	0.96772	0.96772			6
2024.07.22	00:59:31.894	0.96771	0.96771			6
2024.07.22	00:59:34.209	0.96770	0.96770			6
2024.07.22	00:59:36.597	0.96769	0.96769			6
2024.07.22	00:59:41.732	0.96768	0.96768			6
2024.07.22	00:59:41.822	0.96767	0.96767			6
2024.07.22	00:59:41.852	0.96769	0.96769			6
2024.07.22	00:59:43.721	0.96770	0.96770			6
2024.07.22	00:59:43.843	0.96771	0.96771			6
2024.07.22	00:59:44.176	0.96768	0.96768			6
2024.07.22	00:59:44.205	0.96769	0.96769			6
2024.07.22	00:59:44.236	0.96766	0.96766			6
2024.07.22	00:59:45.302	0.96769	0.96769			6
2024.07.22	00:59:45.333	0.96771	0.96771			6
2024.07.22	00:59:45.363	0.96772	0.96772			6
2024.07.22	00:59:45.573	0.96770	0.96770			6
2024.07.22	00:59:45.814	0.96765	0.96765			6
2024.07.22	00:59:45.875	0.96764	0.96764			6
2024.07.22	00:59:45.904	0.96763	0.96763			6
2024.07.22	00:59:46.055	0.96761	0.96761			6
2024.07.22	00:59:46.085	0.96762	0.96762			6
2024.07.22	00:59:46.145	0.96765	0.96765			6
2024.07.22	00:59:46.175	0.96768	0.96768			6
2024.07.22	00:59:46.204	0.96771	0.96771			6
2024.07.22	00:59:46.445	0.96773	0.96773			6
2024.07.22	00:59:51.637	0.96774	0.96774			6
2024.07.22	00:59:51.668	0.96773	0.96773			6
2024.07.22	00:59:51.699	0.96772	0.96772			6
2024.07.22	00:59:51.728	0.96768	0.96768			6
2024.07.22	00:59:51.758	0.96767	0.96767			6
2024.07.22	00:59:55.540	0.96769	0.96769			6
2024.07.22	00:59:55.570	0.96770	0.96770			6
2024.07.22	00:59:55.605	0.96769	0.96769			6
2024.07.22	01:00:00.064	0.96775	0.96775			6
2024.07.22	01:00:00.094	0.96777	0.96777			6
2024.07.22	01:00:00.135	0.96765	0.96765			6
2024.07.22	01:00:00.157	0.96756	0.96756			6
2024.07.22	01:00:00.185	0.96759	0.96759			6
2024.07.22	01:00:00.214	0.96766	0.96766			6
2024.07.22	01:00:00.243	0.96762	0.96762			6
2024.07.22	01:00:00.363	0.96744	0.96744			6
2024.07.22	01:00:00.393	0.96747	0.96747			6
2024.07.22	01:00:00.423	0.96753	0.96753			6
2024.07.22	01:00:00.483	0.96754	0.96754			6
2024.07.22	01:00:00.513	0.96752	0.96752			6
2024.07.22	01:00:00.603	0.96753	0.96753			6
2024.07.22	01:00:00.785	0.96752	0.96752			6
2024.07.22	01:00:00.903	0.96754	0.96754			6
2024.07.22	01:00:00.933	0.96753	0.96753			6
2024.07.22	01:00:00.964	0.96755	0.96755			6
2024.07.22	01:00:00.993	0.96768	0.96768			6
2024.07.22	01:00:01.024	0.96774	0.96774			6
2024.07.22	01:00:01.055	0.96771	0.96771			6
2024.07.22	01:00:01.086	0.96776	0.96776			6
2024.07.22	01:00:01.116	0.96788	0.96788			6
2024.07.22	01:00:01.176	0.96776	0.96776			6
2024.07.22	01:00:01.205	0.96777	0.96777			6
2024.07.22	01:00:01.236	0.96779	0.96779			6
2024.07.22	01:00:01.264	0.96776	0.96776			6
2024.07.22	01:00:01.294	0.96775	0.96775			6
2024.07.22	01:00:01.355	0.96777	0.96777			6
2024.07.22	01:00:01.386	0.96776	0.96776			6
2024.07.22	01:00:01.416	0.96775	0.96775			6
2024.07.22	01:00:01.445	0.96777	0.96777			6
2024.07.22	01:00:01.476	0.96776	0.96776			6
2024.07.22	01:00:01.506	0.96771	0.96771			6
2024.07.22	01:00:01.567	0.96775	0.96775			6
2024.07.22	01:00:01.687	0.96776	0.96776			6
2024.07.22	01:00:01.776	0.96778	0.96778			6
2024.07.22	01:00:01.806	0.96780	0.96780			6
2024.07.22	01:00:01.867	0.96782	0.96782			6
2024.07.22	01:00:01.958	0.96783	0.96783			6
2024.07.22	01:00:01.988	0.96782	0.96782			6
2024.07.22	01:00:02.078	0.96781	0.96781			6
2024.07.22	01:00:02.138	0.96780	0.96780			6
2024.07.22	01:00:02.167	0.96774	0.96774			6
2024.07.22	01:00:02.228	0.96772	0.96772			6
2024.07.22	01:00:02.322	0.96773	0.96773			6
2024.07.22	01:00:02.799	0.96775	0.96775			6
2024.07.22	01:00:02.948	0.96774	0.96774			6
2024.07.22	01:00:03.401	0.96773	0.96773			6
2024.07.22	01:00:03.431	0.96774	0.96774			6
2024.07.22	01:00:03.460	0.96773	0.96773			6
2024.07.22	01:00:03.490	0.96774	0.96774			6
2024.07.22	01:00:03.640	0.96773	0.96773			6
2024.07.22	01:00:03.731	0.96774	0.96774			6
2024.07.22	01:00:03.821	0.96775	0.96775			6
2024.07.22	01:00:03.911	0.96774	0.96774			6
2024.07.22	01:00:04.063	0.96776	0.96776			6
2024.07.22	01:00:04.181	0.96779	0.96779			6
2024.07.22	01:00:04.211	0.96780	0.96780			6
2024.07.22	01:00:04.573	0.96781	0.96781			6
2024.07.22	01:00:04.694	0.96782	0.96782			6
2024.07.22	01:00:04.723	0.96785	0.96785			6
2024.07.22	01:00:04.753	0.96786	0.96786			6
2024.07.22	01:00:04.963	0.96785	0.96785			6
2024.07.22	01:00:05.086	0.96783	0.96783			6
2024.07.22	01:00:05.414	0.96782	0.96782			6
2024.07.22	01:00:05.672	0.96781	0.96781			6
2024.07.22	01:00:05.852	0.96782	0.96782			6
2024.07.22	01:00:05.881	0.96783	0.96783			6
2024.07.22	01:00:05.911	0.96782	0.96782			6
2024.07.22	01:00:05.940	0.96781	0.96781			6
2024.07.22	01:00:05.973	0.96779	0.96779			6
2024.07.22	01:00:06.242	0.96780	0.96780			6
2024.07.22	01:00:06.332	0.96777	0.96777			6
2024.07.22	01:00:06.453	0.96775	0.96775			6
2024.07.22	01:00:06.692	0.96777	0.96777			6
2024.07.22	01:00:06.845	0.96775	0.96775			6
2024.07.22	01:00:06.874	0.96776	0.96776			6
2024.07.22	01:00:07.083	0.96778	0.96778			6
2024.07.22	01:00:07.144	0.96779	0.96779			6
2024.07.22	01:00:07.204	0.96777	0.96777			6
2024.07.22	01:00:07.264	0.96779	0.96779			6
2024.07.22	01:00:07.322	0.96781	0.96781			6
2024.07.22	01:00:07.535	0.96779	0.96779			6
2024.07.22	01:00:07.595	0.96778	0.96778			6
2024.07.22	01:00:08.924	0.96779	0.96779			6
2024.07.22	01:00:09.562	0.96778	0.96778			6
2024.07.22	01:00:09.623	0.96779	0.96779			6
2024.07.22	01:00:09.653	0.96780	0.96780			6
2024.07.22	01:00:09.683	0.96782	0.96782			6
2024.07.22	01:00:09.713	0.96783	0.96783			6
2024.07.22	01:00:09.774	0.96779	0.96779			6
2024.07.22	01:00:09.983	0.96780	0.96780			6
2024.07.22	01:00:10.014	0.96779	0.96779			6
2024.07.22	01:00:10.043	0.96778	0.96778			6
2024.07.22	01:00:10.104	0.96780	0.96780			6
2024.07.22	01:00:10.136	0.96782	0.96782			6
2024.07.22	01:00:10.467	0.96781	0.96781			6
2024.07.22	01:00:10.977	0.96782	0.96782			6
2024.07.22	01:00:11.520	0.96780	0.96780			6
2024.07.22	01:00:11.940	0.96779	0.96779			6
2024.07.22	01:00:13.073	0.96778	0.96778			6
2024.07.22	01:00:14.042	0.96779	0.96779			6
2024.07.22	01:00:14.630	0.96778	0.96778			6
2024.07.22	01:00:15.049	0.96780	0.96780			6
2024.07.22	01:00:15.080	0.96779	0.96779			6
2024.07.22	01:00:15.621	0.96778	0.96778			6
2024.07.22	01:00:15.651	0.96780	0.96780			6
2024.07.22	01:00:15.802	0.96776	0.96776			6
2024.07.22	01:00:15.862	0.96774	0.96774			6
2024.07.22	01:00:15.951	0.96775	0.96775			6
2024.07.22	01:00:16.072	0.96779	0.96779			6
2024.07.22	01:00:16.102	0.96782	0.96782			6
2024.07.22	01:00:16.133	0.96772	0.96772			6
2024.07.22	01:00:16.165	0.96769	0.96769			6
2024.07.22	01:00:16.192	0.96776	0.96776			6
2024.07.22	01:00:16.222	0.96775	0.96775			6
2024.07.22	01:00:16.252	0.96778	0.96778			6
2024.07.22	01:00:16.373	0.96781	0.96781			6
2024.07.22	01:00:16.672	0.96782	0.96782			6
2024.07.22	01:00:16.703	0.96783	0.96783			6
2024.07.22	01:00:17.155	0.96784	0.96784			6
2024.07.22	01:00:18.633	0.96783	0.96783			6
2024.07.22	01:00:19.585	0.96785	0.96785			6
2024.07.22	01:00:19.615	0.96784	0.96784			6
2024.07.22	01:00:20.155	0.96783	0.96783			6
2024.07.22	01:00:20.425	0.96782	0.96782			6
2024.07.22	01:00:22.438	0.96786	0.96786			6
2024.07.22	01:00:22.470	0.96787	0.96787			6
2024.07.22	01:00:22.559	0.96789	0.96789			6
2024.07.22	01:00:23.649	0.96790	0.96790			6
2024.07.22	01:00:25.447	0.96783	0.96783			6
2024.07.22	01:00:27.252	0.96781	0.96781			6
2024.07.22	01:00:27.373	0.96782	0.96782			6
2024.07.22	01:00:27.615	0.96778	0.96778			6
2024.07.22	01:00:27.644	0.96779	0.96779			6
2024.07.22	01:00:28.521	0.96781	0.96781			6
2024.07.22	01:00:29.930	0.96782	0.96782			6
2024.07.22	01:00:30.772	0.96784	0.96784			6
2024.07.22	01:00:31.927	0.96786	0.96786			6
2024.07.22	01:00:32.047	0.96788	0.96788			6
2024.07.22	01:00:32.496	0.96786	0.96786			6
2024.07.22	01:00:32.623	0.96788	0.96788			6
2024.07.22	01:00:32.746	0.96786	0.96786			6
2024.07.22	01:00:32.775	0.96799	0.96799			6
2024.07.22	01:00:32.806	0.96802	0.96802			6
2024.07.22	01:00:32.836	0.96799	0.96799			6
2024.07.22	01:00:32.865	0.96791	0.96791			6
2024.07.22	01:00:32.894	0.96795	0.96795			6
2024.07.22	01:00:32.925	0.96797	0.96797			6
2024.07.22	01:00:33.255	0.96796	0.96796			6
2024.07.22	01:00:33.315	0.96791	0.96791			6
2024.07.22	01:00:33.345	0.96781	0.96781			6
2024.07.22	01:00:33.375	0.96779	0.96779			6
2024.07.22	01:00:33.404	0.96781	0.96781			6
2024.07.22	01:00:33.466	0.96780	0.96780			6
2024.07.22	01:00:33.616	0.96781	0.96781			6
2024.07.22	01:00:33.796	0.96782	0.96782			6
2024.07.22	01:00:33.828	0.96781	0.96781			6
2024.07.22	01:00:35.265	0.96782	0.96782			6
2024.07.22	01:00:35.927	0.96786	0.96786			6
2024.07.22	01:00:36.108	0.96788	0.96788			6
2024.07.22	01:00:36.409	0.96787	0.96787			6
2024.07.22	01:00:36.500	0.96786	0.96786			6
2024.07.22	01:00:36.530	0.96785	0.96785			6
2024.07.22	01:00:36.740	0.96787	0.96787			6
2024.07.22	01:00:37.282	0.96786	0.96786			6
2024.07.22	01:00:37.313	0.96785	0.96785			6
2024.07.22	01:00:37.372	0.96784	0.96784			6
2024.07.22	01:00:39.044	0.96788	0.96788			6
2024.07.22	01:00:39.226	0.96786	0.96786			6
2024.07.22	01:00:40.130	0.96788	0.96788			6
2024.07.22	01:00:40.159	0.96787	0.96787			6
2024.07.22	01:00:40.190	0.96784	0.96784			6
2024.07.22	01:00:41.624	0.96786	0.96786			6
2024.07.22	01:00:44.104	0.96784	0.96784			6
2024.07.22	01:00:44.193	0.96783	0.96783			6
2024.07.22	01:00:44.702	0.96778	0.96778			6
2024.07.22	01:00:44.731	0.96773	0.96773			6
2024.07.22	01:00:44.762	0.96772	0.96772			6
2024.07.22	01:00:45.436	0.96771	0.96771			6
2024.07.22	01:00:45.468	0.96772	0.96772			6
2024.07.22	01:00:45.649	0.96774	0.96774			6
2024.07.22	01:00:45.679	0.96775	0.96775			6
2024.07.22	01:00:45.708	0.96779	0.96779			6
2024.07.22	01:00:45.739	0.96780	0.96780			6
2024.07.22	01:00:45.798	0.96781	0.96781			6
2024.07.22	01:00:46.163	0.96780	0.96780			6
2024.07.22	01:00:46.298	0.96781	0.96781			6
2024.07.22	01:00:48.472	0.96778	0.96778			6
2024.07.22	01:00:49.163	0.96777	0.96777			6
2024.07.22	01:00:49.223	0.96778	0.96778			6
2024.07.22	01:00:49.254	0.96774	0.96774			6
2024.07.22	01:00:49.373	0.96775	0.96775			6
2024.07.22	01:00:49.643	0.96779	0.96779			6
2024.07.22	01:00:49.676	0.96780	0.96780			6
2024.07.22	01:00:50.156	0.96779	0.96779			6
2024.07.22	01:00:50.187	0.96765	0.96765			6
2024.07.22	01:00:50.306	0.96715	0.96715			6
2024.07.22	01:00:50.337	0.96713	0.96713			6
2024.07.22	01:00:50.367	0.96721	0.96721			6
2024.07.22	01:00:50.457	0.96716	0.96716			6
2024.07.22	01:00:50.486	0.96726	0.96726			6
2024.07.22	01:00:50.577	0.96732	0.96732			6
2024.07.22	01:00:50.608	0.96737	0.96737			6
2024.07.22	01:00:50.637	0.96732	0.96732			6
2024.07.22	01:00:50.667	0.96735	0.96735			6
2024.07.22	01:00:50.697	0.96739	0.96739			6
2024.07.22	01:00:50.758	0.96735	0.96735			6
2024.07.22	01:00:50.787	0.96748	0.96748			6
2024.07.22	01:00:50.817	0.96744	0.96744			6
2024.07.22	01:00:50.847	0.96747	0.96747			6
2024.07.22	01:00:51.119	0.96749	0.96749			6
2024.07.22	01:00:51.483	0.96751	0.96751			6
2024.07.22	01:00:51.514	0.96750	0.96750			6
2024.07.22	01:00:51.543	0.96749	0.96749			6
2024.07.22	01:00:51.603	0.96750	0.96750			6
2024.07.22	01:00:52.600	0.96751	0.96751			6
2024.07.22	01:00:53.617	0.96753	0.96753			6
2024.07.22	01:00:53.647	0.96750	0.96750			6
2024.07.22	01:00:53.736	0.96749	0.96749			6
2024.07.22	01:00:55.133	0.96750	0.96750			6
2024.07.22	01:00:55.706	0.96748	0.96748			6
2024.07.22	01:00:56.848	0.96744	0.96744			6
2024.07.22	01:00:57.335	0.96743	0.96743			6
2024.07.22	01:00:57.425	0.96742	0.96742			6
2024.07.22	01:00:58.653	0.96741	0.96741			6
2024.07.22	01:01:00.118	0.96740	0.96740			6
2024.07.22	01:01:00.207	0.96742	0.96742			6
2024.07.22	01:01:04.044	0.96741	0.96741			6
2024.07.22	01:01:04.133	0.96740	0.96740			6
2024.07.22	01:01:04.315	0.96739	0.96739			6
2024.07.22	01:01:05.056	0.96738	0.96738			6
2024.07.22	01:01:07.953	0.96736	0.96736			6
2024.07.22	01:01:07.984	0.96735	0.96735			6
2024.07.22	01:01:09.035	0.96738	0.96738			6
2024.07.22	01:01:09.096	0.96739	0.96739			6
2024.07.22	01:01:10.740	0.96740	0.96740			6
2024.07.22	01:01:11.326	0.96739	0.96739			6
2024.07.22	01:01:13.254	0.96736	0.96736			6
2024.07.22	01:01:15.208	0.96735	0.96735			6
2024.07.22	01:01:15.238	0.96734	0.96734			6
2024.07.22	01:01:15.357	0.96735	0.96735			6
2024.07.22	01:01:15.477	0.96734	0.96734			6
2024.07.22	01:01:15.701	0.96735	0.96735			6
2024.07.22	01:01:20.330	0.96734	0.96734			6
2024.07.22	01:01:20.361	0.96732	0.96732			6
2024.07.22	01:01:21.264	0.96733	0.96733			6
2024.07.22	01:01:21.294	0.96734	0.96734			6
2024.07.22	01:01:23.463	0.96736	0.96736			6
2024.07.22	01:01:23.554	0.96737	0.96737			6
2024.07.22	01:01:23.583	0.96738	0.96738			6
2024.07.22	01:01:23.613	0.96739	0.96739			6
2024.07.22	01:01:25.723	0.96738	0.96738			6
2024.07.22	01:01:25.825	0.96736	0.96736			6
2024.07.22	01:01:26.065	0.96735	0.96735			6
2024.07.22	01:01:26.096	0.96734	0.96734			6
2024.07.22	01:01:29.272	0.96729	0.96729			6
2024.07.22	01:01:29.332	0.96728	0.96728			6
2024.07.22	01:01:29.420	0.96729	0.96729			6
2024.07.22	01:01:30.144	0.96728	0.96728			6
2024.07.22	01:01:30.204	0.96729	0.96729			6
2024.07.22	01:01:31.135	0.96728	0.96728			6
2024.07.22	01:01:31.165	0.96732	0.96732			6
2024.07.22	01:01:31.225	0.96734	0.96734			6
2024.07.22	01:01:32.212	0.96732	0.96732			6
2024.07.22	01:01:33.077	0.96730	0.96730			6
2024.07.22	01:01:34.555	0.96732	0.96732			6
2024.07.22	01:01:34.585	0.96733	0.96733			6
2024.07.22	01:01:36.708	0.96736	0.96736			6
2024.07.22	01:01:36.738	0.96737	0.96737			6
2024.07.22	01:01:36.767	0.96738	0.96738			6
2024.07.22	01:01:40.728	0.96739	0.96739			6
2024.07.22	01:01:47.134	0.96738	0.96738			6
2024.07.22	01:01:47.164	0.96737	0.96737			6
2024.07.22	01:01:48.820	0.96739	0.96739			6
2024.07.22	01:01:55.717	0.96738	0.96738			6
2024.07.22	01:01:56.370	0.96739	0.96739			6
2024.07.22	01:01:56.581	0.96738	0.96738			6
2024.07.22	01:01:57.429	0.96739	0.96739			6
2024.07.22	01:01:58.236	0.96742	0.96742			6
2024.07.22	01:01:58.506	0.96743	0.96743			6
2024.07.22	01:01:58.625	0.96744	0.96744			6
2024.07.22	01:01:59.056	0.96746	0.96746			6
2024.07.22	01:01:59.116	0.96747	0.96747			6
2024.07.22	01:01:59.235	0.96745	0.96745			6
2024.07.22	01:02:00.214	0.96744	0.96744			6
2024.07.22	01:02:00.335	0.96746	0.96746			6
2024.07.22	01:02:00.701	0.96747	0.96747			6
2024.07.22	01:02:00.852	0.96748	0.96748			6
2024.07.22	01:02:02.170	0.96745	0.96745			6
2024.07.22	01:02:02.230	0.96744	0.96744			6
2024.07.22	01:02:03.167	0.96745	0.96745			6
2024.07.22	01:02:04.158	0.96746	0.96746			6
2024.07.22	01:02:05.632	0.96747	0.96747			6
2024.07.22	01:02:06.670	0.96748	0.96748			6
2024.07.22	01:02:08.676	0.96750	0.96750			6
2024.07.22	01:02:16.523	0.96751	0.96751			6
2024.07.22	01:02:16.612	0.96752	0.96752			6
2024.07.22	01:02:16.792	0.96754	0.96754			6
2024.07.22	01:02:19.400	0.96756	0.96756			6
2024.07.22	01:02:19.430	0.96759	0.96759			6
2024.07.22	01:02:20.170	0.96760	0.96760			6
2024.07.22	01:02:20.201	0.96761	0.96761			6
2024.07.22	01:02:20.423	0.96765	0.96765			6
2024.07.22	01:02:21.223	0.96767	0.96767			6
2024.07.22	01:02:21.497	0.96769	0.96769			6
2024.07.22	01:02:22.864	0.96766	0.96766			6
2024.07.22	01:02:22.921	0.96768	0.96768			6
2024.07.22	01:02:23.939	0.96767	0.96767			6
2024.07.22	01:02:24.239	0.96768	0.96768			6
2024.07.22	01:02:27.466	0.96765	0.96765			6
2024.07.22	01:02:27.525	0.96764	0.96764			6
2024.07.22	01:02:27.586	0.96765	0.96765			6
2024.07.22	01:02:28.382	0.96764	0.96764			6
2024.07.22	01:02:29.063	0.96765	0.96765			6
2024.07.22	01:02:29.093	0.96766	0.96766			6
2024.07.22	01:02:29.123	0.96768	0.96768			6
2024.07.22	01:02:29.153	0.96770	0.96770			6
2024.07.22	01:02:29.483	0.96771	0.96771			6
2024.07.22	01:02:34.033	0.96770	0.96770			6
2024.07.22	01:02:34.095	0.96769	0.96769			6
2024.07.22	01:02:36.729	0.96766	0.96766			6
2024.07.22	01:02:36.758	0.96768	0.96768			6
2024.07.22	01:02:37.559	0.96766	0.96766			6
2024.07.22	01:02:37.619	0.96767	0.96767			6
2024.07.22	01:02:37.649	0.96768	0.96768			6
2024.07.22	01:02:38.572	0.96770	0.96770			6
2024.07.22	01:02:47.647	0.96769	0.96769			6
2024.07.22	01:03:01.447	0.96771	0.96771			6
2024.07.22	01:03:01.476	0.96772	0.96772			6
2024.07.22	01:03:01.717	0.96773	0.96773			6
2024.07.22	01:03:05.937	0.96772	0.96772			6
2024.07.22	01:03:13.071	0.96770	0.96770			6
2024.07.22	01:03:13.101	0.96771	0.96771			6
2024.07.22	01:03:13.130	0.96770	0.96770			6
2024.07.22	01:03:16.445	0.96773	0.96773			6
2024.07.22	01:03:16.505	0.96770	0.96770			6
2024.07.22	01:03:18.546	0.96771	0.96771			6
2024.07.22	01:03:20.359	0.96773	0.96773			6
2024.07.22	01:03:21.315	0.96771	0.96771			6
2024.07.22	01:03:22.282	0.96770	0.96770			6
2024.07.22	01:03:22.313	0.96773	0.96773			6
2024.07.22	01:03:22.373	0.96771	0.96771			6
2024.07.22	01:03:23.238	0.96772	0.96772			6
2024.07.22	01:03:23.269	0.96774	0.96774			6
2024.07.22	01:03:23.554	0.96776	0.96776			6
2024.07.22	01:03:23.835	0.96772	0.96772			6
2024.07.22	01:03:28.757	0.96769	0.96769			6
2024.07.22	01:03:28.786	0.96764	0.96764			6
2024.07.22	01:03:29.295	0.96761	0.96761			6
2024.07.22	01:03:31.012	0.96758	0.96758			6
2024.07.22	01:03:31.042	0.96757	0.96757			6
2024.07.22	01:03:33.531	0.96756	0.96756			6
2024.07.22	01:03:41.937	0.96757	0.96757			6
2024.07.22	01:03:47.949	0.96756	0.96756			6
2024.07.22	01:03:48.235	0.96762	0.96762			6
2024.07.22	01:03:49.595	0.96763	0.96763			6
2024.07.22	01:03:49.882	0.96762	0.96762			6
2024.07.22	01:03:50.342	0.96763	0.96763			6
2024.07.22	01:04:05.186	0.96762	0.96762			6
2024.07.22	01:04:05.244	0.96761	0.96761			6
2024.07.22	01:04:05.273	0.96760	0.96760			6
2024.07.22	01:04:05.483	0.96761	0.96761			6
2024.07.22	01:04:07.441	0.96762	0.96762			6
2024.07.22	01:04:12.825	0.96761	0.96761			6
2024.07.22	01:04:31.368	0.96764	0.96764			6
2024.07.22	01:04:31.736	0.96766	0.96766			6
2024.07.22	01:04:36.926	0.96768	0.96768			6
2024.07.22	01:04:36.956	0.96771	0.96771			6
2024.07.22	01:04:37.047	0.96773	0.96773			6
2024.07.22	01:04:41.053	0.96772	0.96772			6
2024.07.22	01:04:41.774	0.96770	0.96770			6
2024.07.22	01:04:41.835	0.96768	0.96768			6
2024.07.22	01:04:41.984	0.96769	0.96769			6
2024.07.22	01:04:46.131	0.96770	0.96770			6
2024.07.22	01:04:48.226	0.96769	0.96769			6
2024.07.22	01:04:48.286	0.96767	0.96767			6
2024.07.22	01:04:48.317	0.96768	0.96768			6
2024.07.22	01:04:50.542	0.96769	0.96769			6
2024.07.22	01:04:51.085	0.96771	0.96771			6
2024.07.22	01:04:53.047	0.96772	0.96772			6
2024.07.22	01:04:54.832	0.96771	0.96771			6
2024.07.22	01:04:59.347	0.96770	0.96770			6
2024.07.22	01:05:00.435	0.96771	0.96771			6
2024.07.22	01:05:00.525	0.96772	0.96772			6
2024.07.22	01:05:00.826	0.96771	0.96771			6
2024.07.22	01:05:00.916	0.96772	0.96772			6
2024.07.22	01:05:01.756	0.96771	0.96771			6
2024.07.22	01:05:05.359	0.96772	0.96772			6
2024.07.22	01:05:05.390	0.96770	0.96770			6
2024.07.22	01:05:05.672	0.96769	0.96769			6
2024.07.22	01:05:06.562	0.96770	0.96770			6
2024.07.22	01:05:06.962	0.96769	0.96769			6
2024.07.22	01:05:07.292	0.96770	0.96770			6
2024.07.22	01:05:11.987	0.96774	0.96774			6
2024.07.22	01:05:12.486	0.96775	0.96775			6
2024.07.22	01:05:13.431	0.96776	0.96776			6
2024.07.22	01:05:22.964	0.96775	0.96775			6
2024.07.22	01:05:30.942	0.96773	0.96773			6
2024.07.22	01:05:31.001	0.96775	0.96775			6
2024.07.22	01:05:31.031	0.96774	0.96774			6
2024.07.22	01:05:31.063	0.96775	0.96775			6
2024.07.22	01:05:31.210	0.96774	0.96774			6
2024.07.22	01:05:38.979	0.96773	0.96773			6
2024.07.22	01:05:39.279	0.96774	0.96774			6
2024.07.22	01:05:39.554	0.96773	0.96773			6
2024.07.22	01:05:40.186	0.96775	0.96775			6
2024.07.22	01:05:41.118	0.96774	0.96774			6
2024.07.22	01:05:41.478	0.96773	0.96773			6
2024.07.22	01:05:44.648	0.96774	0.96774			6
2024.07.22	01:05:45.235	0.96773	0.96773			6
2024.07.22	01:05:46.509	0.96774	0.96774			6
2024.07.22	01:05:49.615	0.96773	0.96773			6
2024.07.22	01:06:03.250	0.96774	0.96774			6
2024.07.22	01:06:05.048	0.96773	0.96773			6
2024.07.22	01:06:06.057	0.96774	0.96774			6
2024.07.22	01:06:06.538	0.96773	0.96773			6
2024.07.22	01:06:10.358	0.96774	0.96774			6
2024.07.22	01:06:13.376	0.96778	0.96778			6
2024.07.22	01:06:13.585	0.96780	0.96780			6
2024.07.22	01:06:13.885	0.96779	0.96779			6
2024.07.22	01:06:15.074	0.96780	0.96780			6
2024.07.22	01:06:16.068	0.96779	0.96779			6
2024.07.22	01:06:17.480	0.96780	0.96780			6
2024.07.22	01:06:21.838	0.96779	0.96779			6
2024.07.22	01:06:24.126	0.96780	0.96780			6
2024.07.22	01:06:24.517	0.96779	0.96779			6
2024.07.22	01:06:25.048	0.96778	0.96778			6
2024.07.22	01:06:26.595	0.96777	0.96777			6
2024.07.22	01:06:26.919	0.96778	0.96778			6
2024.07.22	01:06:27.530	0.96777	0.96777			6
2024.07.22	01:06:29.157	0.96778	0.96778			6
2024.07.22	01:06:29.950	0.96779	0.96779			6
2024.07.22	01:06:30.341	0.96778	0.96778			6
2024.07.22	01:06:31.557	0.96777	0.96777			6
2024.07.22	01:06:33.287	0.96772	0.96772			6
2024.07.22	01:06:33.347	0.96771	0.96771			6
2024.07.22	01:06:33.588	0.96772	0.96772			6
2024.07.22	01:06:34.098	0.96771	0.96771			6
2024.07.22	01:06:34.730	0.96772	0.96772			6
2024.07.22	01:06:34.910	0.96771	0.96771			6
2024.07.22	01:06:34.970	0.96770	0.96770			6
2024.07.22	01:06:34.999	0.96771	0.96771			6
