<DATE>	<TIME>	<BID>	<ASK>	<LAST>	<VOLUME>	<FLAGS>
2024.05.16	00:00:00.712	0.98200	0.98200			6
2024.05.16	00:00:02.308	0.98203	0.98203			6
2024.05.16	00:00:02.663	0.98201	0.98201			6
2024.05.16	00:00:02.690	0.98208	0.98208			6
2024.05.16	00:00:03.103	0.98205	0.98205			6
2024.05.16	00:00:03.238	0.98204	0.98204			6
2024.05.16	00:00:04.098	0.98205	0.98205			6
2024.05.16	00:00:04.116	0.98202	0.98202			6
2024.05.16	00:00:10.003	0.98198	0.98198			6
2024.05.16	00:00:26.646	0.98202	0.98202			6
2024.05.16	00:00:26.768	0.98198	0.98198			6
2024.05.16	00:01:01.295	0.98198				2
2024.05.16	00:01:02.248	0.98200	0.98200			6
2024.05.16	00:01:02.278	0.98205	0.98205			6
2024.05.16	00:01:02.309	0.98202	0.98202			6
2024.05.16	00:01:02.338	0.98198	0.98198			6
2024.05.16	00:01:03.413	0.98197	0.98197			6
2024.05.16	00:01:03.927	0.98198	0.98198			6
2024.05.16	00:01:03.960	0.98197	0.98197			6
2024.05.16	00:01:04.493	0.98198	0.98198			6
2024.05.16	00:01:16.830	0.98197	0.98197			6
2024.05.16	00:01:16.861	0.98198	0.98198			6
2024.05.16	00:02:42.420	0.98199	0.98199			6
2024.05.16	00:03:22.258	0.98203	0.98203			6
2024.05.16	00:03:42.397	0.98199	0.98199			6
2024.05.16	00:03:46.024	0.98203	0.98203			6
2024.05.16	00:03:49.774	0.98199	0.98199			6
2024.05.16	00:03:52.855	0.98203	0.98203			6
2024.05.16	00:03:58.053	0.98199	0.98199			6
2024.05.16	00:04:01.052	0.98203	0.98203			6
2024.05.16	00:04:10.104	0.98199	0.98199			6
2024.05.16	00:04:15.422	0.98203	0.98203			6
2024.05.16	00:04:30.306	0.98199	0.98199			6
2024.05.16	00:04:38.602	0.98203	0.98203			6
2024.05.16	00:04:49.798	0.98199	0.98199			6
2024.05.16	00:04:54.343	0.98203	0.98203			6
2024.05.16	00:05:09.408	0.98199	0.98199			6
2024.05.16	00:05:29.694	0.98203	0.98203			6
2024.05.16	00:05:38.574	0.98199	0.98199			6
2024.05.16	00:05:57.405	0.98203	0.98203			6
2024.05.16	00:06:02.052	0.98203				2
2024.05.16	00:06:19.152	0.98199	0.98199			6
2024.05.16	00:06:46.888	0.98203	0.98203			6
2024.05.16	00:06:49.204	0.98199	0.98199			6
2024.05.16	00:07:13.512	0.98203	0.98203			6
2024.05.16	00:07:25.981	0.98200	0.98200			6
2024.05.16	00:08:26.815	0.98199	0.98199			6
2024.05.16	00:09:33.486	0.98195	0.98195			6
2024.05.16	00:10:00.196	0.98194	0.98194			6
2024.05.16	00:10:00.803	0.98195	0.98195			6
2024.05.16	00:10:03.185	0.98190	0.98190			6
2024.05.16	00:10:05.188	0.98200	0.98200			6
2024.05.16	00:11:13.262	0.98190	0.98190			6
2024.05.16	00:11:18.351	0.98185	0.98185			6
2024.05.16	00:11:19.093	0.98184	0.98184			6
2024.05.16	00:11:30.292	0.98183	0.98183			6
2024.05.16	00:11:31.281	0.98184	0.98184			6
2024.05.16	00:11:31.689	0.98191	0.98191			6
2024.05.16	00:11:32.031	0.98192	0.98192			6
2024.05.16	00:11:33.092	0.98188	0.98188			6
2024.05.16	00:11:33.583	0.98185	0.98185			6
2024.05.16	00:11:33.973	0.98190	0.98190			6
2024.05.16	00:11:34.991	0.98195	0.98195			6
2024.05.16	00:11:35.475	0.98191	0.98191			6
2024.05.16	00:11:35.868	0.98196	0.98196			6
2024.05.16	00:11:36.122	0.98204	0.98204			6
2024.05.16	00:11:36.151	0.98203	0.98203			6
2024.05.16	00:11:36.212	0.98210	0.98210			6
2024.05.16	00:11:36.509	0.98208	0.98208			6
2024.05.16	00:11:36.685	0.98195	0.98195			6
2024.05.16	00:11:36.984	0.98189	0.98189			6
2024.05.16	00:11:37.043	0.98198	0.98198			6
2024.05.16	00:11:37.229	0.98191	0.98191			6
2024.05.16	00:11:37.259	0.98187	0.98187			6
2024.05.16	00:11:37.289	0.98196	0.98196			6
2024.05.16	00:11:37.348	0.98183	0.98183			6
2024.05.16	00:11:37.408	0.98192	0.98192			6
2024.05.16	00:11:37.947	0.98197	0.98197			6
2024.05.16	00:11:38.184	0.98208	0.98208			6
2024.05.16	00:11:38.352	0.98211	0.98211			6
2024.05.16	00:11:38.730	0.98210	0.98210			6
2024.05.16	00:11:38.790	0.98215	0.98215			6
2024.05.16	00:11:38.820	0.98204	0.98204			6
2024.05.16	00:11:39.103	0.98192	0.98192			6
2024.05.16	00:11:39.133	0.98205	0.98205			6
2024.05.16	00:11:39.263	0.98214	0.98214			6
2024.05.16	00:11:39.806	0.98216	0.98216			6
2024.05.16	00:11:40.032	0.98214	0.98214			6
2024.05.16	00:11:40.222	0.98210	0.98210			6
2024.05.16	00:11:40.495	0.98211	0.98211			6
2024.05.16	00:11:40.970	0.98204	0.98204			6
2024.05.16	00:11:41.067	0.98192	0.98192			6
2024.05.16	00:11:41.188	0.98186	0.98186			6
2024.05.16	00:11:41.851	0.98196	0.98196			6
2024.05.16	00:11:42.069	0.98201	0.98201			6
2024.05.16	00:11:42.468	0.98205	0.98205			6
2024.05.16	00:11:42.722	0.98206	0.98206			6
2024.05.16	00:11:42.923	0.98205	0.98205			6
2024.05.16	00:11:42.982	0.98199	0.98199			6
2024.05.16	00:11:43.163	0.98212	0.98212			6
2024.05.16	00:11:43.263	0.98202	0.98202			6
2024.05.16	00:11:43.293	0.98194	0.98194			6
2024.05.16	00:11:43.700	0.98190	0.98190			6
2024.05.16	00:11:44.754	0.98213	0.98213			6
2024.05.16	00:11:49.946	0.98183	0.98183			6
2024.05.16	00:11:58.762	0.98184	0.98184			6
2024.05.16	00:11:59.698	0.98183	0.98183			6
2024.05.16	00:11:59.907	0.98184	0.98184			6
2024.05.16	00:11:59.938	0.98183	0.98183			6
2024.05.16	00:12:01.307	0.98184	0.98184			6
2024.05.16	00:12:01.577	0.98183	0.98183			6
2024.05.16	00:12:02.713	0.98184	0.98184			6
2024.05.16	00:12:10.711	0.98183	0.98183			6
2024.05.16	00:12:11.012	0.98184	0.98184			6
2024.05.16	00:12:11.072	0.98183	0.98183			6
2024.05.16	00:12:11.163	0.98184	0.98184			6
2024.05.16	00:12:11.283	0.98183	0.98183			6
2024.05.16	00:12:11.642	0.98184	0.98184			6
2024.05.16	00:12:11.673	0.98183	0.98183			6
2024.05.16	00:12:11.734	0.98184	0.98184			6
2024.05.16	00:12:11.765	0.98183	0.98183			6
2024.05.16	00:12:12.245	0.98184	0.98184			6
2024.05.16	00:12:12.275	0.98183	0.98183			6
2024.05.16	00:12:15.070	0.98184	0.98184			6
2024.05.16	00:12:15.221	0.98183	0.98183			6
2024.05.16	00:12:15.402	0.98184	0.98184			6
2024.05.16	00:12:15.552	0.98183	0.98183			6
2024.05.16	00:12:16.264	0.98184	0.98184			6
2024.05.16	00:12:16.293	0.98183	0.98183			6
2024.05.16	00:12:16.713	0.98184	0.98184			6
2024.05.16	00:12:16.774	0.98183	0.98183			6
2024.05.16	00:12:17.488	0.98184	0.98184			6
2024.05.16	00:12:17.518	0.98183	0.98183			6
2024.05.16	00:12:17.908	0.98184	0.98184			6
2024.05.16	00:12:17.998	0.98183	0.98183			6
2024.05.16	00:12:18.119	0.98184	0.98184			6
2024.05.16	00:12:18.359	0.98183	0.98183			6
2024.05.16	00:12:18.726	0.98184	0.98184			6
2024.05.16	00:12:18.756	0.98183	0.98183			6
2024.05.16	00:12:19.854	0.98184	0.98184			6
2024.05.16	00:12:20.035	0.98183	0.98183			6
2024.05.16	00:12:20.606	0.98184	0.98184			6
2024.05.16	00:12:20.829	0.98183	0.98183			6
2024.05.16	00:12:20.888	0.98184	0.98184			6
2024.05.16	00:12:20.948	0.98183	0.98183			6
2024.05.16	00:12:21.129	0.98184	0.98184			6
2024.05.16	00:12:21.219	0.98183	0.98183			6
2024.05.16	00:12:21.561	0.98184	0.98184			6
2024.05.16	00:12:21.620	0.98183	0.98183			6
2024.05.16	00:12:21.681	0.98184	0.98184			6
2024.05.16	00:12:21.833	0.98183	0.98183			6
2024.05.16	00:12:21.983	0.98184	0.98184			6
2024.05.16	00:12:22.438	0.98183	0.98183			6
2024.05.16	00:12:24.990	0.98184	0.98184			6
2024.05.16	00:12:25.081	0.98183	0.98183			6
2024.05.16	00:12:25.111	0.98184	0.98184			6
2024.05.16	00:12:25.329	0.98183	0.98183			6
2024.05.16	00:12:25.569	0.98184	0.98184			6
2024.05.16	00:12:26.130	0.98183	0.98183			6
2024.05.16	00:12:26.280	0.98184	0.98184			6
2024.05.16	00:12:26.372	0.98183	0.98183			6
2024.05.16	00:12:26.522	0.98184	0.98184			6
2024.05.16	00:12:26.552	0.98183	0.98183			6
2024.05.16	00:12:26.702	0.98184	0.98184			6
2024.05.16	00:12:26.732	0.98183	0.98183			6
2024.05.16	00:12:26.793	0.98184	0.98184			6
2024.05.16	00:12:26.882	0.98183	0.98183			6
2024.05.16	00:12:27.222	0.98184	0.98184			6
2024.05.16	00:12:27.312	0.98183	0.98183			6
2024.05.16	00:12:27.769	0.98184	0.98184			6
2024.05.16	00:12:27.798	0.98183	0.98183			6
2024.05.16	00:12:28.309	0.98184	0.98184			6
2024.05.16	00:12:28.339	0.98183	0.98183			6
2024.05.16	00:12:28.429	0.98184	0.98184			6
2024.05.16	00:12:28.459	0.98183	0.98183			6
2024.05.16	00:12:28.800	0.98184	0.98184			6
2024.05.16	00:12:28.830	0.98183	0.98183			6
2024.05.16	00:12:29.130	0.98184	0.98184			6
2024.05.16	00:12:29.190	0.98183	0.98183			6
2024.05.16	00:12:29.683	0.98184	0.98184			6
2024.05.16	00:12:29.714	0.98183	0.98183			6
2024.05.16	00:12:29.961	0.98184	0.98184			6
2024.05.16	00:12:30.020	0.98183	0.98183			6
2024.05.16	00:12:30.171	0.98184	0.98184			6
2024.05.16	00:12:30.231	0.98183	0.98183			6
2024.05.16	00:12:30.440	0.98184	0.98184			6
2024.05.16	00:12:30.471	0.98183	0.98183			6
2024.05.16	00:12:30.862	0.98184	0.98184			6
2024.05.16	00:12:31.075	0.98183	0.98183			6
2024.05.16	00:12:32.220	0.98184	0.98184			6
2024.05.16	00:12:32.341	0.98183	0.98183			6
2024.05.16	00:12:33.483	0.98184	0.98184			6
2024.05.16	00:12:33.542	0.98183	0.98183			6
2024.05.16	00:12:40.222	0.98184	0.98184			6
2024.05.16	00:12:40.253	0.98183	0.98183			6
2024.05.16	00:12:41.179	0.98184	0.98184			6
2024.05.16	00:12:41.360	0.98183	0.98183			6
2024.05.16	00:12:41.539	0.98184	0.98184			6
2024.05.16	00:12:41.599	0.98183	0.98183			6
2024.05.16	00:12:42.374	0.98184	0.98184			6
2024.05.16	00:12:42.947	0.98183	0.98183			6
2024.05.16	00:12:43.036	0.98184	0.98184			6
2024.05.16	00:12:43.126	0.98183	0.98183			6
2024.05.16	00:12:43.428	0.98184	0.98184			6
2024.05.16	00:12:43.458	0.98183	0.98183			6
2024.05.16	00:12:43.805	0.98184	0.98184			6
2024.05.16	00:12:43.864	0.98183	0.98183			6
2024.05.16	00:12:44.388	0.98184	0.98184			6
2024.05.16	00:12:44.448	0.98183	0.98183			6
2024.05.16	00:12:44.568	0.98184	0.98184			6
2024.05.16	00:12:44.752	0.98183	0.98183			6
2024.05.16	00:12:45.588	0.98184	0.98184			6
2024.05.16	00:12:45.649	0.98183	0.98183			6
2024.05.16	00:12:45.768	0.98184	0.98184			6
2024.05.16	00:12:45.798	0.98183	0.98183			6
2024.05.16	00:12:46.039	0.98178	0.98178			6
2024.05.16	00:12:48.699	0.98183	0.98183			6
2024.05.16	00:12:48.978	0.98184	0.98184			6
2024.05.16	00:12:49.039	0.98183	0.98183			6
2024.05.16	00:12:49.519	0.98184	0.98184			6
2024.05.16	00:12:49.640	0.98183	0.98183			6
2024.05.16	00:12:49.820	0.98184	0.98184			6
2024.05.16	00:12:49.849	0.98183	0.98183			6
2024.05.16	00:12:49.946	0.98184	0.98184			6
2024.05.16	00:12:50.008	0.98183	0.98183			6
2024.05.16	00:12:50.247	0.98184	0.98184			6
2024.05.16	00:12:50.337	0.98183	0.98183			6
2024.05.16	00:12:50.459	0.98184	0.98184			6
2024.05.16	00:12:50.819	0.98183	0.98183			6
2024.05.16	00:12:51.015	0.98184	0.98184			6
2024.05.16	00:12:51.436	0.98183	0.98183			6
2024.05.16	00:12:51.466	0.98184	0.98184			6
2024.05.16	00:12:51.677	0.98183	0.98183			6
2024.05.16	00:12:51.826	0.98184	0.98184			6
2024.05.16	00:12:51.887	0.98183	0.98183			6
2024.05.16	00:12:52.100	0.98184	0.98184			6
2024.05.16	00:12:52.160	0.98183	0.98183			6
2024.05.16	00:12:52.411	0.98184	0.98184			6
2024.05.16	00:12:52.471	0.98183	0.98183			6
2024.05.16	00:12:52.531	0.98184	0.98184			6
2024.05.16	00:12:52.561	0.98183	0.98183			6
2024.05.16	00:12:52.622	0.98184	0.98184			6
2024.05.16	00:12:54.649	0.98183	0.98183			6
2024.05.16	00:12:54.740	0.98184	0.98184			6
2024.05.16	00:12:54.769	0.98183	0.98183			6
2024.05.16	00:12:54.799	0.98184	0.98184			6
2024.05.16	00:12:54.829	0.98183	0.98183			6
2024.05.16	00:12:54.920	0.98184	0.98184			6
2024.05.16	00:12:55.009	0.98183	0.98183			6
2024.05.16	00:12:55.069	0.98184	0.98184			6
2024.05.16	00:12:55.189	0.98183	0.98183			6
2024.05.16	00:12:55.218	0.98184	0.98184			6
2024.05.16	00:12:55.249	0.98183	0.98183			6
2024.05.16	00:12:55.501	0.98184	0.98184			6
2024.05.16	00:12:55.923	0.98183	0.98183			6
2024.05.16	00:12:55.954	0.98184	0.98184			6
2024.05.16	00:12:56.252	0.98183	0.98183			6
2024.05.16	00:12:56.343	0.98184	0.98184			6
2024.05.16	00:12:56.524	0.98183	0.98183			6
2024.05.16	00:12:56.645	0.98184	0.98184			6
2024.05.16	00:12:56.734	0.98183	0.98183			6
2024.05.16	00:12:56.766	0.98184	0.98184			6
2024.05.16	00:12:57.068	0.98183	0.98183			6
2024.05.16	00:12:57.098	0.98184	0.98184			6
2024.05.16	00:12:57.127	0.98183	0.98183			6
2024.05.16	00:12:57.158	0.98184	0.98184			6
2024.05.16	00:12:57.188	0.98183	0.98183			6
2024.05.16	00:12:57.277	0.98184	0.98184			6
2024.05.16	00:12:57.308	0.98183	0.98183			6
2024.05.16	00:12:57.488	0.98184	0.98184			6
2024.05.16	00:12:57.618	0.98183	0.98183			6
2024.05.16	00:12:57.678	0.98184	0.98184			6
2024.05.16	00:12:57.888	0.98183	0.98183			6
2024.05.16	00:12:58.039	0.98184	0.98184			6
2024.05.16	00:12:58.492	0.98183	0.98183			6
2024.05.16	00:12:58.794	0.98184	0.98184			6
2024.05.16	00:12:59.095	0.98183	0.98183			6
2024.05.16	00:12:59.244	0.98184	0.98184			6
2024.05.16	00:12:59.848	0.98183	0.98183			6
2024.05.16	00:12:59.999	0.98184	0.98184			6
2024.05.16	00:13:00.059	0.98183	0.98183			6
2024.05.16	00:13:00.118	0.98184	0.98184			6
2024.05.16	00:13:00.238	0.98183	0.98183			6
2024.05.16	00:13:00.299	0.98184	0.98184			6
2024.05.16	00:13:00.329	0.98183	0.98183			6
2024.05.16	00:13:00.388	0.98184	0.98184			6
2024.05.16	00:13:00.651	0.98183	0.98183			6
2024.05.16	00:13:00.681	0.98184	0.98184			6
2024.05.16	00:13:00.801	0.98183	0.98183			6
2024.05.16	00:13:00.981	0.98184	0.98184			6
2024.05.16	00:13:01.358	0.98183	0.98183			6
2024.05.16	00:13:01.388	0.98184	0.98184			6
2024.05.16	00:13:01.597	0.98183	0.98183			6
2024.05.16	00:13:01.698	0.98184	0.98184			6
2024.05.16	00:13:02.421	0.98183	0.98183			6
2024.05.16	00:13:02.451	0.98184	0.98184			6
2024.05.16	00:13:02.511	0.98183	0.98183			6
2024.05.16	00:13:02.674	0.98184	0.98184			6
2024.05.16	00:13:02.794	0.98183	0.98183			6
2024.05.16	00:13:02.824	0.98184	0.98184			6
2024.05.16	00:13:02.883	0.98183	0.98183			6
2024.05.16	00:13:02.913	0.98184	0.98184			6
2024.05.16	00:13:03.034	0.98183	0.98183			6
2024.05.16	00:13:03.064	0.98184	0.98184			6
2024.05.16	00:13:03.514	0.98183	0.98183			6
2024.05.16	00:13:03.681	0.98184	0.98184			6
2024.05.16	00:13:04.144	0.98183	0.98183			6
2024.05.16	00:13:04.205	0.98184	0.98184			6
2024.05.16	00:13:04.263	0.98183	0.98183			6
2024.05.16	00:13:04.506	0.98184	0.98184			6
2024.05.16	00:13:04.807	0.98183	0.98183			6
2024.05.16	00:13:04.958	0.98184	0.98184			6
2024.05.16	00:13:05.085	0.98183	0.98183			6
2024.05.16	00:13:05.115	0.98184	0.98184			6
2024.05.16	00:13:05.144	0.98183	0.98183			6
2024.05.16	00:13:05.235	0.98184	0.98184			6
2024.05.16	00:13:06.100	0.98183	0.98183			6
2024.05.16	00:13:06.221	0.98184	0.98184			6
2024.05.16	00:13:06.282	0.98183	0.98183			6
2024.05.16	00:13:06.423	0.98184	0.98184			6
2024.05.16	00:13:07.200	0.98183	0.98183			6
2024.05.16	00:13:07.381	0.98184	0.98184			6
2024.05.16	00:13:07.620	0.98183	0.98183			6
2024.05.16	00:13:07.711	0.98184	0.98184			6
2024.05.16	00:13:07.741	0.98183	0.98183			6
2024.05.16	00:13:08.313	0.98184	0.98184			6
2024.05.16	00:13:09.092	0.98183	0.98183			6
2024.05.16	00:13:09.182	0.98184	0.98184			6
2024.05.16	00:13:09.213	0.98183	0.98183			6
2024.05.16	00:13:09.576	0.98184	0.98184			6
2024.05.16	00:13:09.787	0.98183	0.98183			6
2024.05.16	00:13:09.817	0.98184	0.98184			6
2024.05.16	00:13:10.419	0.98183	0.98183			6
2024.05.16	00:13:10.509	0.98184	0.98184			6
2024.05.16	00:13:10.599	0.98183	0.98183			6
2024.05.16	00:13:11.083	0.98184	0.98184			6
2024.05.16	00:13:11.293	0.98183	0.98183			6
2024.05.16	00:13:11.630	0.98184	0.98184			6
2024.05.16	00:13:11.691	0.98183	0.98183			6
2024.05.16	00:13:11.781	0.98184	0.98184			6
2024.05.16	00:13:11.902	0.98183	0.98183			6
2024.05.16	00:13:12.081	0.98184	0.98184			6
2024.05.16	00:13:12.291	0.98183	0.98183			6
2024.05.16	00:13:12.321	0.98184	0.98184			6
2024.05.16	00:13:12.411	0.98183	0.98183			6
2024.05.16	00:13:12.441	0.98184	0.98184			6
2024.05.16	00:13:12.622	0.98183	0.98183			6
2024.05.16	00:13:12.711	0.98184	0.98184			6
2024.05.16	00:13:12.771	0.98183	0.98183			6
2024.05.16	00:13:13.042	0.98184	0.98184			6
2024.05.16	00:13:13.161	0.98183	0.98183			6
2024.05.16	00:13:13.221	0.98184	0.98184			6
2024.05.16	00:13:13.671	0.98183	0.98183			6
2024.05.16	00:13:13.702	0.98184	0.98184			6
2024.05.16	00:13:16.012	0.98183	0.98183			6
2024.05.16	00:13:58.101	0.98184	0.98184			6
2024.05.16	00:13:58.131	0.98183	0.98183			6
2024.05.16	00:13:58.762	0.98184	0.98184			6
2024.05.16	00:13:58.822	0.98183	0.98183			6
2024.05.16	00:13:59.091	0.98184	0.98184			6
2024.05.16	00:13:59.122	0.98183	0.98183			6
2024.05.16	00:14:01.029	0.98184	0.98184			6
2024.05.16	00:14:01.268	0.98183	0.98183			6
2024.05.16	00:14:06.887	0.98184	0.98184			6
2024.05.16	00:14:07.008	0.98183	0.98183			6
2024.05.16	00:14:07.068	0.98184	0.98184			6
2024.05.16	00:14:07.098	0.98183	0.98183			6
2024.05.16	00:14:10.350	0.98184	0.98184			6
2024.05.16	00:14:10.381	0.98183	0.98183			6
2024.05.16	00:14:12.469	0.98184	0.98184			6
2024.05.16	00:14:12.529	0.98183	0.98183			6
2024.05.16	00:14:12.559	0.98184	0.98184			6
2024.05.16	00:14:12.680	0.98183	0.98183			6
2024.05.16	00:14:13.100	0.98184	0.98184			6
2024.05.16	00:14:13.161	0.98183	0.98183			6
2024.05.16	00:14:13.371	0.98184	0.98184			6
2024.05.16	00:14:13.401	0.98183	0.98183			6
2024.05.16	00:14:15.417	0.98184	0.98184			6
2024.05.16	00:14:15.448	0.98183	0.98183			6
2024.05.16	00:14:17.874	0.98184	0.98184			6
2024.05.16	00:14:17.905	0.98183	0.98183			6
2024.05.16	00:14:17.935	0.98184	0.98184			6
2024.05.16	00:14:17.965	0.98183	0.98183			6
2024.05.16	00:14:18.565	0.98184	0.98184			6
2024.05.16	00:14:18.595	0.98183	0.98183			6
2024.05.16	00:14:18.955	0.98184	0.98184			6
2024.05.16	00:14:19.076	0.98183	0.98183			6
2024.05.16	00:14:22.484	0.98184	0.98184			6
2024.05.16	00:14:22.875	0.98183	0.98183			6
2024.05.16	00:14:24.080	0.98184	0.98184			6
2024.05.16	00:14:24.111	0.98183	0.98183			6
2024.05.16	00:14:24.201	0.98184	0.98184			6
2024.05.16	00:14:24.231	0.98183	0.98183			6
2024.05.16	00:14:24.742	0.98184	0.98184			6
2024.05.16	00:14:24.772	0.98183	0.98183			6
2024.05.16	00:14:24.801	0.98184	0.98184			6
2024.05.16	00:14:24.832	0.98183	0.98183			6
2024.05.16	00:14:26.014	0.98184	0.98184			6
2024.05.16	00:14:26.103	0.98183	0.98183			6
2024.05.16	00:14:26.165	0.98184	0.98184			6
2024.05.16	00:14:26.195	0.98183	0.98183			6
2024.05.16	00:14:27.371	0.98184	0.98184			6
2024.05.16	00:14:27.431	0.98183	0.98183			6
2024.05.16	00:14:28.122	0.98184	0.98184			6
2024.05.16	00:14:28.153	0.98183	0.98183			6
2024.05.16	00:14:31.329	0.98184	0.98184			6
2024.05.16	00:14:31.540	0.98183	0.98183			6
2024.05.16	00:14:32.776	0.98184	0.98184			6
2024.05.16	00:14:32.838	0.98183	0.98183			6
2024.05.16	00:14:35.361	0.98184	0.98184			6
2024.05.16	00:14:35.391	0.98183	0.98183			6
2024.05.16	00:14:35.782	0.98184	0.98184			6
2024.05.16	00:14:35.812	0.98183	0.98183			6
2024.05.16	00:14:35.872	0.98184	0.98184			6
2024.05.16	00:14:35.902	0.98183	0.98183			6
2024.05.16	00:14:36.998	0.98184	0.98184			6
2024.05.16	00:14:37.028	0.98183	0.98183			6
2024.05.16	00:14:37.207	0.98184	0.98184			6
2024.05.16	00:14:37.238	0.98183	0.98183			6
2024.05.16	00:14:39.440	0.98184	0.98184			6
2024.05.16	00:14:39.471	0.98183	0.98183			6
2024.05.16	00:14:40.271	0.98184	0.98184			6
2024.05.16	00:14:40.301	0.98183	0.98183			6
2024.05.16	00:14:41.187	0.98184	0.98184			6
2024.05.16	00:14:41.247	0.98183	0.98183			6
2024.05.16	00:14:43.032	0.98179	0.98179			6
2024.05.16	00:15:42.848	0.98178	0.98178			6
2024.05.16	00:15:46.848	0.98184	0.98184			6
2024.05.16	00:16:10.770	0.98178	0.98178			6
2024.05.16	00:16:33.755	0.98183	0.98183			6
2024.05.16	00:16:40.064	0.98187	0.98187			6
2024.05.16	00:16:40.155	0.98183	0.98183			6
2024.05.16	00:17:43.043	0.98184	0.98184			6
2024.05.16	00:18:44.122	0.98184	0.98184			6
2024.05.16	00:18:48.021	0.98181	0.98181			6
2024.05.16	00:18:50.568	0.98184	0.98184			6
2024.05.16	00:18:57.444	0.98179	0.98179			6
2024.05.16	00:18:58.676	0.98184	0.98184			6
2024.05.16	00:18:59.477	0.98180	0.98180			6
2024.05.16	00:18:59.566	0.98184	0.98184			6
2024.05.16	00:19:23.182	0.98183	0.98183			6
2024.05.16	00:19:23.723	0.98182	0.98182			6
2024.05.16	00:19:25.869	0.98181	0.98181			6
2024.05.16	00:19:30.183	0.98184	0.98184			6
2024.05.16	00:20:32.169	0.98194	0.98194			6
2024.05.16	00:20:32.199	0.98184	0.98184			6
2024.05.16	00:20:32.722	0.98194	0.98194			6
2024.05.16	00:20:33.057	0.98188	0.98188			6
2024.05.16	00:20:33.325	0.98194	0.98194			6
2024.05.16	00:20:33.355	0.98197	0.98197			6
2024.05.16	00:20:33.417	0.98192	0.98192			6
2024.05.16	00:20:33.477	0.98198	0.98198			6
2024.05.16	00:20:33.536	0.98192	0.98192			6
2024.05.16	00:20:34.818	0.98198	0.98198			6
2024.05.16	00:20:34.907	0.98192	0.98192			6
2024.05.16	00:20:36.901	0.98198	0.98198			6
2024.05.16	00:20:36.961	0.98192	0.98192			6
2024.05.16	00:20:37.667	0.98178	0.98178			6
2024.05.16	00:20:38.268	0.98192	0.98192			6
2024.05.16	00:20:38.298	0.98178	0.98178			6
2024.05.16	00:20:38.488	0.98192	0.98192			6
2024.05.16	00:20:42.100	0.98184	0.98184			6
2024.05.16	00:20:42.671	0.98198	0.98198			6
2024.05.16	00:20:45.168	0.98184	0.98184			6
2024.05.16	00:20:45.198	0.98198	0.98198			6
2024.05.16	00:20:45.476	0.98184	0.98184			6
2024.05.16	00:20:45.596	0.98185	0.98185			6
2024.05.16	00:20:45.625	0.98184	0.98184			6
2024.05.16	00:20:45.686	0.98185	0.98185			6
2024.05.16	00:20:45.716	0.98184	0.98184			6
2024.05.16	00:20:45.805	0.98198	0.98198			6
2024.05.16	00:20:47.529	0.98185	0.98185			6
2024.05.16	00:21:01.786	0.98187	0.98187			6
2024.05.16	00:21:01.816	0.98185	0.98185			6
2024.05.16	00:21:03.684	0.98191	0.98191			6
2024.05.16	00:21:03.774	0.98187	0.98187			6
2024.05.16	00:21:03.895	0.98185	0.98185			6
2024.05.16	00:21:09.272	0.98187	0.98187			6
2024.05.16	00:21:09.661	0.98185	0.98185			6
2024.05.16	00:21:09.781	0.98187	0.98187			6
2024.05.16	00:21:09.871	0.98185	0.98185			6
2024.05.16	00:21:10.564	0.98187	0.98187			6
2024.05.16	00:21:10.624	0.98185	0.98185			6
2024.05.16	00:21:10.984	0.98189	0.98189			6
2024.05.16	00:21:11.076	0.98187	0.98187			6
2024.05.16	00:21:11.166	0.98185	0.98185			6
2024.05.16	00:21:11.406	0.98198	0.98198			6
2024.05.16	00:21:16.071	0.98199	0.98199			6
2024.05.16	00:21:20.310	0.98205	0.98205			6
2024.05.16	00:21:25.008	0.98204	0.98204			6
2024.05.16	00:21:25.038	0.98205	0.98205			6
2024.05.16	00:21:25.069	0.98204	0.98204			6
2024.05.16	00:21:25.099	0.98205	0.98205			6
2024.05.16	00:21:25.308	0.98204	0.98204			6
2024.05.16	00:21:25.340	0.98205	0.98205			6
2024.05.16	00:21:25.490	0.98204	0.98204			6
2024.05.16	00:21:25.549	0.98205	0.98205			6
2024.05.16	00:21:25.827	0.98204	0.98204			6
2024.05.16	00:21:25.858	0.98205	0.98205			6
2024.05.16	00:21:31.878	0.98204	0.98204			6
2024.05.16	00:21:31.969	0.98205	0.98205			6
2024.05.16	00:21:32.028	0.98204	0.98204			6
2024.05.16	00:21:32.059	0.98205	0.98205			6
2024.05.16	00:21:32.809	0.98204	0.98204			6
2024.05.16	00:21:32.840	0.98205	0.98205			6
2024.05.16	00:21:54.834	0.98204	0.98204			6
2024.05.16	00:21:54.864	0.98205	0.98205			6
2024.05.16	00:22:02.726	0.98199	0.98199			6
2024.05.16	00:22:08.172	0.98205	0.98205			6
2024.05.16	00:22:08.382	0.98199	0.98199			6
2024.05.16	00:22:10.044	0.98194	0.98194			6
2024.05.16	00:22:10.106	0.98184	0.98184			6
2024.05.16	00:22:14.631	0.98193	0.98193			6
2024.05.16	00:22:14.873	0.98196	0.98196			6
2024.05.16	00:22:14.903	0.98195	0.98195			6
2024.05.16	00:22:14.932	0.98194	0.98194			6
2024.05.16	00:22:14.963	0.98192	0.98192			6
2024.05.16	00:22:14.994	0.98201	0.98201			6
2024.05.16	00:22:15.024	0.98197	0.98197			6
2024.05.16	00:22:15.053	0.98193	0.98193			6
2024.05.16	00:22:15.173	0.98194	0.98194			6
2024.05.16	00:22:15.203	0.98199	0.98199			6
2024.05.16	00:22:15.232	0.98196	0.98196			6
2024.05.16	00:22:15.263	0.98197	0.98197			6
2024.05.16	00:22:15.323	0.98196	0.98196			6
2024.05.16	00:22:15.354	0.98195	0.98195			6
2024.05.16	00:22:15.384	0.98197	0.98197			6
2024.05.16	00:22:15.414	0.98198	0.98198			6
2024.05.16	00:22:15.444	0.98197	0.98197			6
2024.05.16	00:22:15.474	0.98193	0.98193			6
2024.05.16	00:22:15.533	0.98198	0.98198			6
2024.05.16	00:22:15.563	0.98196	0.98196			6
2024.05.16	00:22:15.624	0.98194	0.98194			6
2024.05.16	00:22:15.653	0.98195	0.98195			6
2024.05.16	00:22:15.683	0.98192	0.98192			6
2024.05.16	00:22:15.714	0.98197	0.98197			6
2024.05.16	00:22:15.745	0.98194	0.98194			6
2024.05.16	00:22:15.774	0.98193	0.98193			6
2024.05.16	00:22:15.805	0.98194	0.98194			6
2024.05.16	00:22:15.839	0.98195	0.98195			6
2024.05.16	00:22:15.869	0.98197	0.98197			6
2024.05.16	00:22:15.898	0.98196	0.98196			6
2024.05.16	00:22:15.929	0.98197	0.98197			6
2024.05.16	00:22:15.959	0.98196	0.98196			6
2024.05.16	00:22:15.989	0.98195	0.98195			6
2024.05.16	00:22:16.049	0.98196	0.98196			6
2024.05.16	00:22:16.079	0.98195	0.98195			6
2024.05.16	00:22:16.109	0.98194	0.98194			6
2024.05.16	00:22:16.140	0.98195	0.98195			6
2024.05.16	00:22:16.170	0.98198	0.98198			6
2024.05.16	00:22:16.200	0.98195	0.98195			6
2024.05.16	00:22:16.230	0.98199	0.98199			6
2024.05.16	00:22:16.260	0.98195	0.98195			6
2024.05.16	00:22:16.350	0.98198	0.98198			6
2024.05.16	00:22:16.411	0.98194	0.98194			6
2024.05.16	00:22:16.441	0.98198	0.98198			6
2024.05.16	00:22:16.471	0.98195	0.98195			6
2024.05.16	00:22:16.502	0.98198	0.98198			6
2024.05.16	00:22:16.532	0.98195	0.98195			6
2024.05.16	00:22:16.591	0.98199	0.98199			6
2024.05.16	00:22:16.622	0.98195	0.98195			6
2024.05.16	00:22:16.681	0.98196	0.98196			6
2024.05.16	00:22:16.710	0.98198	0.98198			6
2024.05.16	00:22:16.740	0.98196	0.98196			6
2024.05.16	00:22:16.770	0.98199	0.98199			6
2024.05.16	00:22:16.801	0.98198	0.98198			6
2024.05.16	00:22:16.832	0.98196	0.98196			6
2024.05.16	00:22:21.952	0.98199	0.98199			6
2024.05.16	00:22:21.982	0.98194	0.98194			6
2024.05.16	00:22:22.013	0.98198	0.98198			6
2024.05.16	00:22:22.043	0.98193	0.98193			6
2024.05.16	00:22:22.073	0.98194	0.98194			6
2024.05.16	00:22:22.104	0.98195	0.98195			6
2024.05.16	00:22:22.134	0.98198	0.98198			6
2024.05.16	00:22:22.164	0.98200	0.98200			6
2024.05.16	00:22:22.195	0.98198	0.98198			6
2024.05.16	00:22:22.224	0.98199	0.98199			6
2024.05.16	00:22:22.254	0.98198	0.98198			6
2024.05.16	00:22:22.283	0.98200	0.98200			6
2024.05.16	00:22:22.314	0.98196	0.98196			6
2024.05.16	00:22:22.404	0.98194	0.98194			6
2024.05.16	00:22:22.434	0.98198	0.98198			6
2024.05.16	00:22:22.463	0.98193	0.98193			6
2024.05.16	00:22:23.032	0.98196	0.98196			6
2024.05.16	00:22:23.091	0.98193	0.98193			6
2024.05.16	00:22:23.157	0.98196	0.98196			6
2024.05.16	00:22:23.248	0.98193	0.98193			6
2024.05.16	00:22:23.278	0.98195	0.98195			6
2024.05.16	00:22:23.337	0.98196	0.98196			6
2024.05.16	00:22:23.369	0.98191	0.98191			6
2024.05.16	00:22:23.398	0.98190	0.98190			6
2024.05.16	00:22:23.427	0.98194	0.98194			6
2024.05.16	00:22:23.458	0.98195	0.98195			6
2024.05.16	00:22:23.487	0.98193	0.98193			6
2024.05.16	00:22:23.518	0.98190	0.98190			6
2024.05.16	00:22:23.577	0.98191	0.98191			6
2024.05.16	00:22:23.608	0.98192	0.98192			6
2024.05.16	00:22:23.638	0.98191	0.98191			6
2024.05.16	00:22:23.728	0.98193	0.98193			6
2024.05.16	00:22:23.758	0.98190	0.98190			6
2024.05.16	00:22:23.818	0.98189	0.98189			6
2024.05.16	00:22:24.803	0.98186	0.98186			6
2024.05.16	00:22:24.833	0.98195	0.98195			6
2024.05.16	00:22:24.863	0.98193	0.98193			6
2024.05.16	00:22:24.893	0.98194	0.98194			6
2024.05.16	00:22:24.923	0.98192	0.98192			6
2024.05.16	00:22:24.953	0.98203	0.98203			6
2024.05.16	00:22:24.983	0.98197	0.98197			6
2024.05.16	00:22:25.013	0.98193	0.98193			6
2024.05.16	00:22:25.404	0.98197	0.98197			6
2024.05.16	00:22:25.434	0.98194	0.98194			6
2024.05.16	00:22:25.465	0.98197	0.98197			6
2024.05.16	00:22:25.526	0.98193	0.98193			6
2024.05.16	00:22:25.706	0.98195	0.98195			6
2024.05.16	00:22:25.736	0.98192	0.98192			6
2024.05.16	00:22:25.826	0.98193	0.98193			6
2024.05.16	00:22:25.887	0.98196	0.98196			6
2024.05.16	00:22:25.917	0.98195	0.98195			6
2024.05.16	00:22:25.946	0.98193	0.98193			6
2024.05.16	00:22:25.977	0.98192	0.98192			6
2024.05.16	00:22:26.006	0.98193	0.98193			6
2024.05.16	00:22:26.097	0.98192	0.98192			6
2024.05.16	00:22:26.127	0.98190	0.98190			6
2024.05.16	00:22:26.752	0.98186	0.98186			6
2024.05.16	00:22:26.781	0.98189	0.98189			6
2024.05.16	00:22:26.811	0.98190	0.98190			6
2024.05.16	00:22:26.841	0.98191	0.98191			6
2024.05.16	00:22:26.871	0.98197	0.98197			6
2024.05.16	00:22:26.901	0.98190	0.98190			6
2024.05.16	00:22:27.021	0.98192	0.98192			6
2024.05.16	00:22:27.051	0.98190	0.98190			6
2024.05.16	00:22:27.081	0.98195	0.98195			6
2024.05.16	00:22:27.111	0.98192	0.98192			6
2024.05.16	00:22:27.201	0.98191	0.98191			6
2024.05.16	00:22:27.231	0.98190	0.98190			6
2024.05.16	00:22:27.261	0.98191	0.98191			6
2024.05.16	00:22:27.290	0.98194	0.98194			6
2024.05.16	00:22:27.321	0.98190	0.98190			6
2024.05.16	00:22:27.351	0.98191	0.98191			6
2024.05.16	00:22:27.382	0.98194	0.98194			6
2024.05.16	00:22:27.412	0.98197	0.98197			6
2024.05.16	00:22:27.442	0.98198	0.98198			6
2024.05.16	00:22:27.473	0.98195	0.98195			6
2024.05.16	00:22:27.503	0.98193	0.98193			6
2024.05.16	00:22:27.536	0.98196	0.98196			6
2024.05.16	00:22:27.596	0.98195	0.98195			6
2024.05.16	00:22:27.626	0.98193	0.98193			6
2024.05.16	00:22:28.954	0.98196	0.98196			6
2024.05.16	00:22:31.555	0.98195	0.98195			6
2024.05.16	00:22:32.682	0.98191	0.98191			6
2024.05.16	00:22:32.712	0.98195	0.98195			6
2024.05.16	00:22:32.741	0.98194	0.98194			6
2024.05.16	00:22:32.771	0.98193	0.98193			6
2024.05.16	00:22:32.801	0.98191	0.98191			6
2024.05.16	00:22:32.831	0.98195	0.98195			6
2024.05.16	00:22:32.861	0.98193	0.98193			6
2024.05.16	00:22:32.891	0.98191	0.98191			6
2024.05.16	00:22:32.921	0.98192	0.98192			6
2024.05.16	00:22:32.951	0.98193	0.98193			6
2024.05.16	00:22:32.981	0.98191	0.98191			6
2024.05.16	00:22:33.560	0.98190	0.98190			6
2024.05.16	00:22:33.590	0.98187	0.98187			6
2024.05.16	00:22:33.680	0.98184	0.98184			6
2024.05.16	00:22:33.741	0.98186	0.98186			6
2024.05.16	00:22:33.802	0.98185	0.98185			6
2024.05.16	00:22:33.832	0.98186	0.98186			6
2024.05.16	00:22:33.863	0.98187	0.98187			6
2024.05.16	00:22:33.953	0.98188	0.98188			6
2024.05.16	00:22:34.013	0.98187	0.98187			6
2024.05.16	00:22:34.044	0.98195	0.98195			6
2024.05.16	00:22:34.072	0.98198	0.98198			6
2024.05.16	00:22:34.103	0.98194	0.98194			6
2024.05.16	00:22:34.134	0.98190	0.98190			6
2024.05.16	00:22:34.164	0.98191	0.98191			6
2024.05.16	00:22:34.195	0.98195	0.98195			6
2024.05.16	00:22:34.224	0.98194	0.98194			6
2024.05.16	00:22:34.315	0.98195	0.98195			6
2024.05.16	00:22:34.344	0.98192	0.98192			6
2024.05.16	00:22:34.374	0.98195	0.98195			6
2024.05.16	00:22:34.404	0.98192	0.98192			6
2024.05.16	00:22:34.463	0.98196	0.98196			6
2024.05.16	00:22:34.494	0.98191	0.98191			6
2024.05.16	00:22:34.525	0.98197	0.98197			6
2024.05.16	00:22:34.555	0.98191	0.98191			6
2024.05.16	00:22:34.584	0.98197	0.98197			6
2024.05.16	00:22:34.614	0.98192	0.98192			6
2024.05.16	00:22:34.644	0.98191	0.98191			6
2024.05.16	00:22:34.674	0.98196	0.98196			6
2024.05.16	00:22:34.704	0.98191	0.98191			6
2024.05.16	00:22:34.733	0.98195	0.98195			6
2024.05.16	00:22:34.763	0.98189	0.98189			6
2024.05.16	00:22:34.793	0.98190	0.98190			6
2024.05.16	00:22:34.824	0.98195	0.98195			6
2024.05.16	00:22:34.853	0.98190	0.98190			6
2024.05.16	00:22:34.884	0.98195	0.98195			6
2024.05.16	00:22:34.914	0.98187	0.98187			6
2024.05.16	00:22:34.944	0.98192	0.98192			6
2024.05.16	00:22:34.975	0.98193	0.98193			6
2024.05.16	00:22:35.004	0.98188	0.98188			6
2024.05.16	00:22:35.124	0.98187	0.98187			6
2024.05.16	00:22:35.154	0.98200	0.98200			6
2024.05.16	00:22:35.184	0.98198	0.98198			6
2024.05.16	00:22:35.268	0.98193	0.98193			6
2024.05.16	00:22:35.327	0.98198	0.98198			6
2024.05.16	00:22:35.417	0.98193	0.98193			6
2024.05.16	00:22:35.477	0.98198	0.98198			6
2024.05.16	00:22:35.507	0.98193	0.98193			6
2024.05.16	00:22:35.537	0.98191	0.98191			6
2024.05.16	00:22:35.568	0.98193	0.98193			6
2024.05.16	00:22:35.934	0.98199	0.98199			6
2024.05.16	00:22:38.075	0.98198	0.98198			6
2024.05.16	00:22:40.607	0.98195	0.98195			6
2024.05.16	00:22:40.637	0.98191	0.98191			6
2024.05.16	00:22:40.666	0.98195	0.98195			6
2024.05.16	00:22:40.695	0.98191	0.98191			6
2024.05.16	00:22:40.726	0.98193	0.98193			6
2024.05.16	00:22:40.756	0.98195	0.98195			6
2024.05.16	00:22:40.786	0.98192	0.98192			6
2024.05.16	00:22:40.846	0.98188	0.98188			6
2024.05.16	00:22:40.876	0.98194	0.98194			6
2024.05.16	00:22:40.908	0.98189	0.98189			6
2024.05.16	00:22:40.999	0.98187	0.98187			6
2024.05.16	00:22:41.059	0.98192	0.98192			6
2024.05.16	00:22:41.089	0.98188	0.98188			6
2024.05.16	00:22:41.119	0.98192	0.98192			6
2024.05.16	00:22:41.149	0.98188	0.98188			6
2024.05.16	00:22:41.179	0.98193	0.98193			6
2024.05.16	00:22:41.209	0.98188	0.98188			6
2024.05.16	00:22:41.270	0.98190	0.98190			6
2024.05.16	00:22:41.299	0.98188	0.98188			6
2024.05.16	00:22:41.329	0.98192	0.98192			6
2024.05.16	00:22:41.359	0.98188	0.98188			6
2024.05.16	00:22:41.389	0.98192	0.98192			6
2024.05.16	00:22:41.419	0.98191	0.98191			6
2024.05.16	00:22:41.449	0.98190	0.98190			6
2024.05.16	00:22:41.479	0.98191	0.98191			6
2024.05.16	00:22:41.509	0.98194	0.98194			6
2024.05.16	00:22:41.539	0.98195	0.98195			6
2024.05.16	00:22:41.569	0.98194	0.98194			6
2024.05.16	00:22:41.599	0.98197	0.98197			6
2024.05.16	00:22:41.630	0.98190	0.98190			6
2024.05.16	00:22:41.691	0.98194	0.98194			6
2024.05.16	00:22:41.721	0.98188	0.98188			6
2024.05.16	00:22:41.752	0.98191	0.98191			6
2024.05.16	00:22:41.781	0.98193	0.98193			6
2024.05.16	00:22:41.841	0.98195	0.98195			6
2024.05.16	00:22:41.871	0.98191	0.98191			6
2024.05.16	00:22:41.900	0.98196	0.98196			6
2024.05.16	00:22:41.931	0.98198	0.98198			6
2024.05.16	00:22:41.961	0.98193	0.98193			6
2024.05.16	00:22:41.992	0.98191	0.98191			6
2024.05.16	00:22:42.082	0.98190	0.98190			6
2024.05.16	00:22:42.113	0.98191	0.98191			6
2024.05.16	00:22:42.143	0.98190	0.98190			6
2024.05.16	00:22:42.202	0.98197	0.98197			6
2024.05.16	00:22:42.233	0.98189	0.98189			6
2024.05.16	00:22:42.262	0.98191	0.98191			6
2024.05.16	00:22:42.293	0.98195	0.98195			6
2024.05.16	00:22:42.323	0.98191	0.98191			6
2024.05.16	00:22:42.384	0.98190	0.98190			6
2024.05.16	00:22:42.415	0.98195	0.98195			6
2024.05.16	00:22:42.476	0.98190	0.98190			6
2024.05.16	00:22:42.506	0.98192	0.98192			6
2024.05.16	00:22:42.566	0.98196	0.98196			6
2024.05.16	00:22:42.626	0.98192	0.98192			6
2024.05.16	00:22:42.656	0.98188	0.98188			6
2024.05.16	00:22:42.686	0.98191	0.98191			6
2024.05.16	00:22:42.716	0.98188	0.98188			6
2024.05.16	00:22:42.746	0.98192	0.98192			6
2024.05.16	00:22:42.777	0.98191	0.98191			6
2024.05.16	00:22:42.837	0.98188	0.98188			6
2024.05.16	00:22:42.896	0.98191	0.98191			6
2024.05.16	00:22:42.986	0.98190	0.98190			6
2024.05.16	00:22:43.016	0.98188	0.98188			6
2024.05.16	00:22:43.046	0.98189	0.98189			6
2024.05.16	00:22:43.077	0.98191	0.98191			6
2024.05.16	00:22:43.108	0.98188	0.98188			6
2024.05.16	00:22:43.138	0.98192	0.98192			6
2024.05.16	00:22:43.169	0.98191	0.98191			6
2024.05.16	00:22:48.221	0.98188	0.98188			6
2024.05.16	00:22:48.281	0.98187	0.98187			6
2024.05.16	00:22:48.400	0.98185	0.98185			6
2024.05.16	00:22:48.432	0.98188	0.98188			6
2024.05.16	00:22:48.461	0.98186	0.98186			6
2024.05.16	00:22:48.551	0.98189	0.98189			6
2024.05.16	00:22:48.582	0.98192	0.98192			6
2024.05.16	00:22:48.611	0.98189	0.98189			6
2024.05.16	00:22:48.641	0.98191	0.98191			6
2024.05.16	00:22:48.671	0.98194	0.98194			6
2024.05.16	00:22:48.701	0.98187	0.98187			6
2024.05.16	00:22:48.731	0.98193	0.98193			6
2024.05.16	00:22:48.761	0.98189	0.98189			6
2024.05.16	00:22:48.792	0.98193	0.98193			6
2024.05.16	00:22:48.851	0.98190	0.98190			6
2024.05.16	00:22:48.911	0.98189	0.98189			6
2024.05.16	00:22:49.000	0.98193	0.98193			6
2024.05.16	00:22:49.031	0.98188	0.98188			6
2024.05.16	00:22:49.061	0.98189	0.98189			6
2024.05.16	00:22:49.091	0.98193	0.98193			6
2024.05.16	00:22:49.122	0.98189	0.98189			6
2024.05.16	00:22:49.214	0.98193	0.98193			6
2024.05.16	00:22:49.244	0.98189	0.98189			6
2024.05.16	00:22:49.304	0.98193	0.98193			6
2024.05.16	00:22:49.364	0.98189	0.98189			6
2024.05.16	00:22:49.423	0.98193	0.98193			6
2024.05.16	00:22:49.454	0.98190	0.98190			6
2024.05.16	00:22:49.484	0.98193	0.98193			6
2024.05.16	00:22:49.514	0.98191	0.98191			6
2024.05.16	00:22:49.575	0.98194	0.98194			6
2024.05.16	00:22:49.604	0.98190	0.98190			6
2024.05.16	00:22:49.634	0.98189	0.98189			6
2024.05.16	00:22:49.664	0.98192	0.98192			6
2024.05.16	00:22:49.694	0.98193	0.98193			6
2024.05.16	00:22:49.724	0.98191	0.98191			6
2024.05.16	00:22:49.755	0.98186	0.98186			6
2024.05.16	00:22:49.785	0.98189	0.98189			6
2024.05.16	00:22:49.816	0.98190	0.98190			6
2024.05.16	00:22:49.875	0.98193	0.98193			6
2024.05.16	00:22:49.936	0.98188	0.98188			6
2024.05.16	00:22:49.967	0.98189	0.98189			6
2024.05.16	00:22:49.996	0.98190	0.98190			6
2024.05.16	00:22:50.056	0.98188	0.98188			6
2024.05.16	00:22:50.087	0.98193	0.98193			6
2024.05.16	00:22:50.116	0.98188	0.98188			6
2024.05.16	00:22:50.146	0.98189	0.98189			6
2024.05.16	00:22:50.176	0.98190	0.98190			6
2024.05.16	00:22:50.206	0.98193	0.98193			6
2024.05.16	00:22:50.235	0.98192	0.98192			6
2024.05.16	00:22:50.265	0.98189	0.98189			6
2024.05.16	00:22:50.296	0.98191	0.98191			6
2024.05.16	00:22:50.327	0.98193	0.98193			6
2024.05.16	00:22:50.387	0.98189	0.98189			6
2024.05.16	00:22:50.446	0.98193	0.98193			6
2024.05.16	00:22:50.951	0.98192	0.98192			6
2024.05.16	00:22:51.041	0.98193	0.98193			6
2024.05.16	00:22:52.103	0.98192	0.98192			6
2024.05.16	00:22:55.498	0.98189	0.98189			6
2024.05.16	00:22:55.558	0.98191	0.98191			6
2024.05.16	00:22:55.589	0.98190	0.98190			6
2024.05.16	00:22:55.618	0.98189	0.98189			6
2024.05.16	00:22:55.648	0.98188	0.98188			6
2024.05.16	00:22:55.678	0.98189	0.98189			6
2024.05.16	00:22:55.708	0.98188	0.98188			6
2024.05.16	00:22:55.738	0.98192	0.98192			6
2024.05.16	00:22:55.769	0.98191	0.98191			6
2024.05.16	00:22:55.798	0.98188	0.98188			6
2024.05.16	00:22:55.828	0.98193	0.98193			6
2024.05.16	00:22:55.858	0.98191	0.98191			6
2024.05.16	00:22:55.888	0.98193	0.98193			6
2024.05.16	00:22:55.918	0.98191	0.98191			6
2024.05.16	00:22:55.948	0.98193	0.98193			6
2024.05.16	00:22:55.979	0.98190	0.98190			6
2024.05.16	00:22:56.009	0.98189	0.98189			6
2024.05.16	00:22:56.038	0.98190	0.98190			6
2024.05.16	00:22:56.068	0.98193	0.98193			6
2024.05.16	00:22:56.128	0.98191	0.98191			6
2024.05.16	00:22:56.158	0.98190	0.98190			6
2024.05.16	00:22:56.188	0.98193	0.98193			6
2024.05.16	00:22:56.248	0.98190	0.98190			6
2024.05.16	00:22:56.277	0.98189	0.98189			6
2024.05.16	00:22:56.309	0.98191	0.98191			6
2024.05.16	00:22:56.339	0.98190	0.98190			6
2024.05.16	00:22:56.369	0.98189	0.98189			6
2024.05.16	00:22:56.399	0.98193	0.98193			6
2024.05.16	00:22:56.429	0.98188	0.98188			6
2024.05.16	00:22:56.459	0.98189	0.98189			6
2024.05.16	00:22:56.549	0.98187	0.98187			6
2024.05.16	00:22:56.579	0.98192	0.98192			6
2024.05.16	00:22:56.609	0.98189	0.98189			6
2024.05.16	00:22:56.640	0.98188	0.98188			6
2024.05.16	00:22:56.669	0.98194	0.98194			6
2024.05.16	00:22:56.700	0.98193	0.98193			6
2024.05.16	00:22:56.730	0.98189	0.98189			6
2024.05.16	00:22:56.760	0.98190	0.98190			6
2024.05.16	00:22:56.790	0.98189	0.98189			6
2024.05.16	00:22:56.849	0.98191	0.98191			6
2024.05.16	00:22:56.880	0.98189	0.98189			6
2024.05.16	00:22:56.910	0.98190	0.98190			6
2024.05.16	00:22:56.940	0.98189	0.98189			6
2024.05.16	00:22:57.000	0.98190	0.98190			6
2024.05.16	00:22:57.031	0.98189	0.98189			6
2024.05.16	00:22:57.061	0.98193	0.98193			6
2024.05.16	00:22:57.091	0.98191	0.98191			6
2024.05.16	00:22:57.122	0.98192	0.98192			6
2024.05.16	00:22:57.151	0.98190	0.98190			6
2024.05.16	00:22:57.181	0.98191	0.98191			6
2024.05.16	00:22:57.210	0.98190	0.98190			6
2024.05.16	00:22:57.241	0.98188	0.98188			6
2024.05.16	00:22:57.301	0.98189	0.98189			6
2024.05.16	00:22:57.330	0.98193	0.98193			6
2024.05.16	00:22:57.361	0.98190	0.98190			6
2024.05.16	00:22:57.392	0.98193	0.98193			6
2024.05.16	00:22:57.452	0.98190	0.98190			6
2024.05.16	00:22:57.483	0.98191	0.98191			6
2024.05.16	00:22:57.513	0.98189	0.98189			6
2024.05.16	00:22:57.572	0.98190	0.98190			6
2024.05.16	00:22:57.603	0.98189	0.98189			6
2024.05.16	00:22:57.633	0.98188	0.98188			6
2024.05.16	00:22:57.699	0.98193	0.98193			6
2024.05.16	00:22:57.729	0.98190	0.98190			6
2024.05.16	00:22:57.759	0.98193	0.98193			6
2024.05.16	00:22:57.819	0.98191	0.98191			6
2024.05.16	00:22:57.850	0.98189	0.98189			6
2024.05.16	00:22:57.939	0.98190	0.98190			6
2024.05.16	00:22:57.969	0.98193	0.98193			6
2024.05.16	00:22:58.029	0.98191	0.98191			6
2024.05.16	00:22:58.065	0.98193	0.98193			6
2024.05.16	00:22:58.094	0.98190	0.98190			6
2024.05.16	00:22:58.195	0.98191	0.98191			6
2024.05.16	00:22:58.256	0.98194	0.98194			6
2024.05.16	00:22:58.285	0.98190	0.98190			6
2024.05.16	00:22:58.315	0.98191	0.98191			6
2024.05.16	00:22:58.345	0.98194	0.98194			6
2024.05.16	00:22:59.702	0.98193	0.98193			6
2024.05.16	00:23:00.085	0.98204	0.98204			6
2024.05.16	00:23:00.589	0.98205	0.98205			6
2024.05.16	00:23:03.388	0.98206	0.98206			6
2024.05.16	00:23:03.509	0.98207	0.98207			6
2024.05.16	00:23:03.570	0.98206	0.98206			6
2024.05.16	00:23:03.600	0.98204	0.98204			6
2024.05.16	00:23:03.629	0.98205	0.98205			6
2024.05.16	00:23:03.689	0.98207	0.98207			6
2024.05.16	00:23:03.758	0.98206	0.98206			6
2024.05.16	00:23:03.878	0.98205	0.98205			6
2024.05.16	00:23:03.908	0.98207	0.98207			6
2024.05.16	00:23:03.969	0.98205	0.98205			6
2024.05.16	00:23:03.999	0.98207	0.98207			6
2024.05.16	00:23:04.059	0.98206	0.98206			6
2024.05.16	00:23:04.148	0.98205	0.98205			6
2024.05.16	00:23:04.178	0.98206	0.98206			6
2024.05.16	00:23:04.269	0.98205	0.98205			6
2024.05.16	00:23:04.329	0.98203	0.98203			6
2024.05.16	00:23:04.359	0.98205	0.98205			6
2024.05.16	00:23:04.389	0.98204	0.98204			6
2024.05.16	00:23:04.419	0.98203	0.98203			6
2024.05.16	00:23:04.479	0.98204	0.98204			6
2024.05.16	00:23:04.899	0.98203	0.98203			6
2024.05.16	00:23:04.960	0.98204	0.98204			6
2024.05.16	00:23:05.230	0.98205	0.98205			6
2024.05.16	00:23:05.259	0.98204	0.98204			6
2024.05.16	00:23:05.290	0.98202	0.98202			6
2024.05.16	00:23:05.320	0.98203	0.98203			6
2024.05.16	00:23:05.381	0.98204	0.98204			6
2024.05.16	00:23:05.410	0.98203	0.98203			6
2024.05.16	00:23:05.441	0.98204	0.98204			6
2024.05.16	00:23:05.530	0.98203	0.98203			6
2024.05.16	00:23:05.560	0.98204	0.98204			6
2024.05.16	00:23:05.620	0.98203	0.98203			6
2024.05.16	00:23:05.650	0.98204	0.98204			6
2024.05.16	00:23:05.680	0.98196	0.98196			6
2024.05.16	00:23:10.740	0.98195	0.98195			6
2024.05.16	00:23:10.770	0.98196	0.98196			6
2024.05.16	00:23:10.800	0.98193	0.98193			6
2024.05.16	00:23:10.830	0.98196	0.98196			6
2024.05.16	00:23:10.859	0.98193	0.98193			6
2024.05.16	00:23:10.890	0.98194	0.98194			6
2024.05.16	00:23:10.920	0.98193	0.98193			6
2024.05.16	00:23:11.465	0.98204	0.98204			6
2024.05.16	00:23:11.495	0.98205	0.98205			6
2024.05.16	00:23:11.526	0.98204	0.98204			6
2024.05.16	00:23:11.586	0.98203	0.98203			6
2024.05.16	00:23:11.616	0.98204	0.98204			6
2024.05.16	00:23:11.706	0.98203	0.98203			6
2024.05.16	00:23:11.797	0.98204	0.98204			6
2024.05.16	00:23:11.858	0.98203	0.98203			6
2024.05.16	00:23:11.918	0.98204	0.98204			6
2024.05.16	00:23:11.948	0.98205	0.98205			6
2024.05.16	00:23:11.978	0.98201	0.98201			6
2024.05.16	00:23:12.007	0.98203	0.98203			6
2024.05.16	00:23:12.037	0.98205	0.98205			6
2024.05.16	00:23:12.068	0.98203	0.98203			6
2024.05.16	00:23:12.099	0.98202	0.98202			6
2024.05.16	00:23:12.130	0.98204	0.98204			6
2024.05.16	00:23:12.219	0.98203	0.98203			6
2024.05.16	00:23:12.250	0.98204	0.98204			6
2024.05.16	00:23:12.370	0.98203	0.98203			6
2024.05.16	00:23:12.400	0.98204	0.98204			6
2024.05.16	00:23:12.490	0.98203	0.98203			6
2024.05.16	00:23:12.521	0.98204	0.98204			6
2024.05.16	00:23:12.550	0.98202	0.98202			6
2024.05.16	00:23:12.581	0.98206	0.98206			6
2024.05.16	00:23:12.611	0.98203	0.98203			6
2024.05.16	00:23:12.730	0.98205	0.98205			6
2024.05.16	00:23:12.760	0.98203	0.98203			6
2024.05.16	00:23:12.790	0.98204	0.98204			6
2024.05.16	00:23:12.820	0.98208	0.98208			6
2024.05.16	00:23:12.881	0.98205	0.98205			6
2024.05.16	00:23:12.911	0.98204	0.98204			6
2024.05.16	00:23:12.940	0.98203	0.98203			6
2024.05.16	00:23:12.999	0.98202	0.98202			6
2024.05.16	00:23:13.060	0.98205	0.98205			6
2024.05.16	00:23:13.128	0.98202	0.98202			6
2024.05.16	00:23:13.158	0.98203	0.98203			6
2024.05.16	00:23:13.187	0.98204	0.98204			6
2024.05.16	00:23:13.217	0.98203	0.98203			6
2024.05.16	00:23:13.278	0.98205	0.98205			6
2024.05.16	00:23:13.308	0.98203	0.98203			6
2024.05.16	00:23:13.338	0.98204	0.98204			6
2024.05.16	00:23:13.368	0.98203	0.98203			6
2024.05.16	00:23:13.398	0.98204	0.98204			6
2024.05.16	00:23:13.457	0.98203	0.98203			6
2024.05.16	00:23:13.487	0.98208	0.98208			6
2024.05.16	00:23:13.517	0.98203	0.98203			6
2024.05.16	00:23:13.609	0.98201	0.98201			6
2024.05.16	00:23:14.998	0.98199	0.98199			6
2024.05.16	00:23:15.027	0.98201	0.98201			6
2024.05.16	00:23:16.001	0.98199	0.98199			6
2024.05.16	00:23:16.031	0.98201	0.98201			6
2024.05.16	00:23:16.499	0.98200	0.98200			6
2024.05.16	00:23:16.529	0.98196	0.98196			6
2024.05.16	00:23:18.500	0.98194	0.98194			6
2024.05.16	00:23:18.531	0.98203	0.98203			6
2024.05.16	00:23:18.560	0.98204	0.98204			6
2024.05.16	00:23:18.590	0.98202	0.98202			6
2024.05.16	00:23:18.620	0.98205	0.98205			6
2024.05.16	00:23:18.650	0.98211	0.98211			6
2024.05.16	00:23:18.680	0.98202	0.98202			6
2024.05.16	00:23:18.710	0.98207	0.98207			6
2024.05.16	00:23:18.740	0.98202	0.98202			6
2024.05.16	00:23:18.800	0.98207	0.98207			6
2024.05.16	00:23:18.831	0.98204	0.98204			6
2024.05.16	00:23:18.891	0.98203	0.98203			6
2024.05.16	00:23:18.922	0.98207	0.98207			6
2024.05.16	00:23:18.981	0.98205	0.98205			6
2024.05.16	00:23:19.011	0.98203	0.98203			6
2024.05.16	00:23:19.101	0.98202	0.98202			6
2024.05.16	00:23:19.131	0.98201	0.98201			6
2024.05.16	00:23:20.037	0.98203	0.98203			6
2024.05.16	00:23:20.066	0.98205	0.98205			6
2024.05.16	00:23:20.126	0.98202	0.98202			6
2024.05.16	00:23:20.186	0.98207	0.98207			6
2024.05.16	00:23:20.217	0.98202	0.98202			6
2024.05.16	00:23:20.246	0.98207	0.98207			6
2024.05.16	00:23:20.276	0.98202	0.98202			6
2024.05.16	00:23:20.888	0.98201	0.98201			6
2024.05.16	00:23:21.879	0.98199	0.98199			6
2024.05.16	00:23:21.909	0.98205	0.98205			6
2024.05.16	00:23:21.938	0.98204	0.98204			6
2024.05.16	00:23:21.968	0.98206	0.98206			6
2024.05.16	00:23:21.998	0.98201	0.98201			6
2024.05.16	00:23:22.531	0.98200	0.98200			6
2024.05.16	00:23:22.833	0.98205	0.98205			6
2024.05.16	00:23:22.863	0.98201	0.98201			6
2024.05.16	00:23:22.923	0.98203	0.98203			6
2024.05.16	00:23:22.953	0.98202	0.98202			6
2024.05.16	00:23:22.983	0.98206	0.98206			6
2024.05.16	00:23:23.044	0.98202	0.98202			6
2024.05.16	00:23:23.075	0.98206	0.98206			6
2024.05.16	00:23:23.106	0.98205	0.98205			6
2024.05.16	00:23:23.135	0.98206	0.98206			6
2024.05.16	00:23:23.195	0.98202	0.98202			6
2024.05.16	00:23:23.225	0.98206	0.98206			6
2024.05.16	00:23:23.256	0.98203	0.98203			6
2024.05.16	00:23:23.286	0.98205	0.98205			6
2024.05.16	00:23:23.315	0.98202	0.98202			6
2024.05.16	00:23:23.375	0.98203	0.98203			6
2024.05.16	00:23:23.406	0.98206	0.98206			6
2024.05.16	00:23:23.435	0.98204	0.98204			6
2024.05.16	00:23:23.465	0.98202	0.98202			6
2024.05.16	00:23:23.495	0.98203	0.98203			6
2024.05.16	00:23:23.526	0.98202	0.98202			6
2024.05.16	00:23:23.555	0.98203	0.98203			6
2024.05.16	00:23:23.615	0.98202	0.98202			6
2024.05.16	00:23:23.705	0.98201	0.98201			6
2024.05.16	00:23:24.524	0.98198	0.98198			6
2024.05.16	00:23:24.555	0.98203	0.98203			6
2024.05.16	00:23:24.824	0.98207	0.98207			6
2024.05.16	00:23:24.854	0.98204	0.98204			6
2024.05.16	00:23:24.884	0.98203	0.98203			6
2024.05.16	00:23:24.915	0.98204	0.98204			6
2024.05.16	00:23:25.035	0.98203	0.98203			6
2024.05.16	00:23:25.063	0.98202	0.98202			6
2024.05.16	00:23:25.094	0.98205	0.98205			6
2024.05.16	00:23:25.124	0.98203	0.98203			6
2024.05.16	00:23:25.154	0.98204	0.98204			6
2024.05.16	00:23:25.214	0.98206	0.98206			6
2024.05.16	00:23:25.243	0.98204	0.98204			6
2024.05.16	00:23:25.275	0.98203	0.98203			6
2024.05.16	00:23:25.394	0.98204	0.98204			6
2024.05.16	00:23:25.424	0.98203	0.98203			6
2024.05.16	00:23:25.515	0.98202	0.98202			6
2024.05.16	00:23:25.544	0.98204	0.98204			6
2024.05.16	00:23:25.574	0.98205	0.98205			6
2024.05.16	00:23:25.604	0.98202	0.98202			6
2024.05.16	00:23:25.636	0.98205	0.98205			6
2024.05.16	00:23:25.666	0.98204	0.98204			6
2024.05.16	00:23:25.696	0.98202	0.98202			6
2024.05.16	00:23:25.726	0.98203	0.98203			6
2024.05.16	00:23:25.756	0.98204	0.98204			6
2024.05.16	00:23:25.937	0.98203	0.98203			6
2024.05.16	00:23:25.968	0.98202	0.98202			6
2024.05.16	00:23:25.997	0.98204	0.98204			6
2024.05.16	00:23:26.028	0.98202	0.98202			6
2024.05.16	00:23:26.088	0.98204	0.98204			6
2024.05.16	00:23:26.148	0.98203	0.98203			6
2024.05.16	00:23:26.178	0.98202	0.98202			6
2024.05.16	00:23:26.238	0.98203	0.98203			6
2024.05.16	00:23:26.268	0.98202	0.98202			6
2024.05.16	00:23:26.828	0.98201	0.98201			6
2024.05.16	00:23:26.858	0.98203	0.98203			6
2024.05.16	00:23:26.918	0.98202	0.98202			6
2024.05.16	00:23:26.949	0.98203	0.98203			6
2024.05.16	00:23:27.010	0.98202	0.98202			6
2024.05.16	00:23:27.040	0.98201	0.98201			6
2024.05.16	00:23:27.069	0.98203	0.98203			6
2024.05.16	00:23:27.130	0.98206	0.98206			6
2024.05.16	00:23:27.160	0.98205	0.98205			6
2024.05.16	00:23:27.190	0.98204	0.98204			6
2024.05.16	00:23:27.220	0.98202	0.98202			6
2024.05.16	00:23:27.251	0.98203	0.98203			6
2024.05.16	00:23:27.281	0.98202	0.98202			6
2024.05.16	00:23:27.310	0.98206	0.98206			6
2024.05.16	00:23:27.340	0.98203	0.98203			6
2024.05.16	00:23:27.370	0.98206	0.98206			6
2024.05.16	00:23:31.893	0.98207	0.98207			6
2024.05.16	00:23:32.391	0.98204	0.98204			6
2024.05.16	00:23:32.421	0.98205	0.98205			6
2024.05.16	00:23:32.451	0.98209	0.98209			6
2024.05.16	00:23:32.481	0.98208	0.98208			6
2024.05.16	00:23:32.511	0.98206	0.98206			6
2024.05.16	00:23:32.541	0.98209	0.98209			6
2024.05.16	00:23:32.571	0.98206	0.98206			6
2024.05.16	00:23:32.601	0.98204	0.98204			6
2024.05.16	00:23:32.721	0.98206	0.98206			6
2024.05.16	00:23:32.750	0.98207	0.98207			6
2024.05.16	00:23:32.781	0.98204	0.98204			6
2024.05.16	00:23:32.811	0.98205	0.98205			6
2024.05.16	00:23:32.842	0.98204	0.98204			6
2024.05.16	00:23:32.902	0.98207	0.98207			6
2024.05.16	00:23:32.932	0.98204	0.98204			6
2024.05.16	00:23:32.962	0.98205	0.98205			6
2024.05.16	00:23:33.053	0.98208	0.98208			6
2024.05.16	00:23:33.113	0.98205	0.98205			6
2024.05.16	00:23:33.143	0.98208	0.98208			6
2024.05.16	00:23:33.173	0.98205	0.98205			6
2024.05.16	00:23:33.234	0.98204	0.98204			6
2024.05.16	00:23:33.263	0.98205	0.98205			6
2024.05.16	00:23:33.383	0.98203	0.98203			6
2024.05.16	00:23:33.413	0.98202	0.98202			6
2024.05.16	00:23:33.473	0.98203	0.98203			6
2024.05.16	00:23:33.633	0.98206	0.98206			6
2024.05.16	00:23:33.662	0.98204	0.98204			6
2024.05.16	00:23:33.693	0.98207	0.98207			6
2024.05.16	00:23:33.723	0.98204	0.98204			6
2024.05.16	00:23:33.783	0.98203	0.98203			6
2024.05.16	00:23:33.813	0.98202	0.98202			6
2024.05.16	00:23:33.842	0.98203	0.98203			6
2024.05.16	00:23:33.964	0.98202	0.98202			6
2024.05.16	00:23:33.994	0.98203	0.98203			6
2024.05.16	00:23:34.023	0.98201	0.98201			6
2024.05.16	00:23:34.113	0.98203	0.98203			6
2024.05.16	00:23:34.143	0.98202	0.98202			6
2024.05.16	00:23:34.173	0.98201	0.98201			6
2024.05.16	00:23:34.294	0.98206	0.98206			6
2024.05.16	00:23:34.355	0.98203	0.98203			6
2024.05.16	00:23:34.414	0.98201	0.98201			6
2024.05.16	00:23:34.444	0.98200	0.98200			6
2024.05.16	00:23:34.536	0.98201	0.98201			6
2024.05.16	00:23:34.715	0.98205	0.98205			6
2024.05.16	00:23:34.745	0.98203	0.98203			6
2024.05.16	00:23:34.775	0.98191	0.98191			6
2024.05.16	00:23:34.865	0.98196	0.98196			6
2024.05.16	00:23:34.894	0.98193	0.98193			6
2024.05.16	00:23:34.925	0.98196	0.98196			6
2024.05.16	00:23:40.008	0.98198	0.98198			6
2024.05.16	00:23:40.039	0.98196	0.98196			6
2024.05.16	00:23:40.070	0.98195	0.98195			6
2024.05.16	00:23:40.100	0.98197	0.98197			6
2024.05.16	00:23:40.160	0.98196	0.98196			6
2024.05.16	00:23:40.190	0.98194	0.98194			6
2024.05.16	00:23:40.280	0.98193	0.98193			6
2024.05.16	00:23:40.311	0.98196	0.98196			6
2024.05.16	00:23:40.342	0.98195	0.98195			6
2024.05.16	00:23:40.401	0.98194	0.98194			6
2024.05.16	00:23:40.432	0.98193	0.98193			6
2024.05.16	00:23:41.005	0.98195	0.98195			6
2024.05.16	00:23:41.035	0.98202	0.98202			6
2024.05.16	00:23:41.097	0.98206	0.98206			6
2024.05.16	00:23:41.128	0.98202	0.98202			6
2024.05.16	00:23:41.157	0.98203	0.98203			6
2024.05.16	00:23:41.188	0.98204	0.98204			6
2024.05.16	00:23:41.216	0.98203	0.98203			6
2024.05.16	00:23:41.247	0.98202	0.98202			6
2024.05.16	00:23:41.307	0.98203	0.98203			6
2024.05.16	00:23:41.337	0.98201	0.98201			6
2024.05.16	00:23:41.898	0.98199	0.98199			6
2024.05.16	00:23:41.929	0.98201	0.98201			6
2024.05.16	00:23:41.958	0.98203	0.98203			6
2024.05.16	00:23:41.988	0.98202	0.98202			6
2024.05.16	00:23:42.018	0.98203	0.98203			6
2024.05.16	00:23:42.078	0.98204	0.98204			6
2024.05.16	00:23:42.108	0.98202	0.98202			6
2024.05.16	00:23:42.137	0.98205	0.98205			6
2024.05.16	00:23:42.168	0.98207	0.98207			6
2024.05.16	00:23:42.199	0.98203	0.98203			6
2024.05.16	00:23:42.296	0.98201	0.98201			6
2024.05.16	00:23:42.325	0.98203	0.98203			6
2024.05.16	00:23:42.356	0.98202	0.98202			6
2024.05.16	00:23:42.445	0.98201	0.98201			6
2024.05.16	00:23:42.475	0.98200	0.98200			6
2024.05.16	00:23:45.052	0.98196	0.98196			6
2024.05.16	00:23:47.168	0.98195	0.98195			6
2024.05.16	00:23:47.933	0.98194	0.98194			6
2024.05.16	00:23:49.111	0.98193	0.98193			6
2024.05.16	00:23:49.142	0.98201	0.98201			6
2024.05.16	00:23:49.202	0.98202	0.98202			6
2024.05.16	00:23:49.232	0.98201	0.98201			6
2024.05.16	00:23:49.322	0.98200	0.98200			6
2024.05.16	00:23:49.832	0.98197	0.98197			6
2024.05.16	00:23:49.862	0.98205	0.98205			6
2024.05.16	00:23:49.922	0.98201	0.98201			6
2024.05.16	00:23:50.073	0.98206	0.98206			6
2024.05.16	00:23:50.103	0.98202	0.98202			6
2024.05.16	00:23:50.133	0.98203	0.98203			6
2024.05.16	00:23:50.163	0.98206	0.98206			6
2024.05.16	00:23:50.193	0.98202	0.98202			6
2024.05.16	00:23:50.253	0.98201	0.98201			6
2024.05.16	00:23:50.283	0.98202	0.98202			6
2024.05.16	00:23:50.343	0.98204	0.98204			6
2024.05.16	00:23:50.373	0.98206	0.98206			6
2024.05.16	00:23:50.433	0.98203	0.98203			6
2024.05.16	00:23:50.463	0.98202	0.98202			6
2024.05.16	00:23:50.493	0.98203	0.98203			6
2024.05.16	00:23:50.524	0.98202	0.98202			6
2024.05.16	00:23:50.553	0.98201	0.98201			6
2024.05.16	00:23:51.412	0.98200	0.98200			6
2024.05.16	00:23:52.198	0.98198	0.98198			6
2024.05.16	00:23:52.227	0.98196	0.98196			6
2024.05.16	00:23:57.412	0.98193	0.98193			6
2024.05.16	00:23:57.442	0.98202	0.98202			6
2024.05.16	00:23:57.502	0.98201	0.98201			6
2024.05.16	00:23:57.531	0.98202	0.98202			6
2024.05.16	00:23:57.562	0.98201	0.98201			6
2024.05.16	00:23:58.510	0.98200	0.98200			6
2024.05.16	00:24:00.036	0.98198	0.98198			6
2024.05.16	00:24:00.066	0.98196	0.98196			6
2024.05.16	00:24:00.096	0.98199	0.98199			6
2024.05.16	00:24:00.155	0.98200	0.98200			6
2024.05.16	00:24:00.215	0.98205	0.98205			6
2024.05.16	00:24:00.246	0.98202	0.98202			6
2024.05.16	00:24:00.336	0.98201	0.98201			6
2024.05.16	00:24:00.396	0.98203	0.98203			6
2024.05.16	00:24:00.425	0.98206	0.98206			6
2024.05.16	00:24:00.455	0.98203	0.98203			6
2024.05.16	00:24:00.485	0.98204	0.98204			6
2024.05.16	00:24:00.515	0.98201	0.98201			6
2024.05.16	00:24:00.545	0.98202	0.98202			6
2024.05.16	00:24:00.576	0.98206	0.98206			6
2024.05.16	00:24:00.607	0.98203	0.98203			6
2024.05.16	00:24:00.635	0.98204	0.98204			6
2024.05.16	00:24:00.666	0.98202	0.98202			6
2024.05.16	00:24:00.755	0.98200	0.98200			6
2024.05.16	00:24:01.589	0.98195	0.98195			6
2024.05.16	00:24:02.536	0.98196	0.98196			6
2024.05.16	00:24:02.565	0.98199	0.98199			6
2024.05.16	00:24:03.565	0.98202	0.98202			6
2024.05.16	00:24:03.657	0.98206	0.98206			6
2024.05.16	00:24:03.687	0.98207	0.98207			6
2024.05.16	00:24:03.717	0.98203	0.98203			6
2024.05.16	00:24:03.778	0.98202	0.98202			6
2024.05.16	00:24:03.838	0.98201	0.98201			6
2024.05.16	00:24:03.868	0.98200	0.98200			6
2024.05.16	00:24:03.898	0.98201	0.98201			6
2024.05.16	00:24:03.928	0.98202	0.98202			6
2024.05.16	00:24:03.988	0.98200	0.98200			6
2024.05.16	00:24:04.108	0.98201	0.98201			6
2024.05.16	00:24:04.168	0.98203	0.98203			6
2024.05.16	00:24:04.211	0.98202	0.98202			6
2024.05.16	00:24:04.240	0.98201	0.98201			6
2024.05.16	00:24:04.271	0.98202	0.98202			6
2024.05.16	00:24:04.300	0.98201	0.98201			6
2024.05.16	00:24:04.330	0.98202	0.98202			6
2024.05.16	00:24:04.458	0.98201	0.98201			6
2024.05.16	00:24:04.547	0.98202	0.98202			6
2024.05.16	00:24:04.608	0.98201	0.98201			6
2024.05.16	00:24:04.698	0.98202	0.98202			6
2024.05.16	00:24:04.765	0.98201	0.98201			6
2024.05.16	00:24:04.795	0.98200	0.98200			6
2024.05.16	00:24:04.825	0.98201	0.98201			6
2024.05.16	00:24:04.884	0.98200	0.98200			6
2024.05.16	00:24:04.915	0.98201	0.98201			6
2024.05.16	00:24:04.946	0.98200	0.98200			6
2024.05.16	00:24:05.065	0.98205	0.98205			6
2024.05.16	00:24:05.096	0.98202	0.98202			6
2024.05.16	00:24:05.126	0.98205	0.98205			6
2024.05.16	00:24:05.157	0.98201	0.98201			6
2024.05.16	00:24:05.246	0.98200	0.98200			6
2024.05.16	00:24:05.276	0.98201	0.98201			6
2024.05.16	00:24:05.336	0.98200	0.98200			6
2024.05.16	00:24:05.366	0.98201	0.98201			6
2024.05.16	00:24:05.426	0.98200	0.98200			6
2024.05.16	00:24:05.636	0.98206	0.98206			6
2024.05.16	00:24:10.674	0.98202	0.98202			6
2024.05.16	00:24:10.704	0.98200	0.98200			6
2024.05.16	00:24:10.733	0.98201	0.98201			6
2024.05.16	00:24:10.764	0.98200	0.98200			6
2024.05.16	00:24:10.794	0.98202	0.98202			6
2024.05.16	00:24:10.824	0.98201	0.98201			6
2024.05.16	00:24:10.854	0.98202	0.98202			6
2024.05.16	00:24:10.884	0.98207	0.98207			6
2024.05.16	00:24:10.914	0.98201	0.98201			6
2024.05.16	00:24:10.945	0.98198	0.98198			6
2024.05.16	00:24:10.975	0.98194	0.98194			6
2024.05.16	00:24:11.004	0.98197	0.98197			6
2024.05.16	00:24:11.034	0.98196	0.98196			6
2024.05.16	00:24:11.218	0.98195	0.98195			6
2024.05.16	00:24:11.248	0.98196	0.98196			6
2024.05.16	00:24:11.277	0.98193	0.98193			6
2024.05.16	00:24:11.307	0.98196	0.98196			6
2024.05.16	00:24:11.337	0.98195	0.98195			6
2024.05.16	00:24:11.368	0.98196	0.98196			6
2024.05.16	00:24:11.397	0.98193	0.98193			6
2024.05.16	00:24:11.427	0.98195	0.98195			6
2024.05.16	00:24:11.458	0.98194	0.98194			6
2024.05.16	00:24:11.488	0.98195	0.98195			6
2024.05.16	00:24:11.618	0.98194	0.98194			6
2024.05.16	00:24:11.678	0.98195	0.98195			6
2024.05.16	00:24:11.708	0.98193	0.98193			6
2024.05.16	00:24:12.724	0.98191	0.98191			6
2024.05.16	00:24:12.754	0.98205	0.98205			6
2024.05.16	00:24:12.784	0.98202	0.98202			6
2024.05.16	00:24:12.814	0.98201	0.98201			6
2024.05.16	00:24:12.963	0.98205	0.98205			6
2024.05.16	00:24:12.994	0.98209	0.98209			6
2024.05.16	00:24:13.024	0.98202	0.98202			6
2024.05.16	00:24:13.062	0.98203	0.98203			6
2024.05.16	00:24:13.092	0.98202	0.98202			6
2024.05.16	00:24:13.122	0.98203	0.98203			6
2024.05.16	00:24:13.152	0.98206	0.98206			6
2024.05.16	00:24:13.182	0.98204	0.98204			6
2024.05.16	00:24:13.212	0.98202	0.98202			6
2024.05.16	00:24:13.271	0.98201	0.98201			6
2024.05.16	00:24:13.301	0.98209	0.98209			6
2024.05.16	00:24:13.331	0.98206	0.98206			6
2024.05.16	00:24:13.362	0.98192	0.98192			6
2024.05.16	00:24:13.482	0.98193	0.98193			6
2024.05.16	00:24:13.541	0.98192	0.98192			6
2024.05.16	00:24:13.572	0.98194	0.98194			6
2024.05.16	00:24:13.602	0.98192	0.98192			6
2024.05.16	00:24:13.631	0.98194	0.98194			6
2024.05.16	00:24:13.691	0.98193	0.98193			6
2024.05.16	00:24:13.722	0.98201	0.98201			6
2024.05.16	00:24:13.752	0.98198	0.98198			6
2024.05.16	00:24:13.813	0.98196	0.98196			6
2024.05.16	00:24:13.843	0.98193	0.98193			6
2024.05.16	00:24:13.874	0.98192	0.98192			6
2024.05.16	00:24:13.934	0.98195	0.98195			6
2024.05.16	00:24:13.964	0.98202	0.98202			6
2024.05.16	00:24:13.994	0.98209	0.98209			6
2024.05.16	00:24:14.024	0.98202	0.98202			6
2024.05.16	00:24:14.053	0.98193	0.98193			6
2024.05.16	00:24:14.084	0.98192	0.98192			6
2024.05.16	00:24:14.112	0.98193	0.98193			6
2024.05.16	00:24:14.145	0.98195	0.98195			6
2024.05.16	00:24:14.174	0.98193	0.98193			6
2024.05.16	00:24:14.264	0.98201	0.98201			6
2024.05.16	00:24:14.294	0.98209	0.98209			6
2024.05.16	00:24:14.325	0.98208	0.98208			6
2024.05.16	00:24:14.355	0.98203	0.98203			6
2024.05.16	00:24:14.414	0.98207	0.98207			6
2024.05.16	00:24:14.444	0.98204	0.98204			6
2024.05.16	00:24:14.535	0.98206	0.98206			6
2024.05.16	00:24:14.565	0.98209	0.98209			6
2024.05.16	00:24:14.625	0.98203	0.98203			6
2024.05.16	00:24:14.655	0.98204	0.98204			6
2024.05.16	00:24:14.775	0.98203	0.98203			6
2024.05.16	00:24:14.805	0.98210	0.98210			6
2024.05.16	00:24:14.834	0.98209	0.98209			6
2024.05.16	00:24:19.898	0.98206	0.98206			6
2024.05.16	00:24:19.928	0.98203	0.98203			6
2024.05.16	00:24:19.958	0.98205	0.98205			6
2024.05.16	00:24:19.988	0.98204	0.98204			6
2024.05.16	00:24:20.018	0.98205	0.98205			6
2024.05.16	00:24:20.108	0.98203	0.98203			6
2024.05.16	00:24:20.137	0.98211	0.98211			6
2024.05.16	00:24:20.168	0.98210	0.98210			6
2024.05.16	00:24:20.197	0.98207	0.98207			6
2024.05.16	00:24:20.228	0.98206	0.98206			6
2024.05.16	00:24:20.258	0.98204	0.98204			6
2024.05.16	00:24:20.288	0.98203	0.98203			6
2024.05.16	00:24:20.348	0.98202	0.98202			6
2024.05.16	00:24:20.377	0.98204	0.98204			6
2024.05.16	00:24:20.407	0.98203	0.98203			6
2024.05.16	00:24:20.467	0.98204	0.98204			6
2024.05.16	00:24:20.557	0.98203	0.98203			6
2024.05.16	00:24:20.588	0.98204	0.98204			6
2024.05.16	00:24:20.618	0.98202	0.98202			6
2024.05.16	00:24:20.707	0.98203	0.98203			6
2024.05.16	00:24:20.737	0.98209	0.98209			6
2024.05.16	00:24:20.798	0.98203	0.98203			6
2024.05.16	00:24:20.828	0.98207	0.98207			6
2024.05.16	00:24:20.858	0.98204	0.98204			6
2024.05.16	00:24:20.888	0.98211	0.98211			6
2024.05.16	00:24:20.918	0.98205	0.98205			6
2024.05.16	00:24:20.948	0.98207	0.98207			6
2024.05.16	00:24:20.979	0.98205	0.98205			6
2024.05.16	00:24:21.068	0.98204	0.98204			6
2024.05.16	00:24:21.250	0.98203	0.98203			6
2024.05.16	00:24:21.341	0.98205	0.98205			6
2024.05.16	00:24:21.372	0.98208	0.98208			6
2024.05.16	00:24:21.401	0.98205	0.98205			6
2024.05.16	00:24:21.431	0.98204	0.98204			6
2024.05.16	00:24:21.461	0.98205	0.98205			6
2024.05.16	00:24:21.491	0.98203	0.98203			6
2024.05.16	00:24:21.552	0.98205	0.98205			6
2024.05.16	00:24:21.582	0.98203	0.98203			6
2024.05.16	00:24:21.612	0.98209	0.98209			6
2024.05.16	00:24:21.672	0.98204	0.98204			6
2024.05.16	00:24:21.701	0.98205	0.98205			6
2024.05.16	00:24:21.732	0.98204	0.98204			6
2024.05.16	00:24:21.763	0.98207	0.98207			6
2024.05.16	00:24:21.792	0.98205	0.98205			6
2024.05.16	00:24:21.943	0.98194	0.98194			6
2024.05.16	00:24:21.973	0.98205	0.98205			6
2024.05.16	00:24:22.003	0.98202	0.98202			6
2024.05.16	00:24:22.034	0.98203	0.98203			6
2024.05.16	00:24:22.095	0.98204	0.98204			6
2024.05.16	00:24:22.125	0.98202	0.98202			6
2024.05.16	00:24:22.185	0.98201	0.98201			6
2024.05.16	00:24:22.354	0.98203	0.98203			6
2024.05.16	00:24:26.626	0.98204	0.98204			6
2024.05.16	00:24:27.202	0.98203	0.98203			6
2024.05.16	00:24:27.262	0.98204	0.98204			6
2024.05.16	00:24:27.293	0.98206	0.98206			6
2024.05.16	00:24:27.323	0.98204	0.98204			6
2024.05.16	00:24:27.353	0.98203	0.98203			6
2024.05.16	00:24:27.383	0.98204	0.98204			6
2024.05.16	00:24:27.413	0.98197	0.98197			6
2024.05.16	00:24:27.443	0.98195	0.98195			6
2024.05.16	00:24:27.473	0.98197	0.98197			6
2024.05.16	00:24:27.533	0.98206	0.98206			6
2024.05.16	00:24:27.563	0.98205	0.98205			6
2024.05.16	00:24:27.593	0.98203	0.98203			6
2024.05.16	00:24:27.653	0.98205	0.98205			6
2024.05.16	00:24:27.713	0.98202	0.98202			6
2024.05.16	00:24:27.743	0.98203	0.98203			6
2024.05.16	00:24:27.773	0.98205	0.98205			6
2024.05.16	00:24:27.802	0.98202	0.98202			6
2024.05.16	00:24:27.863	0.98204	0.98204			6
2024.05.16	00:24:27.893	0.98205	0.98205			6
2024.05.16	00:24:27.923	0.98204	0.98204			6
2024.05.16	00:24:28.013	0.98203	0.98203			6
2024.05.16	00:24:28.044	0.98204	0.98204			6
2024.05.16	00:24:28.225	0.98203	0.98203			6
2024.05.16	00:24:28.374	0.98204	0.98204			6
2024.05.16	00:24:28.404	0.98208	0.98208			6
2024.05.16	00:24:28.436	0.98204	0.98204			6
2024.05.16	00:24:28.496	0.98203	0.98203			6
2024.05.16	00:24:29.575	0.98202	0.98202			6
2024.05.16	00:24:29.778	0.98201	0.98201			6
2024.05.16	00:24:29.868	0.98202	0.98202			6
2024.05.16	00:24:29.929	0.98203	0.98203			6
2024.05.16	00:24:29.959	0.98207	0.98207			6
2024.05.16	00:24:29.989	0.98204	0.98204			6
2024.05.16	00:24:30.018	0.98203	0.98203			6
2024.05.16	00:24:30.049	0.98208	0.98208			6
2024.05.16	00:24:30.078	0.98204	0.98204			6
2024.05.16	00:24:30.109	0.98203	0.98203			6
2024.05.16	00:24:30.139	0.98209	0.98209			6
2024.05.16	00:24:30.169	0.98203	0.98203			6
2024.05.16	00:24:30.199	0.98202	0.98202			6
2024.05.16	00:24:30.228	0.98203	0.98203			6
2024.05.16	00:24:30.288	0.98202	0.98202			6
2024.05.16	00:24:30.320	0.98207	0.98207			6
2024.05.16	00:24:30.349	0.98204	0.98204			6
2024.05.16	00:24:30.409	0.98203	0.98203			6
2024.05.16	00:24:30.469	0.98202	0.98202			6
2024.05.16	00:24:30.499	0.98203	0.98203			6
2024.05.16	00:24:30.529	0.98202	0.98202			6
2024.05.16	00:24:30.559	0.98203	0.98203			6
2024.05.16	00:24:30.588	0.98204	0.98204			6
2024.05.16	00:24:30.618	0.98203	0.98203			6
2024.05.16	00:24:30.649	0.98208	0.98208			6
2024.05.16	00:24:30.678	0.98203	0.98203			6
2024.05.16	00:24:30.709	0.98207	0.98207			6
2024.05.16	00:24:30.739	0.98203	0.98203			6
2024.05.16	00:24:30.769	0.98202	0.98202			6
2024.05.16	00:24:30.799	0.98209	0.98209			6
2024.05.16	00:24:30.829	0.98204	0.98204			6
2024.05.16	00:24:30.920	0.98203	0.98203			6
2024.05.16	00:24:31.009	0.98204	0.98204			6
2024.05.16	00:24:31.100	0.98203	0.98203			6
2024.05.16	00:24:31.131	0.98207	0.98207			6
2024.05.16	00:24:31.160	0.98202	0.98202			6
2024.05.16	00:24:31.220	0.98201	0.98201			6
2024.05.16	00:24:31.744	0.98200	0.98200			6
2024.05.16	00:24:32.593	0.98196	0.98196			6
2024.05.16	00:24:34.191	0.98193	0.98193			6
2024.05.16	00:24:34.221	0.98200	0.98200			6
2024.05.16	00:24:34.319	0.98199	0.98199			6
2024.05.16	00:24:34.348	0.98200	0.98200			6
2024.05.16	00:24:34.379	0.98206	0.98206			6
2024.05.16	00:24:34.409	0.98205	0.98205			6
2024.05.16	00:24:34.440	0.98201	0.98201			6
2024.05.16	00:24:34.499	0.98200	0.98200			6
2024.05.16	00:24:34.559	0.98207	0.98207			6
2024.05.16	00:24:34.590	0.98206	0.98206			6
2024.05.16	00:24:34.650	0.98201	0.98201			6
2024.05.16	00:24:34.680	0.98202	0.98202			6
2024.05.16	00:24:34.855	0.98201	0.98201			6
2024.05.16	00:24:34.915	0.98200	0.98200			6
2024.05.16	00:24:34.975	0.98199	0.98199			6
2024.05.16	00:24:35.064	0.98200	0.98200			6
2024.05.16	00:24:35.835	0.98199	0.98199			6
2024.05.16	00:24:35.986	0.98198	0.98198			6
2024.05.16	00:24:36.297	0.98194	0.98194			6
2024.05.16	00:24:36.991	0.98193	0.98193			6
2024.05.16	00:24:37.022	0.98200	0.98200			6
2024.05.16	00:24:37.052	0.98198	0.98198			6
2024.05.16	00:24:37.082	0.98202	0.98202			6
2024.05.16	00:24:37.112	0.98201	0.98201			6
2024.05.16	00:24:37.141	0.98202	0.98202			6
2024.05.16	00:24:37.172	0.98201	0.98201			6
2024.05.16	00:24:37.262	0.98200	0.98200			6
2024.05.16	00:24:37.562	0.98199	0.98199			6
2024.05.16	00:24:37.592	0.98200	0.98200			6
2024.05.16	00:24:37.622	0.98199	0.98199			6
2024.05.16	00:24:37.652	0.98200	0.98200			6
2024.05.16	00:24:37.682	0.98199	0.98199			6
2024.05.16	00:24:37.771	0.98200	0.98200			6
2024.05.16	00:24:37.873	0.98193	0.98193			6
2024.05.16	00:24:37.993	0.98190	0.98190			6
2024.05.16	00:24:38.024	0.98194	0.98194			6
2024.05.16	00:24:38.629	0.98193	0.98193			6
2024.05.16	00:24:41.533	0.98203	0.98203			6
2024.05.16	00:24:41.563	0.98201	0.98201			6
2024.05.16	00:24:41.594	0.98205	0.98205			6
2024.05.16	00:24:41.624	0.98201	0.98201			6
2024.05.16	00:24:41.713	0.98200	0.98200			6
2024.05.16	00:24:41.743	0.98201	0.98201			6
2024.05.16	00:24:41.772	0.98198	0.98198			6
2024.05.16	00:24:42.828	0.98197	0.98197			6
2024.05.16	00:24:45.065	0.98193	0.98193			6
2024.05.16	00:24:45.307	0.98199	0.98199			6
2024.05.16	00:24:45.366	0.98202	0.98202			6
2024.05.16	00:24:45.398	0.98199	0.98199			6
2024.05.16	00:24:45.427	0.98200	0.98200			6
2024.05.16	00:24:45.488	0.98204	0.98204			6
2024.05.16	00:24:45.518	0.98200	0.98200			6
2024.05.16	00:24:45.989	0.98199	0.98199			6
2024.05.16	00:24:46.019	0.98201	0.98201			6
2024.05.16	00:24:46.049	0.98205	0.98205			6
2024.05.16	00:24:46.080	0.98206	0.98206			6
2024.05.16	00:24:46.110	0.98199	0.98199			6
2024.05.16	00:24:46.140	0.98200	0.98200			6
2024.05.16	00:24:46.759	0.98198	0.98198			6
2024.05.16	00:24:46.789	0.98200	0.98200			6
2024.05.16	00:24:46.850	0.98199	0.98199			6
2024.05.16	00:24:46.910	0.98200	0.98200			6
2024.05.16	00:24:46.941	0.98203	0.98203			6
2024.05.16	00:24:46.970	0.98198	0.98198			6
2024.05.16	00:24:47.000	0.98199	0.98199			6
2024.05.16	00:24:47.120	0.98191	0.98191			6
2024.05.16	00:24:47.150	0.98189	0.98189			6
2024.05.16	00:24:47.180	0.98191	0.98191			6
2024.05.16	00:24:47.271	0.98192	0.98192			6
2024.05.16	00:24:47.302	0.98195	0.98195			6
2024.05.16	00:24:47.331	0.98189	0.98189			6
2024.05.16	00:24:47.361	0.98193	0.98193			6
2024.05.16	00:24:47.391	0.98195	0.98195			6
2024.05.16	00:24:47.422	0.98193	0.98193			6
2024.05.16	00:24:47.452	0.98192	0.98192			6
2024.05.16	00:24:47.481	0.98195	0.98195			6
2024.05.16	00:24:47.541	0.98191	0.98191			6
2024.05.16	00:24:47.602	0.98193	0.98193			6
2024.05.16	00:24:47.633	0.98192	0.98192			6
2024.05.16	00:24:47.663	0.98191	0.98191			6
2024.05.16	00:24:47.857	0.98193	0.98193			6
2024.05.16	00:24:48.382	0.98199	0.98199			6
2024.05.16	00:24:48.643	0.98198	0.98198			6
2024.05.16	00:24:49.882	0.98197	0.98197			6
2024.05.16	00:24:50.321	0.98193	0.98193			6
2024.05.16	00:24:50.904	0.98192	0.98192			6
2024.05.16	00:24:50.934	0.98199	0.98199			6
2024.05.16	00:24:50.964	0.98198	0.98198			6
2024.05.16	00:24:50.995	0.98199	0.98199			6
2024.05.16	00:24:51.025	0.98200	0.98200			6
2024.05.16	00:24:51.206	0.98198	0.98198			6
2024.05.16	00:24:52.006	0.98197	0.98197			6
2024.05.16	00:24:52.036	0.98199	0.98199			6
2024.05.16	00:24:52.126	0.98198	0.98198			6
2024.05.16	00:24:53.028	0.98200	0.98200			6
2024.05.16	00:24:53.058	0.98201	0.98201			6
2024.05.16	00:24:53.089	0.98204	0.98204			6
2024.05.16	00:24:53.119	0.98200	0.98200			6
2024.05.16	00:24:53.178	0.98204	0.98204			6
2024.05.16	00:24:53.208	0.98200	0.98200			6
2024.05.16	00:24:53.377	0.98199	0.98199			6
2024.05.16	00:24:53.407	0.98200	0.98200			6
2024.05.16	00:24:53.467	0.98202	0.98202			6
2024.05.16	00:24:53.528	0.98200	0.98200			6
2024.05.16	00:24:53.558	0.98202	0.98202			6
2024.05.16	00:24:53.587	0.98200	0.98200			6
2024.05.16	00:24:53.697	0.98208	0.98208			6
2024.05.16	00:24:53.727	0.98200	0.98200			6
2024.05.16	00:24:53.787	0.98192	0.98192			6
2024.05.16	00:24:53.817	0.98191	0.98191			6
2024.05.16	00:24:53.906	0.98192	0.98192			6
2024.05.16	00:24:53.936	0.98191	0.98191			6
2024.05.16	00:24:53.966	0.98192	0.98192			6
2024.05.16	00:24:54.028	0.98191	0.98191			6
2024.05.16	00:24:54.057	0.98192	0.98192			6
2024.05.16	00:24:54.087	0.98191	0.98191			6
2024.05.16	00:24:54.147	0.98193	0.98193			6
2024.05.16	00:24:54.177	0.98196	0.98196			6
2024.05.16	00:24:54.236	0.98192	0.98192			6
2024.05.16	00:24:54.267	0.98195	0.98195			6
2024.05.16	00:24:54.297	0.98192	0.98192			6
2024.05.16	00:24:54.356	0.98191	0.98191			6
2024.05.16	00:24:54.417	0.98192	0.98192			6
2024.05.16	00:24:54.447	0.98193	0.98193			6
2024.05.16	00:24:54.476	0.98192	0.98192			6
2024.05.16	00:24:54.507	0.98191	0.98191			6
2024.05.16	00:24:54.567	0.98195	0.98195			6
2024.05.16	00:24:54.596	0.98196	0.98196			6
2024.05.16	00:24:54.627	0.98194	0.98194			6
2024.05.16	00:24:54.656	0.98206	0.98206			6
2024.05.16	00:24:54.686	0.98209	0.98209			6
2024.05.16	00:24:54.716	0.98200	0.98200			6
2024.05.16	00:24:54.747	0.98206	0.98206			6
2024.05.16	00:24:54.777	0.98203	0.98203			6
2024.05.16	00:24:54.808	0.98201	0.98201			6
2024.05.16	00:24:54.897	0.98202	0.98202			6
2024.05.16	00:24:54.927	0.98203	0.98203			6
2024.05.16	00:24:54.957	0.98201	0.98201			6
2024.05.16	00:24:54.986	0.98202	0.98202			6
2024.05.16	00:24:55.017	0.98203	0.98203			6
2024.05.16	00:24:55.046	0.98202	0.98202			6
2024.05.16	00:24:55.107	0.98196	0.98196			6
2024.05.16	00:24:55.137	0.98192	0.98192			6
2024.05.16	00:24:55.167	0.98193	0.98193			6
2024.05.16	00:24:55.197	0.98192	0.98192			6
2024.05.16	00:24:55.227	0.98193	0.98193			6
2024.05.16	00:24:56.075	0.98194	0.98194			6
2024.05.16	00:25:00.290	0.98193	0.98193			6
2024.05.16	00:25:00.319	0.98195	0.98195			6
2024.05.16	00:25:00.530	0.98196	0.98196			6
2024.05.16	00:25:00.620	0.98202	0.98202			6
2024.05.16	00:25:00.680	0.98203	0.98203			6
2024.05.16	00:25:00.709	0.98201	0.98201			6
2024.05.16	00:25:00.739	0.98203	0.98203			6
2024.05.16	00:25:00.829	0.98202	0.98202			6
2024.05.16	00:25:00.859	0.98204	0.98204			6
2024.05.16	00:25:00.889	0.98202	0.98202			6
2024.05.16	00:25:00.949	0.98203	0.98203			6
2024.05.16	00:25:00.979	0.98201	0.98201			6
2024.05.16	00:25:01.039	0.98202	0.98202			6
2024.05.16	00:25:01.069	0.98206	0.98206			6
2024.05.16	00:25:01.099	0.98204	0.98204			6
2024.05.16	00:25:01.130	0.98202	0.98202			6
2024.05.16	00:25:01.219	0.98201	0.98201			6
2024.05.16	00:25:01.279	0.98207	0.98207			6
2024.05.16	00:25:01.309	0.98203	0.98203			6
2024.05.16	00:25:01.338	0.98202	0.98202			6
2024.05.16	00:25:01.369	0.98201	0.98201			6
2024.05.16	00:25:01.458	0.98202	0.98202			6
2024.05.16	00:25:01.520	0.98199	0.98199			6
2024.05.16	00:25:01.550	0.98201	0.98201			6
2024.05.16	00:25:01.610	0.98202	0.98202			6
2024.05.16	00:25:01.640	0.98200	0.98200			6
2024.05.16	00:25:01.670	0.98201	0.98201			6
2024.05.16	00:25:01.700	0.98205	0.98205			6
2024.05.16	00:25:01.730	0.98206	0.98206			6
2024.05.16	00:25:01.760	0.98202	0.98202			6
2024.05.16	00:25:01.789	0.98201	0.98201			6
2024.05.16	00:25:01.850	0.98202	0.98202			6
2024.05.16	00:25:01.881	0.98203	0.98203			6
2024.05.16	00:25:01.910	0.98202	0.98202			6
2024.05.16	00:25:01.940	0.98203	0.98203			6
2024.05.16	00:25:02.001	0.98202	0.98202			6
2024.05.16	00:25:02.031	0.98203	0.98203			6
2024.05.16	00:25:02.091	0.98201	0.98201			6
2024.05.16	00:25:02.151	0.98202	0.98202			6
2024.05.16	00:25:02.211	0.98203	0.98203			6
2024.05.16	00:25:02.241	0.98202	0.98202			6
2024.05.16	00:25:02.271	0.98203	0.98203			6
2024.05.16	00:25:02.302	0.98207	0.98207			6
2024.05.16	00:25:02.332	0.98206	0.98206			6
2024.05.16	00:25:02.363	0.98210	0.98210			6
2024.05.16	00:25:02.393	0.98203	0.98203			6
2024.05.16	00:25:02.423	0.98202	0.98202			6
2024.05.16	00:25:02.453	0.98207	0.98207			6
2024.05.16	00:25:02.513	0.98205	0.98205			6
2024.05.16	00:25:02.543	0.98210	0.98210			6
2024.05.16	00:25:02.603	0.98206	0.98206			6
2024.05.16	00:25:02.635	0.98210	0.98210			6
2024.05.16	00:25:03.774	0.98212	0.98212			6
2024.05.16	00:25:07.651	0.98207	0.98207			6
2024.05.16	00:25:07.681	0.98204	0.98204			6
2024.05.16	00:25:07.740	0.98203	0.98203			6
2024.05.16	00:25:07.770	0.98212	0.98212			6
2024.05.16	00:25:07.800	0.98201	0.98201			6
2024.05.16	00:25:07.830	0.98206	0.98206			6
2024.05.16	00:25:07.860	0.98205	0.98205			6
2024.05.16	00:25:07.890	0.98210	0.98210			6
2024.05.16	00:25:07.921	0.98203	0.98203			6
2024.05.16	00:25:07.951	0.98213	0.98213			6
2024.05.16	00:25:07.981	0.98207	0.98207			6
2024.05.16	00:25:08.041	0.98206	0.98206			6
2024.05.16	00:25:08.071	0.98204	0.98204			6
2024.05.16	00:25:08.101	0.98205	0.98205			6
2024.05.16	00:25:08.131	0.98212	0.98212			6
2024.05.16	00:25:08.160	0.98207	0.98207			6
2024.05.16	00:25:08.190	0.98206	0.98206			6
2024.05.16	00:25:08.220	0.98213	0.98213			6
2024.05.16	00:25:08.250	0.98205	0.98205			6
2024.05.16	00:25:08.281	0.98212	0.98212			6
2024.05.16	00:25:08.311	0.98205	0.98205			6
2024.05.16	00:25:08.341	0.98204	0.98204			6
2024.05.16	00:25:08.401	0.98203	0.98203			6
2024.05.16	00:25:08.431	0.98211	0.98211			6
2024.05.16	00:25:08.461	0.98206	0.98206			6
2024.05.16	00:25:08.492	0.98205	0.98205			6
2024.05.16	00:25:08.552	0.98204	0.98204			6
2024.05.16	00:25:08.612	0.98207	0.98207			6
2024.05.16	00:25:08.641	0.98206	0.98206			6
2024.05.16	00:25:08.672	0.98207	0.98207			6
2024.05.16	00:25:08.732	0.98212	0.98212			6
2024.05.16	00:25:08.762	0.98211	0.98211			6
2024.05.16	00:25:08.792	0.98205	0.98205			6
2024.05.16	00:25:08.822	0.98204	0.98204			6
2024.05.16	00:25:08.858	0.98205	0.98205			6
2024.05.16	00:25:08.889	0.98212	0.98212			6
2024.05.16	00:25:08.918	0.98207	0.98207			6
2024.05.16	00:25:08.948	0.98197	0.98197			6
2024.05.16	00:25:08.978	0.98196	0.98196			6
2024.05.16	00:25:09.039	0.98197	0.98197			6
2024.05.16	00:25:09.069	0.98206	0.98206			6
2024.05.16	00:25:09.099	0.98204	0.98204			6
2024.05.16	00:25:09.129	0.98210	0.98210			6
2024.05.16	00:25:09.189	0.98202	0.98202			6
2024.05.16	00:25:09.670	0.98201	0.98201			6
2024.05.16	00:25:09.701	0.98210	0.98210			6
2024.05.16	00:25:09.731	0.98205	0.98205			6
2024.05.16	00:25:09.762	0.98204	0.98204			6
2024.05.16	00:25:09.822	0.98211	0.98211			6
2024.05.16	00:25:09.852	0.98209	0.98209			6
2024.05.16	00:25:09.882	0.98206	0.98206			6
2024.05.16	00:25:09.943	0.98205	0.98205			6
2024.05.16	00:25:09.973	0.98208	0.98208			6
2024.05.16	00:25:10.002	0.98207	0.98207			6
2024.05.16	00:25:10.033	0.98205	0.98205			6
2024.05.16	00:25:10.094	0.98213	0.98213			6
2024.05.16	00:25:10.124	0.98206	0.98206			6
2024.05.16	00:25:10.186	0.98212	0.98212			6
2024.05.16	00:25:10.246	0.98213	0.98213			6
2024.05.16	00:25:10.662	0.98200	0.98200			6
2024.05.16	00:25:11.790	0.98213	0.98213			6
2024.05.16	00:25:12.697	0.98212	0.98212			6
2024.05.16	00:25:15.267	0.98210	0.98210			6
2024.05.16	00:25:15.297	0.98206	0.98206			6
2024.05.16	00:25:15.460	0.98212	0.98212			6
2024.05.16	00:25:15.490	0.98210	0.98210			6
2024.05.16	00:25:15.519	0.98213	0.98213			6
2024.05.16	00:25:15.549	0.98209	0.98209			6
2024.05.16	00:25:15.579	0.98206	0.98206			6
2024.05.16	00:25:15.609	0.98210	0.98210			6
2024.05.16	00:25:15.639	0.98206	0.98206			6
2024.05.16	00:25:15.699	0.98209	0.98209			6
2024.05.16	00:25:15.729	0.98205	0.98205			6
2024.05.16	00:25:15.790	0.98206	0.98206			6
2024.05.16	00:25:15.821	0.98205	0.98205			6
2024.05.16	00:25:15.851	0.98209	0.98209			6
2024.05.16	00:25:15.882	0.98206	0.98206			6
2024.05.16	00:25:15.942	0.98209	0.98209			6
2024.05.16	00:25:15.972	0.98206	0.98206			6
2024.05.16	00:25:16.002	0.98209	0.98209			6
2024.05.16	00:25:16.121	0.98205	0.98205			6
2024.05.16	00:25:16.151	0.98208	0.98208			6
2024.05.16	00:25:16.182	0.98205	0.98205			6
2024.05.16	00:25:16.242	0.98212	0.98212			6
2024.05.16	00:25:16.271	0.98205	0.98205			6
2024.05.16	00:25:16.302	0.98208	0.98208			6
2024.05.16	00:25:16.332	0.98210	0.98210			6
2024.05.16	00:25:16.362	0.98202	0.98202			6
2024.05.16	00:25:16.393	0.98203	0.98203			6
2024.05.16	00:25:16.422	0.98201	0.98201			6
2024.05.16	00:25:16.482	0.98210	0.98210			6
2024.05.16	00:25:16.513	0.98203	0.98203			6
2024.05.16	00:25:16.544	0.98206	0.98206			6
2024.05.16	00:25:16.574	0.98208	0.98208			6
2024.05.16	00:25:16.604	0.98207	0.98207			6
2024.05.16	00:25:16.664	0.98203	0.98203			6
2024.05.16	00:25:16.693	0.98204	0.98204			6
2024.05.16	00:25:16.724	0.98203	0.98203			6
2024.05.16	00:25:16.783	0.98200	0.98200			6
2024.05.16	00:25:16.813	0.98203	0.98203			6
2024.05.16	00:25:16.843	0.98200	0.98200			6
2024.05.16	00:25:17.337	0.98199	0.98199			6
2024.05.16	00:25:17.397	0.98209	0.98209			6
2024.05.16	00:25:17.427	0.98206	0.98206			6
2024.05.16	00:25:17.457	0.98203	0.98203			6
2024.05.16	00:25:17.516	0.98202	0.98202			6
2024.05.16	00:25:17.547	0.98201	0.98201			6
2024.05.16	00:25:17.606	0.98203	0.98203			6
2024.05.16	00:25:17.636	0.98202	0.98202			6
2024.05.16	00:25:17.666	0.98203	0.98203			6
2024.05.16	00:25:17.726	0.98202	0.98202			6
2024.05.16	00:25:17.787	0.98210	0.98210			6
2024.05.16	00:25:17.817	0.98204	0.98204			6
2024.05.16	00:25:17.877	0.98205	0.98205			6
2024.05.16	00:25:17.907	0.98200	0.98200			6
2024.05.16	00:25:17.938	0.98210	0.98210			6
2024.05.16	00:25:17.967	0.98205	0.98205			6
2024.05.16	00:25:18.027	0.98203	0.98203			6
2024.05.16	00:25:18.058	0.98205	0.98205			6
2024.05.16	00:25:18.088	0.98206	0.98206			6
2024.05.16	00:25:18.117	0.98211	0.98211			6
2024.05.16	00:25:18.147	0.98207	0.98207			6
2024.05.16	00:25:18.177	0.98205	0.98205			6
2024.05.16	00:25:18.268	0.98203	0.98203			6
2024.05.16	00:25:18.297	0.98204	0.98204			6
2024.05.16	00:25:18.327	0.98206	0.98206			6
2024.05.16	00:25:18.387	0.98212	0.98212			6
2024.05.16	00:25:18.417	0.98206	0.98206			6
2024.05.16	00:25:18.448	0.98210	0.98210			6
2024.05.16	00:25:18.478	0.98206	0.98206			6
2024.05.16	00:25:18.507	0.98210	0.98210			6
2024.05.16	00:25:18.567	0.98205	0.98205			6
2024.05.16	00:25:18.598	0.98210	0.98210			6
2024.05.16	00:25:18.629	0.98197	0.98197			6
2024.05.16	00:25:18.658	0.98202	0.98202			6
2024.05.16	00:25:18.689	0.98195	0.98195			6
2024.05.16	00:25:18.718	0.98197	0.98197			6
2024.05.16	00:25:18.778	0.98196	0.98196			6
2024.05.16	00:25:18.809	0.98198	0.98198			6
2024.05.16	00:25:18.870	0.98196	0.98196			6
2024.05.16	00:25:18.929	0.98199	0.98199			6
2024.05.16	00:25:18.959	0.98196	0.98196			6
2024.05.16	00:25:18.989	0.98204	0.98204			6
2024.05.16	00:25:19.020	0.98199	0.98199			6
2024.05.16	00:25:19.050	0.98204	0.98204			6
2024.05.16	00:25:19.079	0.98199	0.98199			6
2024.05.16	00:25:19.140	0.98204	0.98204			6
2024.05.16	00:25:19.169	0.98199	0.98199			6
2024.05.16	00:25:19.230	0.98200	0.98200			6
2024.05.16	00:25:19.260	0.98195	0.98195			6
2024.05.16	00:25:19.290	0.98200	0.98200			6
2024.05.16	00:25:19.320	0.98195	0.98195			6
2024.05.16	00:25:19.380	0.98197	0.98197			6
2024.05.16	00:25:19.409	0.98194	0.98194			6
2024.05.16	00:25:19.440	0.98200	0.98200			6
2024.05.16	00:25:19.469	0.98197	0.98197			6
2024.05.16	00:25:19.499	0.98204	0.98204			6
2024.05.16	00:25:19.529	0.98202	0.98202			6
2024.05.16	00:25:19.560	0.98195	0.98195			6
2024.05.16	00:25:19.590	0.98197	0.98197			6
2024.05.16	00:25:19.621	0.98194	0.98194			6
2024.05.16	00:25:19.650	0.98195	0.98195			6
2024.05.16	00:25:19.680	0.98203	0.98203			6
2024.05.16	00:25:19.710	0.98199	0.98199			6
2024.05.16	00:25:19.770	0.98204	0.98204			6
2024.05.16	00:25:19.866	0.98212	0.98212			6
2024.05.16	00:25:24.715	0.98205	0.98205			6
2024.05.16	00:25:24.828	0.98195	0.98195			6
2024.05.16	00:25:24.858	0.98200	0.98200			6
2024.05.16	00:25:24.888	0.98199	0.98199			6
2024.05.16	00:25:24.919	0.98196	0.98196			6
2024.05.16	00:25:25.008	0.98201	0.98201			6
2024.05.16	00:25:25.037	0.98197	0.98197			6
2024.05.16	00:25:25.067	0.98198	0.98198			6
2024.05.16	00:25:25.097	0.98197	0.98197			6
2024.05.16	00:25:25.128	0.98193	0.98193			6
2024.05.16	00:25:25.158	0.98191	0.98191			6
2024.05.16	00:25:25.188	0.98193	0.98193			6
2024.05.16	00:25:25.219	0.98201	0.98201			6
2024.05.16	00:25:25.249	0.98200	0.98200			6
2024.05.16	00:25:25.279	0.98201	0.98201			6
2024.05.16	00:25:25.309	0.98197	0.98197			6
2024.05.16	00:25:25.339	0.98196	0.98196			6
2024.05.16	00:25:25.369	0.98194	0.98194			6
2024.05.16	00:25:25.398	0.98205	0.98205			6
2024.05.16	00:25:25.429	0.98204	0.98204			6
2024.05.16	00:25:25.459	0.98196	0.98196			6
2024.05.16	00:25:25.489	0.98198	0.98198			6
2024.05.16	00:25:25.518	0.98195	0.98195			6
2024.05.16	00:25:25.548	0.98197	0.98197			6
2024.05.16	00:25:25.579	0.98195	0.98195			6
2024.05.16	00:25:25.609	0.98198	0.98198			6
2024.05.16	00:25:25.640	0.98200	0.98200			6
2024.05.16	00:25:25.671	0.98196	0.98196			6
2024.05.16	00:25:25.699	0.98200	0.98200			6
2024.05.16	00:25:25.729	0.98199	0.98199			6
2024.05.16	00:25:25.790	0.98197	0.98197			6
2024.05.16	00:25:25.881	0.98199	0.98199			6
2024.05.16	00:25:25.911	0.98202	0.98202			6
2024.05.16	00:25:25.942	0.98196	0.98196			6
2024.05.16	00:25:25.972	0.98205	0.98205			6
2024.05.16	00:25:26.002	0.98195	0.98195			6
2024.05.16	00:25:26.032	0.98194	0.98194			6
2024.05.16	00:25:26.061	0.98193	0.98193			6
2024.05.16	00:25:26.121	0.98201	0.98201			6
2024.05.16	00:25:26.182	0.98196	0.98196			6
2024.05.16	00:25:26.211	0.98198	0.98198			6
2024.05.16	00:25:26.240	0.98199	0.98199			6
2024.05.16	00:25:26.271	0.98197	0.98197			6
2024.05.16	00:25:26.302	0.98202	0.98202			6
2024.05.16	00:25:26.333	0.98195	0.98195			6
2024.05.16	00:25:26.363	0.98197	0.98197			6
2024.05.16	00:25:26.392	0.98199	0.98199			6
2024.05.16	00:25:26.482	0.98197	0.98197			6
2024.05.16	00:25:26.512	0.98196	0.98196			6
2024.05.16	00:25:26.542	0.98197	0.98197			6
2024.05.16	00:25:26.572	0.98201	0.98201			6
2024.05.16	00:25:26.602	0.98197	0.98197			6
2024.05.16	00:25:26.662	0.98198	0.98198			6
2024.05.16	00:25:26.693	0.98196	0.98196			6
2024.05.16	00:25:26.723	0.98194	0.98194			6
2024.05.16	00:25:26.753	0.98203	0.98203			6
2024.05.16	00:25:26.783	0.98201	0.98201			6
2024.05.16	00:25:26.813	0.98196	0.98196			6
2024.05.16	00:25:26.843	0.98197	0.98197			6
2024.05.16	00:25:26.873	0.98195	0.98195			6
2024.05.16	00:25:26.932	0.98196	0.98196			6
2024.05.16	00:25:26.963	0.98199	0.98199			6
2024.05.16	00:25:27.023	0.98196	0.98196			6
2024.05.16	00:25:27.053	0.98195	0.98195			6
2024.05.16	00:25:27.084	0.98200	0.98200			6
2024.05.16	00:25:27.113	0.98204	0.98204			6
2024.05.16	00:25:32.193	0.98197	0.98197			6
2024.05.16	00:25:32.223	0.98195	0.98195			6
2024.05.16	00:25:32.253	0.98203	0.98203			6
2024.05.16	00:25:32.312	0.98201	0.98201			6
2024.05.16	00:25:32.344	0.98199	0.98199			6
2024.05.16	00:25:32.374	0.98198	0.98198			6
2024.05.16	00:25:32.404	0.98195	0.98195			6
2024.05.16	00:25:32.433	0.98193	0.98193			6
2024.05.16	00:25:32.493	0.98200	0.98200			6
2024.05.16	00:25:32.524	0.98203	0.98203			6
2024.05.16	00:25:32.554	0.98200	0.98200			6
2024.05.16	00:25:32.584	0.98199	0.98199			6
2024.05.16	00:25:32.615	0.98195	0.98195			6
2024.05.16	00:25:32.645	0.98200	0.98200			6
2024.05.16	00:25:32.675	0.98198	0.98198			6
2024.05.16	00:25:32.736	0.98204	0.98204			6
2024.05.16	00:25:32.766	0.98203	0.98203			6
2024.05.16	00:25:32.796	0.98194	0.98194			6
2024.05.16	00:25:32.826	0.98204	0.98204			6
2024.05.16	00:25:32.856	0.98202	0.98202			6
2024.05.16	00:25:32.887	0.98197	0.98197			6
2024.05.16	00:25:32.947	0.98198	0.98198			6
2024.05.16	00:25:32.977	0.98193	0.98193			6
2024.05.16	00:25:33.006	0.98195	0.98195			6
2024.05.16	00:25:33.036	0.98196	0.98196			6
2024.05.16	00:25:33.066	0.98200	0.98200			6
2024.05.16	00:25:33.097	0.98197	0.98197			6
2024.05.16	00:25:33.127	0.98194	0.98194			6
2024.05.16	00:25:33.157	0.98193	0.98193			6
2024.05.16	00:25:33.187	0.98195	0.98195			6
2024.05.16	00:25:33.246	0.98193	0.98193			6
2024.05.16	00:25:33.336	0.98195	0.98195			6
2024.05.16	00:25:33.396	0.98193	0.98193			6
2024.05.16	00:25:33.426	0.98196	0.98196			6
2024.05.16	00:25:33.456	0.98198	0.98198			6
2024.05.16	00:25:33.487	0.98193	0.98193			6
2024.05.16	00:25:33.516	0.98200	0.98200			6
2024.05.16	00:25:33.547	0.98194	0.98194			6
2024.05.16	00:25:33.576	0.98199	0.98199			6
2024.05.16	00:25:33.607	0.98193	0.98193			6
2024.05.16	00:25:33.637	0.98195	0.98195			6
2024.05.16	00:25:33.667	0.98199	0.98199			6
2024.05.16	00:25:33.696	0.98197	0.98197			6
2024.05.16	00:25:33.727	0.98196	0.98196			6
2024.05.16	00:25:33.756	0.98197	0.98197			6
2024.05.16	00:25:33.786	0.98192	0.98192			6
2024.05.16	00:25:33.847	0.98195	0.98195			6
2024.05.16	00:25:33.877	0.98198	0.98198			6
2024.05.16	00:25:33.937	0.98193	0.98193			6
2024.05.16	00:25:33.967	0.98196	0.98196			6
2024.05.16	00:25:34.056	0.98198	0.98198			6
2024.05.16	00:25:34.086	0.98196	0.98196			6
2024.05.16	00:25:34.116	0.98193	0.98193			6
2024.05.16	00:25:34.146	0.98201	0.98201			6
2024.05.16	00:25:34.207	0.98196	0.98196			6
2024.05.16	00:25:34.327	0.98195	0.98195			6
2024.05.16	00:25:34.478	0.98200	0.98200			6
2024.05.16	00:25:34.508	0.98197	0.98197			6
2024.05.16	00:25:34.537	0.98199	0.98199			6
2024.05.16	00:25:34.567	0.98206	0.98206			6
2024.05.16	00:25:39.635	0.98199	0.98199			6
2024.05.16	00:25:39.724	0.98193	0.98193			6
2024.05.16	00:25:39.754	0.98202	0.98202			6
2024.05.16	00:25:39.844	0.98198	0.98198			6
2024.05.16	00:25:39.875	0.98197	0.98197			6
2024.05.16	00:25:39.904	0.98196	0.98196			6
2024.05.16	00:25:39.965	0.98195	0.98195			6
2024.05.16	00:25:39.995	0.98197	0.98197			6
2024.05.16	00:25:40.085	0.98195	0.98195			6
2024.05.16	00:25:40.114	0.98196	0.98196			6
2024.05.16	00:25:40.144	0.98198	0.98198			6
2024.05.16	00:25:40.204	0.98195	0.98195			6
2024.05.16	00:25:40.235	0.98196	0.98196			6
2024.05.16	00:25:40.265	0.98194	0.98194			6
2024.05.16	00:25:40.295	0.98196	0.98196			6
2024.05.16	00:25:40.333	0.98197	0.98197			6
2024.05.16	00:25:40.363	0.98196	0.98196			6
2024.05.16	00:25:40.392	0.98195	0.98195			6
2024.05.16	00:25:40.423	0.98197	0.98197			6
2024.05.16	00:25:40.452	0.98195	0.98195			6
2024.05.16	00:25:40.482	0.98193	0.98193			6
2024.05.16	00:25:40.513	0.98202	0.98202			6
2024.05.16	00:25:40.543	0.98197	0.98197			6
2024.05.16	00:25:40.572	0.98196	0.98196			6
2024.05.16	00:25:40.602	0.98198	0.98198			6
2024.05.16	00:25:40.633	0.98196	0.98196			6
2024.05.16	00:25:40.693	0.98199	0.98199			6
2024.05.16	00:25:40.753	0.98197	0.98197			6
2024.05.16	00:25:40.783	0.98196	0.98196			6
2024.05.16	00:25:40.812	0.98202	0.98202			6
2024.05.16	00:25:40.843	0.98196	0.98196			6
2024.05.16	00:25:40.872	0.98197	0.98197			6
2024.05.16	00:25:40.902	0.98201	0.98201			6
2024.05.16	00:25:40.932	0.98197	0.98197			6
2024.05.16	00:25:40.962	0.98203	0.98203			6
2024.05.16	00:25:40.993	0.98196	0.98196			6
2024.05.16	00:25:41.023	0.98206	0.98206			6
2024.05.16	00:25:41.053	0.98197	0.98197			6
2024.05.16	00:25:41.143	0.98195	0.98195			6
2024.05.16	00:25:41.173	0.98193	0.98193			6
2024.05.16	00:25:41.203	0.98201	0.98201			6
2024.05.16	00:25:41.232	0.98195	0.98195			6
2024.05.16	00:25:41.263	0.98204	0.98204			6
2024.05.16	00:25:41.293	0.98199	0.98199			6
2024.05.16	00:25:41.323	0.98193	0.98193			6
2024.05.16	00:25:41.353	0.98196	0.98196			6
2024.05.16	00:25:41.384	0.98197	0.98197			6
2024.05.16	00:25:41.444	0.98196	0.98196			6
2024.05.16	00:25:41.474	0.98195	0.98195			6
2024.05.16	00:25:41.504	0.98193	0.98193			6
2024.05.16	00:25:41.534	0.98192	0.98192			6
2024.05.16	00:25:41.564	0.98191	0.98191			6
2024.05.16	00:25:41.594	0.98195	0.98195			6
2024.05.16	00:25:42.583	0.98193	0.98193			6
2024.05.16	00:25:42.614	0.98192	0.98192			6
2024.05.16	00:25:43.789	0.98191	0.98191			6
2024.05.16	00:25:43.820	0.98190	0.98190			6
2024.05.16	00:25:43.849	0.98193	0.98193			6
2024.05.16	00:25:43.879	0.98191	0.98191			6
2024.05.16	00:25:43.909	0.98188	0.98188			6
2024.05.16	00:25:43.939	0.98197	0.98197			6
2024.05.16	00:25:43.969	0.98191	0.98191			6
2024.05.16	00:25:44.000	0.98196	0.98196			6
2024.05.16	00:25:44.030	0.98195	0.98195			6
2024.05.16	00:25:44.060	0.98197	0.98197			6
2024.05.16	00:25:44.090	0.98204	0.98204			6
2024.05.16	00:25:44.119	0.98196	0.98196			6
2024.05.16	00:25:44.150	0.98194	0.98194			6
2024.05.16	00:25:44.180	0.98196	0.98196			6
2024.05.16	00:25:44.209	0.98195	0.98195			6
2024.05.16	00:25:44.239	0.98194	0.98194			6
2024.05.16	00:25:44.299	0.98200	0.98200			6
2024.05.16	00:25:44.329	0.98198	0.98198			6
2024.05.16	00:25:44.390	0.98199	0.98199			6
2024.05.16	00:25:44.420	0.98195	0.98195			6
2024.05.16	00:25:44.450	0.98198	0.98198			6
2024.05.16	00:25:44.479	0.98201	0.98201			6
2024.05.16	00:25:44.510	0.98196	0.98196			6
2024.05.16	00:25:44.540	0.98195	0.98195			6
2024.05.16	00:25:44.599	0.98197	0.98197			6
2024.05.16	00:25:44.659	0.98193	0.98193			6
2024.05.16	00:25:44.718	0.98196	0.98196			6
2024.05.16	00:25:44.750	0.98194	0.98194			6
2024.05.16	00:25:45.244	0.98193	0.98193			6
2024.05.16	00:25:45.791	0.98199	0.98199			6
2024.05.16	00:25:45.822	0.98198	0.98198			6
2024.05.16	00:25:46.767	0.98206	0.98206			6
2024.05.16	00:25:46.797	0.98199	0.98199			6
2024.05.16	00:25:46.886	0.98200	0.98200			6
2024.05.16	00:25:46.916	0.98208	0.98208			6
2024.05.16	00:25:46.946	0.98200	0.98200			6
2024.05.16	00:25:47.018	0.98209	0.98209			6
2024.05.16	00:25:47.048	0.98203	0.98203			6
2024.05.16	00:25:47.077	0.98209	0.98209			6
2024.05.16	00:25:47.108	0.98195	0.98195			6
2024.05.16	00:25:47.138	0.98201	0.98201			6
2024.05.16	00:25:47.168	0.98200	0.98200			6
2024.05.16	00:25:47.317	0.98199	0.98199			6
2024.05.16	00:25:47.347	0.98200	0.98200			6
2024.05.16	00:25:47.379	0.98199	0.98199			6
2024.05.16	00:25:47.409	0.98198	0.98198			6
2024.05.16	00:25:47.439	0.98199	0.98199			6
2024.05.16	00:25:47.469	0.98207	0.98207			6
2024.05.16	00:25:47.499	0.98201	0.98201			6
2024.05.16	00:25:47.529	0.98200	0.98200			6
2024.05.16	00:25:47.559	0.98201	0.98201			6
2024.05.16	00:25:47.588	0.98200	0.98200			6
2024.05.16	00:25:47.618	0.98199	0.98199			6
2024.05.16	00:25:47.648	0.98200	0.98200			6
2024.05.16	00:25:47.987	0.98191	0.98191			6
2024.05.16	00:25:48.017	0.98195	0.98195			6
2024.05.16	00:25:48.047	0.98196	0.98196			6
2024.05.16	00:25:48.139	0.98195	0.98195			6
2024.05.16	00:25:48.168	0.98194	0.98194			6
2024.05.16	00:25:48.198	0.98192	0.98192			6
2024.05.16	00:25:48.228	0.98193	0.98193			6
2024.05.16	00:25:48.287	0.98194	0.98194			6
2024.05.16	00:25:48.318	0.98195	0.98195			6
2024.05.16	00:25:48.378	0.98196	0.98196			6
2024.05.16	00:25:48.408	0.98194	0.98194			6
2024.05.16	00:25:48.438	0.98196	0.98196			6
2024.05.16	00:25:48.498	0.98193	0.98193			6
2024.05.16	00:25:48.528	0.98194	0.98194			6
2024.05.16	00:25:48.844	0.98193	0.98193			6
2024.05.16	00:25:48.875	0.98192	0.98192			6
2024.05.16	00:25:48.964	0.98193	0.98193			6
2024.05.16	00:25:48.995	0.98192	0.98192			6
2024.05.16	00:25:49.025	0.98194	0.98194			6
2024.05.16	00:25:49.085	0.98200	0.98200			6
2024.05.16	00:25:49.175	0.98209	0.98209			6
2024.05.16	00:25:49.234	0.98205	0.98205			6
2024.05.16	00:25:49.265	0.98200	0.98200			6
2024.05.16	00:25:49.295	0.98199	0.98199			6
2024.05.16	00:25:49.325	0.98202	0.98202			6
2024.05.16	00:25:49.736	0.98201	0.98201			6
2024.05.16	00:25:49.796	0.98194	0.98194			6
2024.05.16	00:25:49.825	0.98200	0.98200			6
2024.05.16	00:25:49.855	0.98193	0.98193			6
2024.05.16	00:25:49.975	0.98195	0.98195			6
2024.05.16	00:25:50.005	0.98196	0.98196			6
2024.05.16	00:25:50.036	0.98195	0.98195			6
2024.05.16	00:25:50.066	0.98196	0.98196			6
2024.05.16	00:25:50.095	0.98193	0.98193			6
2024.05.16	00:25:50.157	0.98192	0.98192			6
2024.05.16	00:25:50.187	0.98194	0.98194			6
2024.05.16	00:25:50.218	0.98195	0.98195			6
2024.05.16	00:25:50.248	0.98196	0.98196			6
2024.05.16	00:25:50.278	0.98192	0.98192			6
2024.05.16	00:25:50.308	0.98200	0.98200			6
2024.05.16	00:25:50.338	0.98193	0.98193			6
2024.05.16	00:25:50.368	0.98194	0.98194			6
2024.05.16	00:25:50.400	0.98198	0.98198			6
2024.05.16	00:25:50.429	0.98194	0.98194			6
2024.05.16	00:25:50.860	0.98192	0.98192			6
2024.05.16	00:25:50.892	0.98193	0.98193			6
2024.05.16	00:25:50.980	0.98195	0.98195			6
2024.05.16	00:25:51.011	0.98193	0.98193			6
2024.05.16	00:25:51.070	0.98195	0.98195			6
2024.05.16	00:25:51.131	0.98196	0.98196			6
2024.05.16	00:25:51.162	0.98195	0.98195			6
2024.05.16	00:25:51.251	0.98196	0.98196			6
2024.05.16	00:25:51.341	0.98195	0.98195			6
2024.05.16	00:25:51.371	0.98193	0.98193			6
2024.05.16	00:25:51.401	0.98195	0.98195			6
2024.05.16	00:25:51.431	0.98196	0.98196			6
2024.05.16	00:25:51.490	0.98197	0.98197			6
2024.05.16	00:25:51.521	0.98195	0.98195			6
2024.05.16	00:25:51.550	0.98193	0.98193			6
2024.05.16	00:25:51.581	0.98195	0.98195			6
2024.05.16	00:25:51.611	0.98191	0.98191			6
2024.05.16	00:25:51.641	0.98192	0.98192			6
2024.05.16	00:25:52.170	0.98201	0.98201			6
2024.05.16	00:25:52.261	0.98209	0.98209			6
2024.05.16	00:25:52.291	0.98202	0.98202			6
2024.05.16	00:25:52.321	0.98201	0.98201			6
2024.05.16	00:25:52.350	0.98204	0.98204			6
2024.05.16	00:25:52.380	0.98202	0.98202			6
2024.05.16	00:25:52.411	0.98210	0.98210			6
2024.05.16	00:25:52.441	0.98202	0.98202			6
2024.05.16	00:25:52.501	0.98203	0.98203			6
2024.05.16	00:25:52.530	0.98206	0.98206			6
2024.05.16	00:25:52.560	0.98210	0.98210			6
2024.05.16	00:25:52.590	0.98205	0.98205			6
2024.05.16	00:25:52.620	0.98204	0.98204			6
2024.05.16	00:25:52.651	0.98212	0.98212			6
2024.05.16	00:25:52.681	0.98204	0.98204			6
2024.05.16	00:25:52.717	0.98211	0.98211			6
2024.05.16	00:25:52.776	0.98201	0.98201			6
2024.05.16	00:25:52.806	0.98202	0.98202			6
2024.05.16	00:25:53.281	0.98201	0.98201			6
2024.05.16	00:25:53.371	0.98197	0.98197			6
2024.05.16	00:25:53.462	0.98203	0.98203			6
2024.05.16	00:25:53.491	0.98202	0.98202			6
2024.05.16	00:25:53.521	0.98203	0.98203			6
2024.05.16	00:25:53.582	0.98209	0.98209			6
2024.05.16	00:25:53.613	0.98203	0.98203			6
2024.05.16	00:25:53.674	0.98204	0.98204			6
2024.05.16	00:25:53.705	0.98203	0.98203			6
2024.05.16	00:25:53.948	0.98202	0.98202			6
2024.05.16	00:25:54.037	0.98203	0.98203			6
2024.05.16	00:25:54.068	0.98202	0.98202			6
2024.05.16	00:25:54.097	0.98209	0.98209			6
2024.05.16	00:25:54.127	0.98203	0.98203			6
2024.05.16	00:25:54.158	0.98206	0.98206			6
2024.05.16	00:25:54.189	0.98203	0.98203			6
2024.05.16	00:25:54.248	0.98210	0.98210			6
2024.05.16	00:25:54.278	0.98203	0.98203			6
2024.05.16	00:25:54.338	0.98209	0.98209			6
2024.05.16	00:25:54.368	0.98203	0.98203			6
2024.05.16	00:25:54.398	0.98193	0.98193			6
2024.05.16	00:25:54.428	0.98197	0.98197			6
2024.05.16	00:25:54.458	0.98199	0.98199			6
2024.05.16	00:25:54.488	0.98212	0.98212			6
2024.05.16	00:25:54.519	0.98204	0.98204			6
2024.05.16	00:25:54.549	0.98203	0.98203			6
2024.05.16	00:25:54.608	0.98211	0.98211			6
2024.05.16	00:25:54.638	0.98204	0.98204			6
2024.05.16	00:25:54.668	0.98210	0.98210			6
2024.05.16	00:25:54.698	0.98203	0.98203			6
2024.05.16	00:25:54.789	0.98204	0.98204			6
2024.05.16	00:25:54.819	0.98212	0.98212			6
2024.05.16	00:25:54.910	0.98204	0.98204			6
2024.05.16	00:25:54.940	0.98212	0.98212			6
2024.05.16	00:25:54.969	0.98204	0.98204			6
2024.05.16	00:25:54.999	0.98203	0.98203			6
2024.05.16	00:25:55.029	0.98211	0.98211			6
2024.05.16	00:25:57.051	0.98210	0.98210			6
2024.05.16	00:25:57.558	0.98208	0.98208			6
2024.05.16	00:25:58.605	0.98210	0.98210			6
2024.05.16	00:25:59.195	0.98208	0.98208			6
2024.05.16	00:25:59.599	0.98209	0.98209			6
2024.05.16	00:26:00.070	0.98207	0.98207			6
2024.05.16	00:26:00.100	0.98208	0.98208			6
2024.05.16	00:26:00.130	0.98205	0.98205			6
2024.05.16	00:26:00.161	0.98204	0.98204			6
2024.05.16	00:26:00.190	0.98206	0.98206			6
2024.05.16	00:26:00.220	0.98202	0.98202			6
2024.05.16	00:26:00.250	0.98201	0.98201			6
2024.05.16	00:26:00.310	0.98207	0.98207			6
2024.05.16	00:26:00.339	0.98209	0.98209			6
2024.05.16	00:26:00.370	0.98206	0.98206			6
2024.05.16	00:26:00.401	0.98204	0.98204			6
