<DATE>	<TIME>	<BID>	<ASK>	<LAST>	<VOLUME>	<FLAGS>
2024.01.22	00:00:02.387	0.94605	0.94605			6
2024.01.22	00:00:16.891	0.94610	0.94610			6
2024.01.22	00:00:16.921	0.94624	0.94624			6
2024.01.22	00:00:26.882	0.94625	0.94625			6
2024.01.22	00:01:13.721	0.94628	0.94628			6
2024.01.22	00:01:13.831	0.94625	0.94625			6
2024.01.22	00:02:03.143	0.94624	0.94624			6
2024.01.22	00:02:12.511	0.94614	0.94614			6
2024.01.22	00:02:38.683	0.94624	0.94624			6
2024.01.22	00:02:47.871	0.94614	0.94614			6
2024.01.22	00:02:50.702	0.94624	0.94624			6
2024.01.22	00:02:57.512	0.94614	0.94614			6
2024.01.22	00:03:08.962	0.94611	0.94611			6
2024.01.22	00:03:14.882	0.94623	0.94623			6
2024.01.22	00:03:17.892	0.94611	0.94611			6
2024.01.22	00:03:23.792	0.94623	0.94623			6
2024.01.22	00:03:34.471	0.94611	0.94611			6
2024.01.22	00:03:44.875	0.94623	0.94623			6
2024.01.22	00:03:48.461	0.94611	0.94611			6
2024.01.22	00:04:01.401	0.94623	0.94623			6
2024.01.22	00:04:04.388	0.94625	0.94625			6
2024.01.22	00:04:04.419	0.94615	0.94615			6
2024.01.22	00:04:06.282	0.94611	0.94611			6
2024.01.22	00:05:02.593	0.94624	0.94624			6
2024.01.22	00:05:02.924	0.94612	0.94612			6
2024.01.22	00:05:03.692	0.94601	0.94601			6
2024.01.22	00:05:04.002	0.94608	0.94608			6
2024.01.22	00:05:13.298	0.94601	0.94601			6
2024.01.22	00:05:13.612	0.94608	0.94608			6
2024.01.22	00:05:19.501	0.94645	0.94645			6
2024.01.22	00:05:20.671	0.94643	0.94643			6
2024.01.22	00:05:37.463	0.94630	0.94630			6
2024.01.22	00:06:00.476	0.94622	0.94622			6
2024.01.22	00:06:00.568	0.94635	0.94635			6
2024.01.22	00:06:01.301	0.94631	0.94631			6
2024.01.22	00:06:30.011	0.94620	0.94620			6
2024.01.22	00:06:56.310	0.94612	0.94612			6
2024.01.22	00:07:24.999	0.94613	0.94613			6
2024.01.22	00:08:22.423	0.94614	0.94614			6
2024.01.22	00:08:34.271	0.94647	0.94647			6
2024.01.22	00:08:40.122	0.94656	0.94656			6
2024.01.22	00:08:40.681	0.94657	0.94657			6
2024.01.22	00:08:41.591	0.94668	0.94668			6
2024.01.22	00:08:54.442	0.94616	0.94616			6
2024.01.22	00:08:54.991	0.94626	0.94626			6
2024.01.22	00:08:55.970	0.94621	0.94621			6
2024.01.22	00:08:56.280	0.94622	0.94622			6
2024.01.22	00:08:58.611	0.94609	0.94609			6
2024.01.22	00:08:58.903	0.94606	0.94606			6
2024.01.22	00:09:16.026	0.94616	0.94616			6
2024.01.22	00:09:41.300	0.94615	0.94615			6
2024.01.22	00:10:00.500	0.94606	0.94606			6
2024.01.22	00:10:00.559	0.94597	0.94597			6
2024.01.22	00:10:01.310	0.94607	0.94607			6
2024.01.22	00:10:31.149	0.94603	0.94603			6
2024.01.22	00:10:44.040	0.94605	0.94605			6
2024.01.22	00:10:47.662	0.94606	0.94606			6
2024.01.22	00:10:48.080	0.94612	0.94612			6
2024.01.22	00:10:52.997	0.94622	0.94622			6
2024.01.22	00:10:53.339	0.94614	0.94614			6
2024.01.22	00:10:53.525	0.94626	0.94626			6
2024.01.22	00:10:54.090	0.94614	0.94614			6
2024.01.22	00:10:54.261	0.94604	0.94604			6
2024.01.22	00:10:54.370	0.94608	0.94608			6
2024.01.22	00:10:54.400	0.94612	0.94612			6
2024.01.22	00:10:57.560	0.94611	0.94611			6
2024.01.22	00:11:02.220	0.94614	0.94614			6
2024.01.22	00:11:02.553	0.94612	0.94612			6
2024.01.22	00:11:05.731	0.94620	0.94620			6
2024.01.22	00:11:10.292	0.94612	0.94612			6
2024.01.22	00:11:15.169	0.94611	0.94611			6
2024.01.22	00:11:59.060	0.94619	0.94619			6
2024.01.22	00:12:00.051	0.94611	0.94611			6
2024.01.22	00:12:03.591	0.94621	0.94621			6
2024.01.22	00:12:05.069	0.94622	0.94622			6
2024.01.22	00:12:05.370	0.94631	0.94631			6
2024.01.22	00:12:06.891	0.94630	0.94630			6
2024.01.22	00:12:07.800	0.94626	0.94626			6
2024.01.22	00:12:26.610	0.94613	0.94613			6
2024.01.22	00:12:30.660	0.94617	0.94617			6
2024.01.22	00:12:31.616	0.94614	0.94614			6
2024.01.22	00:12:32.721	0.94611	0.94611			6
2024.01.22	00:14:05.754	0.94634	0.94634			6
2024.01.22	00:14:16.550	0.94630	0.94630			6
2024.01.22	00:14:16.900	0.94631	0.94631			6
2024.01.22	00:14:22.689	0.94632	0.94632			6
2024.01.22	00:14:26.544	0.94633	0.94633			6
2024.01.22	00:14:58.360	0.94630	0.94630			6
2024.01.22	00:15:00.010	0.94631	0.94631			6
2024.01.22	00:15:00.551	0.94633	0.94633			6
2024.01.22	00:15:05.061	0.94631	0.94631			6
2024.01.22	00:15:05.092	0.94623	0.94623			6
2024.01.22	00:15:05.674	0.94624	0.94624			6
2024.01.22	00:15:07.591	0.94636	0.94636			6
2024.01.22	00:15:07.654	0.94623	0.94623			6
2024.01.22	00:15:10.680	0.94624	0.94624			6
2024.01.22	00:15:11.272	0.94618	0.94618			6
2024.01.22	00:15:11.963	0.94611	0.94611			6
2024.01.22	00:15:15.356	0.94621	0.94621			6
2024.01.22	00:15:21.011	0.94619	0.94619			6
2024.01.22	00:15:30.429	0.94627	0.94627			6
2024.01.22	00:15:31.000	0.94628	0.94628			6
2024.01.22	00:15:32.397	0.94619	0.94619			6
2024.01.22	00:15:37.340	0.94625	0.94625			6
2024.01.22	00:15:39.187	0.94619	0.94619			6
2024.01.22	00:15:39.681	0.94627	0.94627			6
2024.01.22	00:15:40.960	0.94629	0.94629			6
2024.01.22	00:15:49.700	0.94631	0.94631			6
2024.01.22	00:15:50.476	0.94627	0.94627			6
2024.01.22	00:15:51.273	0.94635	0.94635			6
2024.01.22	00:15:51.367	0.94627	0.94627			6
2024.01.22	00:16:01.949	0.94634	0.94634			6
2024.01.22	00:16:24.010	0.94633	0.94633			6
2024.01.22	00:16:30.850	0.94624	0.94624			6
2024.01.22	00:16:46.284	0.94613	0.94613			6
2024.01.22	00:17:00.087	0.94601	0.94601			6
2024.01.22	00:17:02.275	0.94600	0.94600			6
2024.01.22	00:17:03.070	0.94613	0.94613			6
2024.01.22	00:17:03.401	0.94614	0.94614			6
2024.01.22	00:17:16.679	0.94636	0.94636			6
2024.01.22	00:17:17.828	0.94637	0.94637			6
2024.01.22	00:17:32.521	0.94605	0.94605			6
2024.01.22	00:17:32.551	0.94604	0.94604			6
2024.01.22	00:17:34.948	0.94603	0.94603			6
2024.01.22	00:17:35.411	0.94613	0.94613			6
2024.01.22	00:17:35.924	0.94606	0.94606			6
2024.01.22	00:17:38.610	0.94609	0.94609			6
2024.01.22	00:17:40.356	0.94642	0.94642			6
2024.01.22	00:17:41.030	0.94644	0.94644			6
2024.01.22	00:17:41.320	0.94638	0.94638			6
2024.01.22	00:18:00.882	0.94613	0.94613			6
2024.01.22	00:18:01.674	0.94615	0.94615			6
2024.01.22	00:18:02.450	0.94617	0.94617			6
2024.01.22	00:18:04.969	0.94615	0.94615			6
2024.01.22	00:18:07.985	0.94619	0.94619			6
2024.01.22	00:18:08.248	0.94620	0.94620			6
2024.01.22	00:18:09.286	0.94616	0.94616			6
2024.01.22	00:18:13.564	0.94617	0.94617			6
2024.01.22	00:18:14.262	0.94619	0.94619			6
2024.01.22	00:18:18.540	0.94621	0.94621			6
2024.01.22	00:18:21.322	0.94602	0.94602			6
2024.01.22	00:18:22.900	0.94613	0.94613			6
2024.01.22	00:18:32.151	0.94606	0.94606			6
2024.01.22	00:18:32.181	0.94605	0.94605			6
2024.01.22	00:18:32.361	0.94604	0.94604			6
2024.01.22	00:18:34.340	0.94575	0.94575			6
2024.01.22	00:18:34.620	0.94577	0.94577			6
2024.01.22	00:18:35.432	0.94578	0.94578			6
2024.01.22	00:18:41.169	0.94629	0.94629			6
2024.01.22	00:18:45.459	0.94643	0.94643			6
2024.01.22	00:18:50.357	0.94595	0.94595			6
2024.01.22	00:18:52.189	0.94597	0.94597			6
2024.01.22	00:18:52.959	0.94591	0.94591			6
2024.01.22	00:18:58.759	0.94588	0.94588			6
2024.01.22	00:18:59.446	0.94574	0.94574			6
2024.01.22	00:19:01.308	0.94559	0.94559			6
2024.01.22	00:19:02.083	0.94564	0.94564			6
2024.01.22	00:19:04.804	0.94632	0.94632			6
2024.01.22	00:19:05.275	0.94646	0.94646			6
2024.01.22	00:19:07.766	0.94635	0.94635			6
2024.01.22	00:19:08.978	0.94629	0.94629			6
2024.01.22	00:19:09.459	0.94630	0.94630			6
2024.01.22	00:19:10.341	0.94636	0.94636			6
2024.01.22	00:19:10.750	0.94634	0.94634			6
2024.01.22	00:19:11.800	0.94633	0.94633			6
2024.01.22	00:19:12.589	0.94644	0.94644			6
2024.01.22	00:19:13.357	0.94645	0.94645			6
2024.01.22	00:19:13.843	0.94637	0.94637			6
2024.01.22	00:19:15.469	0.94625	0.94625			6
2024.01.22	00:19:17.340	0.94628	0.94628			6
2024.01.22	00:19:18.511	0.94619	0.94619			6
2024.01.22	00:19:19.648	0.94620	0.94620			6
2024.01.22	00:19:20.478	0.94622	0.94622			6
2024.01.22	00:19:21.040	0.94617	0.94617			6
2024.01.22	00:19:21.381	0.94604	0.94604			6
2024.01.22	00:19:22.369	0.94592	0.94592			6
2024.01.22	00:19:22.660	0.94591	0.94591			6
2024.01.22	00:19:25.760	0.94579	0.94579			6
2024.01.22	00:19:26.883	0.94582	0.94582			6
2024.01.22	00:19:27.460	0.94594	0.94594			6
2024.01.22	00:19:32.753	0.94634	0.94634			6
2024.01.22	00:19:33.018	0.94636	0.94636			6
2024.01.22	00:19:33.339	0.94622	0.94622			6
2024.01.22	00:19:34.411	0.94613	0.94613			6
2024.01.22	00:19:35.349	0.94605	0.94605			6
2024.01.22	00:19:38.840	0.94609	0.94609			6
2024.01.22	00:19:46.669	0.94597	0.94597			6
2024.01.22	00:19:49.681	0.94593	0.94593			6
2024.01.22	00:19:51.433	0.94590	0.94590			6
2024.01.22	00:19:53.400	0.94655	0.94655			6
2024.01.22	00:19:53.877	0.94641	0.94641			6
2024.01.22	00:19:56.004	0.94624	0.94624			6
2024.01.22	00:19:56.033	0.94638	0.94638			6
2024.01.22	00:19:57.021	0.94635	0.94635			6
2024.01.22	00:19:57.582	0.94638	0.94638			6
2024.01.22	00:19:59.019	0.94643	0.94643			6
2024.01.22	00:19:59.550	0.94642	0.94642			6
2024.01.22	00:20:00.228	0.94644	0.94644			6
2024.01.22	00:20:00.768	0.94648	0.94648			6
2024.01.22	00:20:04.219	0.94649	0.94649			6
2024.01.22	00:20:05.497	0.94678	0.94678			6
2024.01.22	00:20:09.778	0.94672	0.94672			6
2024.01.22	00:20:10.425	0.94673	0.94673			6
2024.01.22	00:20:15.131	0.94656	0.94656			6
2024.01.22	00:20:15.191	0.94655	0.94655			6
2024.01.22	00:20:16.201	0.94656	0.94656			6
2024.01.22	00:20:16.376	0.94655	0.94655			6
2024.01.22	00:20:16.699	0.94650	0.94650			6
2024.01.22	00:20:17.042	0.94663	0.94663			6
2024.01.22	00:20:18.399	0.94652	0.94652			6
2024.01.22	00:20:19.439	0.94641	0.94641			6
2024.01.22	00:20:20.455	0.94633	0.94633			6
2024.01.22	00:20:21.837	0.94632	0.94632			6
2024.01.22	00:20:22.139	0.94638	0.94638			6
2024.01.22	00:20:28.979	0.94623	0.94623			6
2024.01.22	00:20:29.010	0.94635	0.94635			6
2024.01.22	00:20:29.576	0.94639	0.94639			6
2024.01.22	00:20:29.990	0.94634	0.94634			6
2024.01.22	00:20:35.494	0.94635	0.94635			6
2024.01.22	00:20:45.224	0.94631	0.94631			6
2024.01.22	00:20:46.310	0.94633	0.94633			6
2024.01.22	00:20:46.579	0.94634	0.94634			6
2024.01.22	00:20:47.260	0.94633	0.94633			6
2024.01.22	00:20:49.139	0.94623	0.94623			6
2024.01.22	00:20:56.557	0.94626	0.94626			6
2024.01.22	00:20:58.010	0.94625	0.94625			6
2024.01.22	00:20:58.040	0.94623	0.94623			6
2024.01.22	00:21:00.136	0.94625	0.94625			6
2024.01.22	00:21:00.777	0.94623	0.94623			6
2024.01.22	00:21:04.971	0.94635	0.94635			6
2024.01.22	00:21:05.730	0.94632	0.94632			6
2024.01.22	00:21:06.881	0.94641	0.94641			6
2024.01.22	00:21:06.911	0.94639	0.94639			6
2024.01.22	00:21:07.390	0.94638	0.94638			6
2024.01.22	00:21:14.535	0.94637	0.94637			6
2024.01.22	00:21:14.565	0.94623	0.94623			6
2024.01.22	00:21:14.594	0.94635	0.94635			6
2024.01.22	00:21:14.625	0.94623	0.94623			6
2024.01.22	00:21:14.655	0.94635	0.94635			6
2024.01.22	00:21:16.708	0.94623	0.94623			6
2024.01.22	00:21:16.830	0.94636	0.94636			6
2024.01.22	00:21:18.067	0.94637	0.94637			6
2024.01.22	00:21:18.320	0.94636	0.94636			6
2024.01.22	00:21:26.549	0.94634	0.94634			6
2024.01.22	00:21:26.900	0.94640	0.94640			6
2024.01.22	00:21:26.930	0.94631	0.94631			6
2024.01.22	00:21:32.786	0.94630	0.94630			6
2024.01.22	00:21:32.816	0.94641	0.94641			6
2024.01.22	00:21:32.875	0.94638	0.94638			6
2024.01.22	00:21:32.936	0.94633	0.94633			6
2024.01.22	00:21:33.250	0.94630	0.94630			6
2024.01.22	00:21:41.580	0.94632	0.94632			6
2024.01.22	00:21:42.938	0.94640	0.94640			6
2024.01.22	00:21:44.570	0.94641	0.94641			6
2024.01.22	00:21:48.041	0.94642	0.94642			6
2024.01.22	00:21:49.469	0.94649	0.94649			6
2024.01.22	00:21:50.680	0.94643	0.94643			6
2024.01.22	00:21:51.779	0.94648	0.94648			6
2024.01.22	00:21:52.935	0.94647	0.94647			6
2024.01.22	00:21:53.710	0.94648	0.94648			6
2024.01.22	00:21:55.951	0.94649	0.94649			6
2024.01.22	00:21:56.669	0.94629	0.94629			6
2024.01.22	00:21:56.729	0.94625	0.94625			6
2024.01.22	00:21:56.759	0.94612	0.94612			6
2024.01.22	00:21:56.791	0.94625	0.94625			6
2024.01.22	00:21:58.716	0.94616	0.94616			6
2024.01.22	00:21:59.309	0.94613	0.94613			6
2024.01.22	00:22:00.668	0.94627	0.94627			6
2024.01.22	00:22:03.240	0.94613	0.94613			6
2024.01.22	00:22:08.031	0.94627	0.94627			6
2024.01.22	00:22:08.599	0.94626	0.94626			6
2024.01.22	00:22:22.331	0.94613	0.94613			6
2024.01.22	00:22:23.529	0.94637	0.94637			6
2024.01.22	00:22:23.679	0.94627	0.94627			6
2024.01.22	00:22:28.186	0.94629	0.94629			6
2024.01.22	00:22:32.901	0.94626	0.94626			6
2024.01.22	00:22:33.170	0.94639	0.94639			6
2024.01.22	00:22:33.200	0.94630	0.94630			6
2024.01.22	00:22:33.624	0.94625	0.94625			6
2024.01.22	00:22:36.838	0.94623	0.94623			6
2024.01.22	00:22:37.499	0.94627	0.94627			6
2024.01.22	00:22:37.848	0.94625	0.94625			6
2024.01.22	00:22:38.649	0.94613	0.94613			6
2024.01.22	00:22:44.085	0.94630	0.94630			6
2024.01.22	00:22:49.079	0.94628	0.94628			6
2024.01.22	00:22:49.201	0.94626	0.94626			6
2024.01.22	00:22:50.680	0.94623	0.94623			6
2024.01.22	00:22:51.201	0.94626	0.94626			6
2024.01.22	00:22:51.263	0.94613	0.94613			6
2024.01.22	00:22:51.353	0.94626	0.94626			6
2024.01.22	00:22:56.848	0.94627	0.94627			6
2024.01.22	00:22:57.199	0.94624	0.94624			6
2024.01.22	00:22:59.329	0.94638	0.94638			6
2024.01.22	00:22:59.359	0.94625	0.94625			6
2024.01.22	00:22:59.391	0.94613	0.94613			6
2024.01.22	00:22:59.481	0.94625	0.94625			6
2024.01.22	00:23:00.096	0.94620	0.94620			6
2024.01.22	00:23:00.438	0.94625	0.94625			6
2024.01.22	00:23:04.056	0.94622	0.94622			6
2024.01.22	00:23:06.097	0.94621	0.94621			6
2024.01.22	00:23:06.126	0.94613	0.94613			6
2024.01.22	00:23:06.250	0.94625	0.94625			6
2024.01.22	00:23:06.640	0.94629	0.94629			6
2024.01.22	00:23:07.129	0.94623	0.94623			6
2024.01.22	00:23:19.462	0.94619	0.94619			6
2024.01.22	00:23:20.679	0.94613	0.94613			6
2024.01.22	00:23:20.830	0.94621	0.94621			6
2024.01.22	00:23:22.119	0.94616	0.94616			6
2024.01.22	00:23:22.377	0.94620	0.94620			6
2024.01.22	00:23:25.968	0.94625	0.94625			6
2024.01.22	00:23:26.500	0.94630	0.94630			6
2024.01.22	00:23:30.003	0.94625	0.94625			6
2024.01.22	00:23:30.660	0.94629	0.94629			6
2024.01.22	00:23:31.569	0.94634	0.94634			6
2024.01.22	00:23:34.370	0.94639	0.94639			6
2024.01.22	00:23:45.641	0.94594	0.94594			6
2024.01.22	00:23:46.620	0.94599	0.94599			6
2024.01.22	00:23:47.539	0.94603	0.94603			6
2024.01.22	00:23:50.662	0.94641	0.94641			6
2024.01.22	00:23:51.551	0.94643	0.94643			6
2024.01.22	00:23:54.799	0.94650	0.94650			6
2024.01.22	00:23:55.315	0.94647	0.94647			6
2024.01.22	00:23:56.120	0.94639	0.94639			6
2024.01.22	00:23:56.620	0.94638	0.94638			6
2024.01.22	00:23:57.230	0.94630	0.94630			6
2024.01.22	00:23:57.441	0.94621	0.94621			6
2024.01.22	00:24:00.750	0.94621				2
2024.01.22	00:24:02.353	0.94620	0.94620			6
2024.01.22	00:24:04.139	0.94621	0.94621			6
2024.01.22	00:24:06.489	0.94620	0.94620			6
2024.01.22	00:24:08.671	0.94622	0.94622			6
2024.01.22	00:24:09.449	0.94627	0.94627			6
2024.01.22	00:24:10.800	0.94626	0.94626			6
2024.01.22	00:24:14.961	0.94627	0.94627			6
2024.01.22	00:24:16.491	0.94620	0.94620			6
2024.01.22	00:24:20.786	0.94619	0.94619			6
2024.01.22	00:24:20.816	0.94610	0.94610			6
2024.01.22	00:24:20.876	0.94612	0.94612			6
2024.01.22	00:24:21.482	0.94619	0.94619			6
2024.01.22	00:24:24.101	0.94618	0.94618			6
2024.01.22	00:24:24.130	0.94629	0.94629			6
2024.01.22	00:24:24.160	0.94627	0.94627			6
2024.01.22	00:24:24.249	0.94622	0.94622			6
2024.01.22	00:24:28.455	0.94624	0.94624			6
2024.01.22	00:24:33.619	0.94610	0.94610			6
2024.01.22	00:24:41.214	0.94632	0.94632			6
2024.01.22	00:24:45.580	0.94640	0.94640			6
2024.01.22	00:24:49.089	0.94633	0.94633			6
2024.01.22	00:24:50.659	0.94632	0.94632			6
2024.01.22	00:24:52.210	0.94630	0.94630			6
2024.01.22	00:24:54.490	0.94628	0.94628			6
2024.01.22	00:25:00.665	0.94630	0.94630			6
2024.01.22	00:25:00.818	0.94638	0.94638			6
2024.01.22	00:25:01.991	0.94627	0.94627			6
2024.01.22	00:25:05.898	0.94634	0.94634			6
2024.01.22	00:25:05.958	0.94626	0.94626			6
2024.01.22	00:25:08.877	0.94636	0.94636			6
2024.01.22	00:25:13.009	0.94637	0.94637			6
2024.01.22	00:25:13.989	0.94626	0.94626			6
2024.01.22	00:25:16.000	0.94636	0.94636			6
2024.01.22	00:25:44.619	0.94617	0.94617			6
2024.01.22	00:25:46.340	0.94619	0.94619			6
2024.01.22	00:25:50.375	0.94622	0.94622			6
2024.01.22	00:25:51.386	0.94621	0.94621			6
2024.01.22	00:25:58.379	0.94619	0.94619			6
2024.01.22	00:25:58.909	0.94606	0.94606			6
2024.01.22	00:25:59.410	0.94597	0.94597			6
2024.01.22	00:26:00.400	0.94608	0.94608			6
2024.01.22	00:26:15.953	0.94607	0.94607			6
2024.01.22	00:26:16.439	0.94606	0.94606			6
2024.01.22	00:26:26.921	0.94608	0.94608			6
2024.01.22	00:26:39.230	0.94598	0.94598			6
2024.01.22	00:26:40.668	0.94603	0.94603			6
2024.01.22	00:26:41.857	0.94602	0.94602			6
2024.01.22	00:26:42.989	0.94604	0.94604			6
2024.01.22	00:26:47.676	0.94592	0.94592			6
2024.01.22	00:26:49.277	0.94602	0.94602			6
2024.01.22	00:26:49.337	0.94610	0.94610			6
2024.01.22	00:26:55.672	0.94641	0.94641			6
2024.01.22	00:26:57.339	0.94638	0.94638			6
2024.01.22	00:26:59.440	0.94631	0.94631			6
2024.01.22	00:26:59.470	0.94632	0.94632			6
2024.01.22	00:27:00.689	0.94638	0.94638			6
2024.01.22	00:27:00.756	0.94639	0.94639			6
2024.01.22	00:27:01.648	0.94631	0.94631			6
2024.01.22	00:27:01.980	0.94629	0.94629			6
2024.01.22	00:27:04.289	0.94627	0.94627			6
2024.01.22	00:27:13.639	0.94582	0.94582			6
2024.01.22	00:27:14.978	0.94584	0.94584			6
2024.01.22	00:27:17.398	0.94585	0.94585			6
2024.01.22	00:27:27.789	0.94581	0.94581			6
2024.01.22	00:27:33.810	0.94647	0.94647			6
2024.01.22	00:27:34.089	0.94643	0.94643			6
2024.01.22	00:27:34.418	0.94636	0.94636			6
2024.01.22	00:27:35.866	0.94634	0.94634			6
2024.01.22	00:27:36.251	0.94635	0.94635			6
2024.01.22	00:27:37.451	0.94634	0.94634			6
2024.01.22	00:27:39.707	0.94635	0.94635			6
2024.01.22	00:27:39.789	0.94634	0.94634			6
2024.01.22	00:27:39.820	0.94635	0.94635			6
2024.01.22	00:27:40.746	0.94634	0.94634			6
2024.01.22	00:27:40.776	0.94635	0.94635			6
2024.01.22	00:27:41.517	0.94636	0.94636			6
2024.01.22	00:27:41.547	0.94637	0.94637			6
2024.01.22	00:27:42.088	0.94641	0.94641			6
2024.01.22	00:27:42.444	0.94640	0.94640			6
2024.01.22	00:27:43.969	0.94633	0.94633			6
2024.01.22	00:27:44.090	0.94637	0.94637			6
2024.01.22	00:27:45.138	0.94630	0.94630			6
2024.01.22	00:27:45.168	0.94631	0.94631			6
2024.01.22	00:27:49.099	0.94612	0.94612			6
2024.01.22	00:27:54.439	0.94611	0.94611			6
2024.01.22	00:27:55.269	0.94599	0.94599			6
2024.01.22	00:27:55.581	0.94591	0.94591			6
2024.01.22	00:28:00.009	0.94603	0.94603			6
2024.01.22	00:28:00.039	0.94611	0.94611			6
2024.01.22	00:28:00.250	0.94610	0.94610			6
2024.01.22	00:28:01.288	0.94601	0.94601			6
2024.01.22	00:28:02.351	0.94605	0.94605			6
2024.01.22	00:28:05.648	0.94610	0.94610			6
2024.01.22	00:28:30.298	0.94609	0.94609			6
2024.01.22	00:28:44.459	0.94612	0.94612			6
2024.01.22	00:28:44.489	0.94609	0.94609			6
2024.01.22	00:29:00.343	0.94609				2
2024.01.22	00:29:01.609	0.94620	0.94620			6
2024.01.22	00:29:09.147	0.94621	0.94621			6
2024.01.22	00:29:09.849	0.94620	0.94620			6
2024.01.22	00:29:19.289	0.94609	0.94609			6
2024.01.22	00:29:25.293	0.94611	0.94611			6
2024.01.22	00:29:57.088	0.94610	0.94610			6
2024.01.22	00:30:00.070	0.94611	0.94611			6
2024.01.22	00:30:00.358	0.94613	0.94613			6
2024.01.22	00:30:02.359	0.94608	0.94608			6
2024.01.22	00:30:05.099	0.94610	0.94610			6
2024.01.22	00:30:05.128	0.94608	0.94608			6
2024.01.22	00:30:05.158	0.94610	0.94610			6
2024.01.22	00:30:06.069	0.94616	0.94616			6
2024.01.22	00:30:27.315	0.94623	0.94623			6
2024.01.22	00:30:27.718	0.94615	0.94615			6
2024.01.22	00:30:29.732	0.94631	0.94631			6
2024.01.22	00:30:30.569	0.94636	0.94636			6
2024.01.22	00:30:30.870	0.94631	0.94631			6
2024.01.22	00:30:33.117	0.94636	0.94636			6
2024.01.22	00:30:34.264	0.94625	0.94625			6
2024.01.22	00:30:34.384	0.94624	0.94624			6
2024.01.22	00:30:34.474	0.94625	0.94625			6
2024.01.22	00:30:37.645	0.94626	0.94626			6
2024.01.22	00:30:37.705	0.94630	0.94630			6
2024.01.22	00:30:38.288	0.94635	0.94635			6
2024.01.22	00:30:38.895	0.94634	0.94634			6
2024.01.22	00:30:39.738	0.94638	0.94638			6
2024.01.22	00:30:40.035	0.94651	0.94651			6
2024.01.22	00:30:41.684	0.94655	0.94655			6
2024.01.22	00:30:41.803	0.94641	0.94641			6
2024.01.22	00:30:42.074	0.94642	0.94642			6
2024.01.22	00:30:42.203	0.94655	0.94655			6
2024.01.22	00:30:42.686	0.94643	0.94643			6
2024.01.22	00:30:42.943	0.94639	0.94639			6
2024.01.22	00:30:43.578	0.94642	0.94642			6
2024.01.22	00:30:43.836	0.94645	0.94645			6
2024.01.22	00:30:44.106	0.94644	0.94644			6
2024.01.22	00:30:44.379	0.94640	0.94640			6
2024.01.22	00:30:44.642	0.94645	0.94645			6
2024.01.22	00:30:44.979	0.94637	0.94637			6
2024.01.22	00:30:45.098	0.94643	0.94643			6
2024.01.22	00:30:45.379	0.94646	0.94646			6
2024.01.22	00:30:45.499	0.94655	0.94655			6
2024.01.22	00:30:45.809	0.94642	0.94642			6
2024.01.22	00:30:48.739	0.94655	0.94655			6
2024.01.22	00:30:48.798	0.94648	0.94648			6
2024.01.22	00:30:48.888	0.94655	0.94655			6
2024.01.22	00:30:49.228	0.94643	0.94643			6
2024.01.22	00:30:50.495	0.94644	0.94644			6
2024.01.22	00:30:51.396	0.94655	0.94655			6
2024.01.22	00:30:51.546	0.94652	0.94652			6
2024.01.22	00:30:51.636	0.94658	0.94658			6
2024.01.22	00:30:51.666	0.94645	0.94645			6
2024.01.22	00:30:51.793	0.94640	0.94640			6
2024.01.22	00:30:51.823	0.94644	0.94644			6
2024.01.22	00:30:51.883	0.94653	0.94653			6
2024.01.22	00:30:52.165	0.94654	0.94654			6
2024.01.22	00:30:52.195	0.94645	0.94645			6
2024.01.22	00:30:52.285	0.94654	0.94654			6
2024.01.22	00:30:52.345	0.94643	0.94643			6
2024.01.22	00:30:52.616	0.94650	0.94650			6
2024.01.22	00:30:52.806	0.94641	0.94641			6
2024.01.22	00:30:52.897	0.94650	0.94650			6
2024.01.22	00:30:53.380	0.94653	0.94653			6
2024.01.22	00:30:53.439	0.94655	0.94655			6
2024.01.22	00:30:53.758	0.94653	0.94653			6
2024.01.22	00:30:53.788	0.94654	0.94654			6
2024.01.22	00:30:53.849	0.94648	0.94648			6
2024.01.22	00:30:54.068	0.94641	0.94641			6
2024.01.22	00:30:54.099	0.94650	0.94650			6
2024.01.22	00:30:54.249	0.94655	0.94655			6
2024.01.22	00:30:54.340	0.94652	0.94652			6
2024.01.22	00:30:54.520	0.94657	0.94657			6
2024.01.22	00:30:54.648	0.94645	0.94645			6
2024.01.22	00:30:56.058	0.94651	0.94651			6
2024.01.22	00:30:56.137	0.94657	0.94657			6
2024.01.22	00:30:56.288	0.94652	0.94652			6
2024.01.22	00:31:01.335	0.94648	0.94648			6
2024.01.22	00:31:01.546	0.94658	0.94658			6
2024.01.22	00:31:01.665	0.94645	0.94645			6
2024.01.22	00:31:01.726	0.94658	0.94658			6
2024.01.22	00:31:01.829	0.94650	0.94650			6
2024.01.22	00:31:01.918	0.94657	0.94657			6
2024.01.22	00:31:02.367	0.94658	0.94658			6
2024.01.22	00:31:02.518	0.94653	0.94653			6
2024.01.22	00:31:02.578	0.94657	0.94657			6
2024.01.22	00:31:02.608	0.94651	0.94651			6
2024.01.22	00:31:02.638	0.94657	0.94657			6
2024.01.22	00:31:02.777	0.94647	0.94647			6
2024.01.22	00:31:02.869	0.94652	0.94652			6
2024.01.22	00:31:02.899	0.94640	0.94640			6
2024.01.22	00:31:02.929	0.94653	0.94653			6
2024.01.22	00:31:03.108	0.94658	0.94658			6
2024.01.22	00:31:03.292	0.94650	0.94650			6
2024.01.22	00:31:03.442	0.94647	0.94647			6
2024.01.22	00:31:03.472	0.94651	0.94651			6
2024.01.22	00:31:03.648	0.94647	0.94647			6
2024.01.22	00:31:03.969	0.94649	0.94649			6
2024.01.22	00:31:04.029	0.94658	0.94658			6
2024.01.22	00:31:04.088	0.94652	0.94652			6
2024.01.22	00:31:04.118	0.94658	0.94658			6
2024.01.22	00:31:04.245	0.94653	0.94653			6
2024.01.22	00:31:04.426	0.94641	0.94641			6
2024.01.22	00:31:04.487	0.94653	0.94653			6
2024.01.22	00:31:04.576	0.94649	0.94649			6
2024.01.22	00:31:04.696	0.94658	0.94658			6
2024.01.22	00:31:04.757	0.94648	0.94648			6
2024.01.22	00:31:04.787	0.94658	0.94658			6
2024.01.22	00:31:04.847	0.94652	0.94652			6
2024.01.22	00:31:04.966	0.94659	0.94659			6
2024.01.22	00:31:05.358	0.94648	0.94648			6
2024.01.22	00:31:05.417	0.94659	0.94659			6
2024.01.22	00:31:05.599	0.94654	0.94654			6
2024.01.22	00:31:05.748	0.94652	0.94652			6
2024.01.22	00:31:05.978	0.94640	0.94640			6
2024.01.22	00:31:06.160	0.94652	0.94652			6
2024.01.22	00:31:06.310	0.94638	0.94638			6
2024.01.22	00:31:06.376	0.94652	0.94652			6
2024.01.22	00:31:06.533	0.94657	0.94657			6
2024.01.22	00:31:07.016	0.94653	0.94653			6
2024.01.22	00:31:07.141	0.94662	0.94662			6
2024.01.22	00:31:07.259	0.94658	0.94658			6
2024.01.22	00:31:07.379	0.94656	0.94656			6
2024.01.22	00:31:07.470	0.94662	0.94662			6
2024.01.22	00:31:07.534	0.94657	0.94657			6
2024.01.22	00:31:07.563	0.94662	0.94662			6
2024.01.22	00:31:09.208	0.94656	0.94656			6
2024.01.22	00:31:09.269	0.94668	0.94668			6
2024.01.22	00:31:09.450	0.94667	0.94667			6
2024.01.22	00:31:09.510	0.94668	0.94668			6
2024.01.22	00:31:09.570	0.94657	0.94657			6
2024.01.22	00:31:09.600	0.94655	0.94655			6
2024.01.22	00:31:09.721	0.94657	0.94657			6
2024.01.22	00:31:09.752	0.94655	0.94655			6
2024.01.22	00:31:09.782	0.94657	0.94657			6
2024.01.22	00:31:09.977	0.94659	0.94659			6
2024.01.22	00:31:10.098	0.94658	0.94658			6
2024.01.22	00:31:10.158	0.94659	0.94659			6
2024.01.22	00:31:10.339	0.94664	0.94664			6
2024.01.22	00:31:10.779	0.94658	0.94658			6
2024.01.22	00:31:10.958	0.94656	0.94656			6
2024.01.22	00:31:15.442	0.94657	0.94657			6
2024.01.22	00:31:15.502	0.94666	0.94666			6
2024.01.22	00:31:15.561	0.94667	0.94667			6
2024.01.22	00:31:15.651	0.94663	0.94663			6
2024.01.22	00:31:15.782	0.94654	0.94654			6
2024.01.22	00:31:15.842	0.94660	0.94660			6
2024.01.22	00:31:16.022	0.94654	0.94654			6
2024.01.22	00:31:16.053	0.94649	0.94649			6
2024.01.22	00:31:16.082	0.94654	0.94654			6
2024.01.22	00:31:16.113	0.94657	0.94657			6
2024.01.22	00:31:16.142	0.94650	0.94650			6
2024.01.22	00:31:16.202	0.94657	0.94657			6
2024.01.22	00:31:16.262	0.94651	0.94651			6
2024.01.22	00:31:16.292	0.94650	0.94650			6
2024.01.22	00:31:16.321	0.94653	0.94653			6
2024.01.22	00:31:16.351	0.94650	0.94650			6
2024.01.22	00:31:16.412	0.94653	0.94653			6
2024.01.22	00:31:17.035	0.94652	0.94652			6
2024.01.22	00:31:17.204	0.94647	0.94647			6
2024.01.22	00:31:17.265	0.94652	0.94652			6
2024.01.22	00:31:18.331	0.94650	0.94650			6
2024.01.22	00:31:18.390	0.94657	0.94657			6
2024.01.22	00:31:18.452	0.94647	0.94647			6
2024.01.22	00:31:18.601	0.94655	0.94655			6
2024.01.22	00:31:18.812	0.94649	0.94649			6
2024.01.22	00:31:19.105	0.94661	0.94661			6
2024.01.22	00:31:19.254	0.94655	0.94655			6
2024.01.22	00:31:19.314	0.94651	0.94651			6
2024.01.22	00:31:19.469	0.94653	0.94653			6
2024.01.22	00:31:20.180	0.94648	0.94648			6
2024.01.22	00:31:20.359	0.94641	0.94641			6
2024.01.22	00:31:20.389	0.94645	0.94645			6
2024.01.22	00:31:22.155	0.94646	0.94646			6
2024.01.22	00:31:22.874	0.94648	0.94648			6
2024.01.22	00:31:23.038	0.94652	0.94652			6
2024.01.22	00:31:23.068	0.94646	0.94646			6
2024.01.22	00:31:23.098	0.94650	0.94650			6
2024.01.22	00:31:23.680	0.94645	0.94645			6
2024.01.22	00:31:23.710	0.94647	0.94647			6
2024.01.22	00:31:23.740	0.94649	0.94649			6
2024.01.22	00:31:23.770	0.94654	0.94654			6
2024.01.22	00:31:23.890	0.94660	0.94660			6
2024.01.22	00:31:23.921	0.94654	0.94654			6
2024.01.22	00:31:23.981	0.94655	0.94655			6
2024.01.22	00:31:24.041	0.94660	0.94660			6
2024.01.22	00:31:24.101	0.94647	0.94647			6
2024.01.22	00:31:24.131	0.94654	0.94654			6
2024.01.22	00:31:24.161	0.94663	0.94663			6
2024.01.22	00:31:24.220	0.94651	0.94651			6
2024.01.22	00:31:27.942	0.94653	0.94653			6
2024.01.22	00:31:28.002	0.94648	0.94648			6
2024.01.22	00:31:28.032	0.94650	0.94650			6
2024.01.22	00:31:28.063	0.94653	0.94653			6
2024.01.22	00:31:28.093	0.94657	0.94657			6
2024.01.22	00:31:28.123	0.94655	0.94655			6
2024.01.22	00:31:28.152	0.94652	0.94652			6
2024.01.22	00:31:28.182	0.94644	0.94644			6
2024.01.22	00:31:28.242	0.94648	0.94648			6
2024.01.22	00:31:29.439	0.94647	0.94647			6
2024.01.22	00:31:30.638	0.94645	0.94645			6
2024.01.22	00:31:30.757	0.94638	0.94638			6
2024.01.22	00:31:30.848	0.94645	0.94645			6
2024.01.22	00:31:31.028	0.94659	0.94659			6
2024.01.22	00:31:31.120	0.94652	0.94652			6
2024.01.22	00:31:33.299	0.94644	0.94644			6
2024.01.22	00:31:33.449	0.94650	0.94650			6
2024.01.22	00:31:33.480	0.94655	0.94655			6
2024.01.22	00:31:33.567	0.94661	0.94661			6
2024.01.22	00:31:33.657	0.94657	0.94657			6
2024.01.22	00:31:34.764	0.94652	0.94652			6
2024.01.22	00:31:35.259	0.94638	0.94638			6
2024.01.22	00:31:35.289	0.94652	0.94652			6
2024.01.22	00:31:35.439	0.94649	0.94649			6
2024.01.22	00:31:41.350	0.94656	0.94656			6
2024.01.22	00:31:42.745	0.94646	0.94646			6
2024.01.22	00:31:42.805	0.94656	0.94656			6
2024.01.22	00:31:42.836	0.94661	0.94661			6
2024.01.22	00:31:42.896	0.94656	0.94656			6
2024.01.22	00:31:43.016	0.94661	0.94661			6
2024.01.22	00:31:43.278	0.94651	0.94651			6
2024.01.22	00:31:43.431	0.94647	0.94647			6
2024.01.22	00:31:43.493	0.94648	0.94648			6
2024.01.22	00:31:43.522	0.94647	0.94647			6
2024.01.22	00:31:43.552	0.94648	0.94648			6
2024.01.22	00:31:43.612	0.94646	0.94646			6
2024.01.22	00:31:43.672	0.94658	0.94658			6
2024.01.22	00:31:43.750	0.94652	0.94652			6
2024.01.22	00:31:43.840	0.94657	0.94657			6
2024.01.22	00:31:44.369	0.94644	0.94644			6
2024.01.22	00:31:44.430	0.94657	0.94657			6
2024.01.22	00:31:44.519	0.94661	0.94661			6
2024.01.22	00:31:44.652	0.94656	0.94656			6
2024.01.22	00:31:44.712	0.94650	0.94650			6
2024.01.22	00:31:44.804	0.94644	0.94644			6
2024.01.22	00:31:44.864	0.94651	0.94651			6
2024.01.22	00:31:44.924	0.94645	0.94645			6
2024.01.22	00:31:44.985	0.94650	0.94650			6
2024.01.22	00:31:45.055	0.94661	0.94661			6
2024.01.22	00:31:45.145	0.94655	0.94655			6
2024.01.22	00:31:46.099	0.94651	0.94651			6
2024.01.22	00:31:46.199	0.94658	0.94658			6
2024.01.22	00:31:53.858	0.94651	0.94651			6
2024.01.22	00:31:53.918	0.94655	0.94655			6
2024.01.22	00:31:54.164	0.94651	0.94651			6
2024.01.22	00:31:54.193	0.94656	0.94656			6
2024.01.22	00:31:54.222	0.94654	0.94654			6
2024.01.22	00:31:54.283	0.94658	0.94658			6
2024.01.22	00:31:54.542	0.94654	0.94654			6
2024.01.22	00:31:54.601	0.94650	0.94650			6
2024.01.22	00:31:54.751	0.94647	0.94647			6
2024.01.22	00:31:54.907	0.94653	0.94653			6
2024.01.22	00:31:56.992	0.94662	0.94662			6
2024.01.22	00:31:57.209	0.94650	0.94650			6
2024.01.22	00:31:57.298	0.94656	0.94656			6
2024.01.22	00:31:57.328	0.94651	0.94651			6
2024.01.22	00:31:57.479	0.94657	0.94657			6
2024.01.22	00:31:57.569	0.94652	0.94652			6
2024.01.22	00:31:57.688	0.94656	0.94656			6
2024.01.22	00:31:57.718	0.94652	0.94652			6
2024.01.22	00:31:57.749	0.94654	0.94654			6
2024.01.22	00:31:58.152	0.94661	0.94661			6
2024.01.22	00:31:58.214	0.94655	0.94655			6
2024.01.22	00:31:58.303	0.94660	0.94660			6
2024.01.22	00:31:58.738	0.94655	0.94655			6
2024.01.22	00:32:14.537	0.94644	0.94644			6
2024.01.22	00:32:15.110	0.94655	0.94655			6
2024.01.22	00:32:38.562	0.94660	0.94660			6
2024.01.22	00:32:38.759	0.94650	0.94650			6
2024.01.22	00:32:40.069	0.94660	0.94660			6
2024.01.22	00:32:40.219	0.94653	0.94653			6
2024.01.22	00:32:41.627	0.94661	0.94661			6
2024.01.22	00:32:41.687	0.94651	0.94651			6
2024.01.22	00:32:41.748	0.94661	0.94661			6
2024.01.22	00:32:41.828	0.94657	0.94657			6
2024.01.22	00:32:42.009	0.94652	0.94652			6
2024.01.22	00:32:42.160	0.94655	0.94655			6
2024.01.22	00:32:42.189	0.94652	0.94652			6
2024.01.22	00:32:42.458	0.94655	0.94655			6
2024.01.22	00:32:42.639	0.94652	0.94652			6
2024.01.22	00:32:50.056	0.94655	0.94655			6
2024.01.22	00:32:51.255	0.94642	0.94642			6
2024.01.22	00:32:51.314	0.94635	0.94635			6
2024.01.22	00:33:10.687	0.94634	0.94634			6
2024.01.22	00:33:10.925	0.94635	0.94635			6
2024.01.22	00:33:16.659	0.94647	0.94647			6
2024.01.22	00:33:16.720	0.94642	0.94642			6
2024.01.22	00:33:16.779	0.94638	0.94638			6
2024.01.22	00:33:16.809	0.94635	0.94635			6
2024.01.22	00:33:16.839	0.94634	0.94634			6
2024.01.22	00:33:16.869	0.94627	0.94627			6
2024.01.22	00:33:17.079	0.94635	0.94635			6
2024.01.22	00:33:17.141	0.94633	0.94633			6
2024.01.22	00:33:18.650	0.94636	0.94636			6
2024.01.22	00:33:19.989	0.94640	0.94640			6
2024.01.22	00:33:24.157	0.94626	0.94626			6
2024.01.22	00:33:25.948	0.94618	0.94618			6
2024.01.22	00:33:28.483	0.94612	0.94612			6
2024.01.22	00:33:31.941	0.94613	0.94613			6
2024.01.22	00:33:32.117	0.94600	0.94600			6
2024.01.22	00:33:34.076	0.94597	0.94597			6
2024.01.22	00:33:34.248	0.94583	0.94583			6
2024.01.22	00:33:34.678	0.94581	0.94581			6
2024.01.22	00:33:34.888	0.94585	0.94585			6
2024.01.22	00:33:35.130	0.94586	0.94586			6
2024.01.22	00:33:35.161	0.94591	0.94591			6
2024.01.22	00:33:35.221	0.94596	0.94596			6
2024.01.22	00:33:35.584	0.94584	0.94584			6
2024.01.22	00:33:37.220	0.94585	0.94585			6
2024.01.22	00:33:37.468	0.94592	0.94592			6
2024.01.22	00:33:38.016	0.94591	0.94591			6
2024.01.22	00:33:38.559	0.94596	0.94596			6
2024.01.22	00:33:40.598	0.94594	0.94594			6
2024.01.22	00:33:40.628	0.94600	0.94600			6
2024.01.22	00:33:40.687	0.94592	0.94592			6
2024.01.22	00:33:40.778	0.94595	0.94595			6
2024.01.22	00:33:42.199	0.94589	0.94589			6
2024.01.22	00:33:42.310	0.94588	0.94588			6
2024.01.22	00:33:42.438	0.94597	0.94597			6
2024.01.22	00:33:42.528	0.94600	0.94600			6
2024.01.22	00:33:43.989	0.94594	0.94594			6
2024.01.22	00:33:46.045	0.94595	0.94595			6
2024.01.22	00:33:47.298	0.94591	0.94591			6
2024.01.22	00:33:47.680	0.94594	0.94594			6
2024.01.22	00:33:50.032	0.94637	0.94637			6
2024.01.22	00:33:50.429	0.94638	0.94638			6
2024.01.22	00:33:50.649	0.94642	0.94642			6
2024.01.22	00:33:51.606	0.94646	0.94646			6
2024.01.22	00:33:52.604	0.94639	0.94639			6
2024.01.22	00:33:53.615	0.94635	0.94635			6
2024.01.22	00:33:54.267	0.94634	0.94634			6
2024.01.22	00:33:54.976	0.94648	0.94648			6
2024.01.22	00:33:55.266	0.94645	0.94645			6
2024.01.22	00:33:56.866	0.94647	0.94647			6
2024.01.22	00:33:57.137	0.94644	0.94644			6
2024.01.22	00:33:57.197	0.94640	0.94640			6
2024.01.22	00:33:57.586	0.94639	0.94639			6
2024.01.22	00:33:57.616	0.94634	0.94634			6
2024.01.22	00:33:57.956	0.94633	0.94633			6
2024.01.22	00:34:00.009	0.94630	0.94630			6
2024.01.22	00:34:00.607	0.94633	0.94633			6
2024.01.22	00:34:00.768	0.94647	0.94647			6
2024.01.22	00:34:01.448	0.94636	0.94636			6
2024.01.22	00:34:03.731	0.94632	0.94632			6
2024.01.22	00:34:05.410	0.94630	0.94630			6
2024.01.22	00:34:06.642	0.94634	0.94634			6
2024.01.22	00:34:10.598	0.94632	0.94632			6
2024.01.22	00:34:10.983	0.94639	0.94639			6
2024.01.22	00:34:13.279	0.94638	0.94638			6
2024.01.22	00:34:13.787	0.94633	0.94633			6
2024.01.22	00:34:16.609	0.94629	0.94629			6
2024.01.22	00:34:16.637	0.94638	0.94638			6
2024.01.22	00:34:17.372	0.94635	0.94635			6
2024.01.22	00:34:20.678	0.94634	0.94634			6
2024.01.22	00:34:23.618	0.94625	0.94625			6
2024.01.22	00:34:23.717	0.94634	0.94634			6
2024.01.22	00:34:24.235	0.94639	0.94639			6
2024.01.22	00:34:29.005	0.94635	0.94635			6
2024.01.22	00:34:33.712	0.94633	0.94633			6
2024.01.22	00:34:34.734	0.94632	0.94632			6
2024.01.22	00:34:38.703	0.94628	0.94628			6
2024.01.22	00:34:44.611	0.94621	0.94621			6
2024.01.22	00:34:47.436	0.94645	0.94645			6
2024.01.22	00:34:47.496	0.94646	0.94646			6
2024.01.22	00:34:47.585	0.94652	0.94652			6
2024.01.22	00:34:52.459	0.94649	0.94649			6
2024.01.22	00:35:08.647	0.94622	0.94622			6
2024.01.22	00:35:09.365	0.94621	0.94621			6
2024.01.22	00:35:09.619	0.94619	0.94619			6
2024.01.22	00:35:12.775	0.94618	0.94618			6
2024.01.22	00:35:13.616	0.94626	0.94626			6
2024.01.22	00:35:13.647	0.94634	0.94634			6
2024.01.22	00:35:13.737	0.94637	0.94637			6
2024.01.22	00:35:14.099	0.94642	0.94642			6
2024.01.22	00:35:14.635	0.94638	0.94638			6
2024.01.22	00:35:16.957	0.94635	0.94635			6
2024.01.22	00:35:17.458	0.94636	0.94636			6
2024.01.22	00:35:18.167	0.94635	0.94635			6
2024.01.22	00:35:18.746	0.94636	0.94636			6
2024.01.22	00:35:19.693	0.94633	0.94633			6
2024.01.22	00:35:20.944	0.94631	0.94631			6
2024.01.22	00:35:21.717	0.94628	0.94628			6
2024.01.22	00:35:22.615	0.94625	0.94625			6
2024.01.22	00:35:24.239	0.94634	0.94634			6
2024.01.22	00:35:25.458	0.94631	0.94631			6
2024.01.22	00:35:26.646	0.94626	0.94626			6
2024.01.22	00:35:27.497	0.94624	0.94624			6
2024.01.22	00:35:28.614	0.94632	0.94632			6
2024.01.22	00:35:28.643	0.94627	0.94627			6
2024.01.22	00:35:35.638	0.94620	0.94620			6
2024.01.22	00:35:35.728	0.94608	0.94608			6
2024.01.22	00:35:44.329	0.94605	0.94605			6
2024.01.22	00:35:44.659	0.94607	0.94607			6
2024.01.22	00:35:47.859	0.94611	0.94611			6
2024.01.22	00:36:01.507	0.94600	0.94600			6
2024.01.22	00:36:01.536	0.94595	0.94595			6
2024.01.22	00:36:01.596	0.94594	0.94594			6
2024.01.22	00:36:01.626	0.94585	0.94585			6
2024.01.22	00:36:01.716	0.94582	0.94582			6
2024.01.22	00:36:01.877	0.94580	0.94580			6
2024.01.22	00:36:02.440	0.94586	0.94586			6
2024.01.22	00:36:02.469	0.94588	0.94588			6
2024.01.22	00:36:02.499	0.94593	0.94593			6
2024.01.22	00:36:02.530	0.94594	0.94594			6
2024.01.22	00:36:02.620	0.94599	0.94599			6
2024.01.22	00:36:05.166	0.94601	0.94601			6
2024.01.22	00:36:07.778	0.94605	0.94605			6
2024.01.22	00:36:08.257	0.94607	0.94607			6
2024.01.22	00:36:14.217	0.94603	0.94603			6
2024.01.22	00:36:14.367	0.94576	0.94576			6
2024.01.22	00:36:14.396	0.94572	0.94572			6
2024.01.22	00:36:14.772	0.94569	0.94569			6
2024.01.22	00:36:14.802	0.94582	0.94582			6
2024.01.22	00:36:14.832	0.94585	0.94585			6
2024.01.22	00:36:15.160	0.94598	0.94598			6
2024.01.22	00:36:15.220	0.94595	0.94595			6
2024.01.22	00:36:15.250	0.94592	0.94592			6
2024.01.22	00:36:15.342	0.94594	0.94594			6
2024.01.22	00:36:15.410	0.94598	0.94598			6
2024.01.22	00:36:15.713	0.94604	0.94604			6
2024.01.22	00:36:15.743	0.94599	0.94599			6
2024.01.22	00:36:18.387	0.94600	0.94600			6
2024.01.22	00:36:19.571	0.94603	0.94603			6
2024.01.22	00:36:19.660	0.94609	0.94609			6
2024.01.22	00:36:22.980	0.94613	0.94613			6
2024.01.22	00:36:23.009	0.94617	0.94617			6
2024.01.22	00:36:35.371	0.94613	0.94613			6
2024.01.22	00:36:40.617	0.94611	0.94611			6
2024.01.22	00:37:15.079	0.94616	0.94616			6
2024.01.22	00:37:15.238	0.94621	0.94621			6
2024.01.22	00:37:38.758	0.94632	0.94632			6
2024.01.22	00:37:46.436	0.94631	0.94631			6
2024.01.22	00:37:59.071	0.94632	0.94632			6
2024.01.22	00:38:05.368	0.94631	0.94631			6
2024.01.22	00:38:15.030	0.94632	0.94632			6
2024.01.22	00:38:15.195	0.94626	0.94626			6
2024.01.22	00:38:15.226	0.94622	0.94622			6
2024.01.22	00:38:33.983	0.94625	0.94625			6
2024.01.22	00:38:34.014	0.94612	0.94612			6
2024.01.22	00:38:34.104	0.94611	0.94611			6
2024.01.22	00:38:34.344	0.94609	0.94609			6
2024.01.22	00:38:34.988	0.94612	0.94612			6
2024.01.22	00:38:35.018	0.94620	0.94620			6
2024.01.22	00:38:37.373	0.94622	0.94622			6
2024.01.22	00:38:40.176	0.94623	0.94623			6
2024.01.22	00:38:44.159	0.94625	0.94625			6
2024.01.22	00:38:44.191	0.94619	0.94619			6
2024.01.22	00:38:46.688	0.94579	0.94579			6
2024.01.22	00:38:46.777	0.94590	0.94590			6
2024.01.22	00:38:54.093	0.94603	0.94603			6
2024.01.22	00:38:55.212	0.94607	0.94607			6
2024.01.22	00:38:55.717	0.94603	0.94603			6
2024.01.22	00:38:59.507	0.94606	0.94606			6
2024.01.22	00:38:59.885	0.94600	0.94600			6
2024.01.22	00:39:00.774	0.94605	0.94605			6
2024.01.22	00:39:01.084	0.94601	0.94601			6
2024.01.22	00:39:15.624	0.94604	0.94604			6
2024.01.22	00:39:16.111	0.94600	0.94600			6
2024.01.22	00:39:18.625	0.94604	0.94604			6
2024.01.22	00:39:18.684	0.94590	0.94590			6
2024.01.22	00:39:19.056	0.94588	0.94588			6
2024.01.22	00:39:19.386	0.94599	0.94599			6
2024.01.22	00:39:23.833	0.94604	0.94604			6
2024.01.22	00:39:23.863	0.94605	0.94605			6
2024.01.22	00:39:23.953	0.94601	0.94601			6
2024.01.22	00:39:24.074	0.94598	0.94598			6
2024.01.22	00:39:24.192	0.94584	0.94584			6
2024.01.22	00:39:24.312	0.94577	0.94577			6
2024.01.22	00:39:24.704	0.94584	0.94584			6
2024.01.22	00:39:24.825	0.94583	0.94583			6
2024.01.22	00:39:24.855	0.94584	0.94584			6
2024.01.22	00:39:25.155	0.94588	0.94588			6
2024.01.22	00:39:25.304	0.94590	0.94590			6
2024.01.22	00:39:25.424	0.94591	0.94591			6
2024.01.22	00:39:25.576	0.94595	0.94595			6
2024.01.22	00:39:25.847	0.94592	0.94592			6
2024.01.22	00:39:25.968	0.94583	0.94583			6
2024.01.22	00:39:25.998	0.94591	0.94591			6
2024.01.22	00:39:26.087	0.94583	0.94583			6
2024.01.22	00:39:26.268	0.94581	0.94581			6
2024.01.22	00:39:26.299	0.94582	0.94582			6
2024.01.22	00:39:26.358	0.94585	0.94585			6
2024.01.22	00:39:26.509	0.94584	0.94584			6
2024.01.22	00:39:26.659	0.94582	0.94582			6
2024.01.22	00:39:26.718	0.94581	0.94581			6
2024.01.22	00:39:26.870	0.94578	0.94578			6
2024.01.22	00:39:27.019	0.94589	0.94589			6
2024.01.22	00:39:27.050	0.94593	0.94593			6
2024.01.22	00:39:27.139	0.94582	0.94582			6
2024.01.22	00:39:27.260	0.94587	0.94587			6
2024.01.22	00:39:27.320	0.94589	0.94589			6
2024.01.22	00:39:27.412	0.94587	0.94587			6
2024.01.22	00:39:27.562	0.94585	0.94585			6
2024.01.22	00:39:27.712	0.94587	0.94587			6
2024.01.22	00:39:27.804	0.94583	0.94583			6
2024.01.22	00:39:28.103	0.94581	0.94581			6
2024.01.22	00:39:28.132	0.94582	0.94582			6
2024.01.22	00:39:28.194	0.94579	0.94579			6
2024.01.22	00:39:28.463	0.94582	0.94582			6
2024.01.22	00:39:29.186	0.94586	0.94586			6
2024.01.22	00:39:29.246	0.94590	0.94590			6
2024.01.22	00:39:29.668	0.94586	0.94586			6
2024.01.22	00:39:29.697	0.94587	0.94587			6
2024.01.22	00:39:29.757	0.94582	0.94582			6
2024.01.22	00:39:29.877	0.94580	0.94580			6
2024.01.22	00:39:30.057	0.94583	0.94583			6
2024.01.22	00:39:30.537	0.94584	0.94584			6
2024.01.22	00:39:30.567	0.94585	0.94585			6
2024.01.22	00:39:30.809	0.94576	0.94576			6
2024.01.22	00:39:30.869	0.94575	0.94575			6
2024.01.22	00:39:31.530	0.94587	0.94587			6
2024.01.22	00:39:31.591	0.94591	0.94591			6
2024.01.22	00:39:31.861	0.94588	0.94588			6
2024.01.22	00:39:31.892	0.94592	0.94592			6
2024.01.22	00:39:32.041	0.94586	0.94586			6
2024.01.22	00:39:32.521	0.94589	0.94589			6
2024.01.22	00:39:32.672	0.94590	0.94590			6
2024.01.22	00:39:32.884	0.94589	0.94589			6
2024.01.22	00:39:33.155	0.94587	0.94587			6
2024.01.22	00:39:33.216	0.94586	0.94586			6
2024.01.22	00:39:33.426	0.94592	0.94592			6
2024.01.22	00:39:33.696	0.94591	0.94591			6
2024.01.22	00:39:34.086	0.94594	0.94594			6
2024.01.22	00:39:34.209	0.94593	0.94593			6
2024.01.22	00:39:34.240	0.94588	0.94588			6
2024.01.22	00:39:34.571	0.94591	0.94591			6
2024.01.22	00:39:34.631	0.94589	0.94589			6
2024.01.22	00:39:34.750	0.94587	0.94587			6
2024.01.22	00:39:35.081	0.94594	0.94594			6
2024.01.22	00:39:35.171	0.94588	0.94588			6
2024.01.22	00:39:35.323	0.94586	0.94586			6
2024.01.22	00:39:35.564	0.94587	0.94587			6
2024.01.22	00:39:35.593	0.94586	0.94586			6
2024.01.22	00:39:35.744	0.94585	0.94585			6
2024.01.22	00:39:35.863	0.94583	0.94583			6
2024.01.22	00:39:35.923	0.94582	0.94582			6
2024.01.22	00:39:36.074	0.94581	0.94581			6
2024.01.22	00:39:36.194	0.94584	0.94584			6
2024.01.22	00:39:36.948	0.94586	0.94586			6
2024.01.22	00:39:37.249	0.94585	0.94585			6
2024.01.22	00:39:37.368	0.94586	0.94586			6
2024.01.22	00:39:37.548	0.94587	0.94587			6
2024.01.22	00:39:37.818	0.94586	0.94586			6
2024.01.22	00:39:38.059	0.94587	0.94587			6
2024.01.22	00:39:38.329	0.94588	0.94588			6
2024.01.22	00:39:39.170	0.94587	0.94587			6
2024.01.22	00:39:39.654	0.94585	0.94585			6
2024.01.22	00:39:39.745	0.94583	0.94583			6
2024.01.22	00:39:40.466	0.94581	0.94581			6
2024.01.22	00:39:40.708	0.94589	0.94589			6
2024.01.22	00:39:41.218	0.94587	0.94587			6
2024.01.22	00:39:41.428	0.94592	0.94592			6
2024.01.22	00:39:41.518	0.94595	0.94595			6
2024.01.22	00:39:42.119	0.94589	0.94589			6
2024.01.22	00:39:44.823	0.94591	0.94591			6
2024.01.22	00:39:44.883	0.94588	0.94588			6
2024.01.22	00:39:44.914	0.94583	0.94583			6
2024.01.22	00:39:44.972	0.94581	0.94581			6
2024.01.22	00:39:45.033	0.94583	0.94583			6
2024.01.22	00:39:45.213	0.94582	0.94582			6
2024.01.22	00:39:45.633	0.94579	0.94579			6
2024.01.22	00:39:45.964	0.94578	0.94578			6
2024.01.22	00:39:46.205	0.94579	0.94579			6
2024.01.22	00:39:46.264	0.94580	0.94580			6
2024.01.22	00:39:46.504	0.94576	0.94576			6
2024.01.22	00:39:46.924	0.94577	0.94577			6
2024.01.22	00:39:47.074	0.94579	0.94579			6
2024.01.22	00:39:47.255	0.94580	0.94580			6
2024.01.22	00:39:47.285	0.94579	0.94579			6
2024.01.22	00:39:47.738	0.94584	0.94584			6
2024.01.22	00:39:47.798	0.94592	0.94592			6
2024.01.22	00:39:48.309	0.94588	0.94588			6
2024.01.22	00:39:48.620	0.94582	0.94582			6
2024.01.22	00:39:48.861	0.94592	0.94592			6
2024.01.22	00:39:49.673	0.94596	0.94596			6
2024.01.22	00:39:49.734	0.94592	0.94592			6
2024.01.22	00:39:50.184	0.94591	0.94591			6
2024.01.22	00:39:50.274	0.94589	0.94589			6
2024.01.22	00:39:50.426	0.94592	0.94592			6
2024.01.22	00:39:50.546	0.94583	0.94583			6
2024.01.22	00:39:50.937	0.94590	0.94590			6
2024.01.22	00:39:51.208	0.94592	0.94592			6
2024.01.22	00:39:51.480	0.94584	0.94584			6
2024.01.22	00:39:51.781	0.94594	0.94594			6
2024.01.22	00:39:52.052	0.94589	0.94589			6
2024.01.22	00:39:52.264	0.94594	0.94594			6
2024.01.22	00:39:52.323	0.94591	0.94591			6
2024.01.22	00:39:52.562	0.94593	0.94593			6
2024.01.22	00:39:53.108	0.94594	0.94594			6
2024.01.22	00:39:53.348	0.94592	0.94592			6
2024.01.22	00:39:53.619	0.94593	0.94593			6
2024.01.22	00:39:54.222	0.94592	0.94592			6
2024.01.22	00:39:54.311	0.94590	0.94590			6
2024.01.22	00:39:54.431	0.94591	0.94591			6
2024.01.22	00:39:54.552	0.94592	0.94592			6
2024.01.22	00:39:55.122	0.94591	0.94591			6
2024.01.22	00:39:56.414	0.94587	0.94587			6
2024.01.22	00:39:56.564	0.94590	0.94590			6
2024.01.22	00:39:56.654	0.94595	0.94595			6
2024.01.22	00:39:56.775	0.94591	0.94591			6
2024.01.22	00:39:56.895	0.94587	0.94587			6
2024.01.22	00:39:57.074	0.94591	0.94591			6
2024.01.22	00:39:57.168	0.94589	0.94589			6
2024.01.22	00:39:57.197	0.94587	0.94587			6
2024.01.22	00:39:57.256	0.94592	0.94592			6
2024.01.22	00:39:57.435	0.94593	0.94593			6
2024.01.22	00:39:58.731	0.94591	0.94591			6
2024.01.22	00:39:58.972	0.94593	0.94593			6
2024.01.22	00:39:59.393	0.94584	0.94584			6
2024.01.22	00:39:59.602	0.94589	0.94589			6
2024.01.22	00:39:59.932	0.94592	0.94592			6
2024.01.22	00:40:00.023	0.94584	0.94584			6
2024.01.22	00:40:00.052	0.94586	0.94586			6
2024.01.22	00:40:00.232	0.94584	0.94584			6
2024.01.22	00:40:00.263	0.94590	0.94590			6
2024.01.22	00:40:00.414	0.94587	0.94587			6
2024.01.22	00:40:00.565	0.94576	0.94576			6
2024.01.22	00:40:00.594	0.94584	0.94584			6
2024.01.22	00:40:01.467	0.94587	0.94587			6
2024.01.22	00:40:01.767	0.94583	0.94583			6
2024.01.22	00:40:03.158	0.94587	0.94587			6
2024.01.22	00:40:03.433	0.94589	0.94589			6
2024.01.22	00:40:06.157	0.94592	0.94592			6
2024.01.22	00:40:06.469	0.94595	0.94595			6
2024.01.22	00:40:07.636	0.94597	0.94597			6
2024.01.22	00:40:08.318	0.94603	0.94603			6
2024.01.22	00:40:08.398	0.94602	0.94602			6
2024.01.22	00:40:08.984	0.94599	0.94599			6
2024.01.22	00:40:09.044	0.94595	0.94595			6
2024.01.22	00:40:09.516	0.94591	0.94591			6
2024.01.22	00:40:10.297	0.94595	0.94595			6
2024.01.22	00:40:12.427	0.94594	0.94594			6
2024.01.22	00:40:12.668	0.94592	0.94592			6
2024.01.22	00:40:16.048	0.94596	0.94596			6
2024.01.22	00:40:16.809	0.94594	0.94594			6
2024.01.22	00:40:16.929	0.94591	0.94591			6
2024.01.22	00:40:17.078	0.94589	0.94589			6
2024.01.22	00:40:17.778	0.94588	0.94588			6
2024.01.22	00:40:17.874	0.94584	0.94584			6
2024.01.22	00:40:19.076	0.94587	0.94587			6
2024.01.22	00:40:19.106	0.94588	0.94588			6
2024.01.22	00:40:19.346	0.94591	0.94591			6
2024.01.22	00:40:21.918	0.94590	0.94590			6
2024.01.22	00:40:21.997	0.94594	0.94594			6
2024.01.22	00:40:24.608	0.94598	0.94598			6
2024.01.22	00:40:25.238	0.94603	0.94603			6
2024.01.22	00:40:25.356	0.94596	0.94596			6
2024.01.22	00:40:25.386	0.94588	0.94588			6
2024.01.22	00:40:25.507	0.94585	0.94585			6
2024.01.22	00:40:25.688	0.94581	0.94581			6
2024.01.22	00:40:26.018	0.94582	0.94582			6
2024.01.22	00:40:26.049	0.94584	0.94584			6
2024.01.22	00:40:26.109	0.94582	0.94582			6
2024.01.22	00:40:26.380	0.94587	0.94587			6
2024.01.22	00:40:26.409	0.94592	0.94592			6
2024.01.22	00:40:27.101	0.94589	0.94589			6
2024.01.22	00:40:27.131	0.94592	0.94592			6
2024.01.22	00:40:27.372	0.94591	0.94591			6
2024.01.22	00:40:27.403	0.94588	0.94588			6
2024.01.22	00:40:27.463	0.94591	0.94591			6
2024.01.22	00:40:27.612	0.94589	0.94589			6
2024.01.22	00:40:28.033	0.94590	0.94590			6
2024.01.22	00:40:28.303	0.94594	0.94594			6
2024.01.22	00:40:28.333	0.94590	0.94590			6
2024.01.22	00:40:28.395	0.94594	0.94594			6
2024.01.22	00:40:28.424	0.94597	0.94597			6
2024.01.22	00:40:28.456	0.94595	0.94595			6
2024.01.22	00:40:28.545	0.94591	0.94591			6
2024.01.22	00:40:28.666	0.94592	0.94592			6
2024.01.22	00:40:28.784	0.94588	0.94588			6
2024.01.22	00:40:28.966	0.94591	0.94591			6
2024.01.22	00:40:29.297	0.94588	0.94588			6
2024.01.22	00:40:29.327	0.94591	0.94591			6
2024.01.22	00:40:29.447	0.94583	0.94583			6
2024.01.22	00:40:29.505	0.94584	0.94584			6
2024.01.22	00:40:29.598	0.94588	0.94588			6
2024.01.22	00:40:29.808	0.94629	0.94629			6
2024.01.22	00:40:29.927	0.94625	0.94625			6
2024.01.22	00:40:30.077	0.94628	0.94628			6
2024.01.22	00:40:30.107	0.94625	0.94625			6
2024.01.22	00:40:30.197	0.94628	0.94628			6
2024.01.22	00:40:30.226	0.94614	0.94614			6
2024.01.22	00:40:30.287	0.94600	0.94600			6
2024.01.22	00:40:30.677	0.94625	0.94625			6
2024.01.22	00:40:30.769	0.94618	0.94618			6
2024.01.22	00:40:30.798	0.94613	0.94613			6
2024.01.22	00:40:30.858	0.94608	0.94608			6
2024.01.22	00:40:31.008	0.94607	0.94607			6
2024.01.22	00:40:31.189	0.94603	0.94603			6
2024.01.22	00:40:31.279	0.94599	0.94599			6
2024.01.22	00:40:31.369	0.94602	0.94602			6
2024.01.22	00:40:31.579	0.94607	0.94607			6
2024.01.22	00:40:31.883	0.94604	0.94604			6
2024.01.22	00:40:31.912	0.94599	0.94599			6
2024.01.22	00:40:32.063	0.94518	0.94518			6
2024.01.22	00:40:32.092	0.94530	0.94530			6
2024.01.22	00:40:32.123	0.94543	0.94543			6
2024.01.22	00:40:32.152	0.94545	0.94545			6
2024.01.22	00:40:32.213	0.94543	0.94543			6
2024.01.22	00:40:32.303	0.94535	0.94535			6
2024.01.22	00:40:32.542	0.94547	0.94547			6
2024.01.22	00:40:32.663	0.94541	0.94541			6
2024.01.22	00:40:33.414	0.94554	0.94554			6
2024.01.22	00:40:33.563	0.94551	0.94551			6
2024.01.22	00:40:33.624	0.94550	0.94550			6
2024.01.22	00:40:33.684	0.94544	0.94544			6
2024.01.22	00:40:33.776	0.94548	0.94548			6
2024.01.22	00:40:34.556	0.94574	0.94574			6
2024.01.22	00:40:34.889	0.94576	0.94576			6
2024.01.22	00:40:34.919	0.94582	0.94582			6
2024.01.22	00:40:35.158	0.94579	0.94579			6
2024.01.22	00:40:35.309	0.94582	0.94582			6
2024.01.22	00:40:35.340	0.94583	0.94583			6
2024.01.22	00:40:35.400	0.94587	0.94587			6
2024.01.22	00:40:35.912	0.94588	0.94588			6
2024.01.22	00:40:35.943	0.94584	0.94584			6
2024.01.22	00:40:36.034	0.94579	0.94579			6
2024.01.22	00:40:36.063	0.94575	0.94575			6
2024.01.22	00:40:36.123	0.94572	0.94572			6
2024.01.22	00:40:36.273	0.94576	0.94576			6
2024.01.22	00:40:36.304	0.94572	0.94572			6
2024.01.22	00:40:37.117	0.94575	0.94575			6
2024.01.22	00:40:37.148	0.94573	0.94573			6
2024.01.22	00:40:37.418	0.94575	0.94575			6
2024.01.22	00:40:38.351	0.94568	0.94568			6
2024.01.22	00:40:38.380	0.94582	0.94582			6
2024.01.22	00:40:38.470	0.94587	0.94587			6
2024.01.22	00:40:38.622	0.94593	0.94593			6
2024.01.22	00:40:38.891	0.94586	0.94586			6
2024.01.22	00:40:38.952	0.94589	0.94589			6
2024.01.22	00:40:39.103	0.94590	0.94590			6
2024.01.22	00:40:39.133	0.94589	0.94589			6
2024.01.22	00:40:39.376	0.94586	0.94586			6
2024.01.22	00:40:39.435	0.94587	0.94587			6
2024.01.22	00:40:39.675	0.94594	0.94594			6
2024.01.22	00:40:39.977	0.94587	0.94587			6
2024.01.22	00:40:40.186	0.94588	0.94588			6
2024.01.22	00:40:40.246	0.94587	0.94587			6
2024.01.22	00:40:40.517	0.94586	0.94586			6
2024.01.22	00:40:40.667	0.94587	0.94587			6
2024.01.22	00:40:41.268	0.94591	0.94591			6
2024.01.22	00:40:41.297	0.94590	0.94590			6
2024.01.22	00:40:41.328	0.94596	0.94596			6
2024.01.22	00:40:41.477	0.94595	0.94595			6
2024.01.22	00:40:41.569	0.94593	0.94593			6
2024.01.22	00:40:41.778	0.94595	0.94595			6
2024.01.22	00:40:41.808	0.94591	0.94591			6
2024.01.22	00:40:42.140	0.94590	0.94590			6
2024.01.22	00:40:42.410	0.94592	0.94592			6
2024.01.22	00:40:42.710	0.94591	0.94591			6
2024.01.22	00:40:43.162	0.94590	0.94590			6
2024.01.22	00:40:43.713	0.94585	0.94585			6
2024.01.22	00:40:43.743	0.94582	0.94582			6
2024.01.22	00:40:44.016	0.94592	0.94592			6
2024.01.22	00:40:44.288	0.94598	0.94598			6
2024.01.22	00:40:44.348	0.94591	0.94591			6
2024.01.22	00:40:44.378	0.94587	0.94587			6
2024.01.22	00:40:44.409	0.94586	0.94586			6
2024.01.22	00:40:44.760	0.94594	0.94594			6
2024.01.22	00:40:45.028	0.94585	0.94585			6
2024.01.22	00:40:45.119	0.94583	0.94583			6
2024.01.22	00:40:45.298	0.94584	0.94584			6
2024.01.22	00:40:45.853	0.94586	0.94586			6
2024.01.22	00:40:45.912	0.94590	0.94590			6
2024.01.22	00:40:46.001	0.94593	0.94593			6
2024.01.22	00:40:46.032	0.94590	0.94590			6
2024.01.22	00:40:46.438	0.94591	0.94591			6
2024.01.22	00:40:47.467	0.94590	0.94590			6
2024.01.22	00:40:47.587	0.94593	0.94593			6
2024.01.22	00:40:47.829	0.94590	0.94590			6
2024.01.22	00:40:48.308	0.94592	0.94592			6
2024.01.22	00:40:48.738	0.94596	0.94596			6
2024.01.22	00:40:49.408	0.94599	0.94599			6
2024.01.22	00:40:49.439	0.94603	0.94603			6
2024.01.22	00:40:49.470	0.94608	0.94608			6
2024.01.22	00:40:49.500	0.94611	0.94611			6
2024.01.22	00:40:49.530	0.94613	0.94613			6
2024.01.22	00:40:49.747	0.94618	0.94618			6
2024.01.22	00:40:50.889	0.94609	0.94609			6
2024.01.22	00:40:50.918	0.94621	0.94621			6
2024.01.22	00:40:50.949	0.94628	0.94628			6
2024.01.22	00:40:51.891	0.94629	0.94629			6
2024.01.22	00:40:53.889	0.94616	0.94616			6
2024.01.22	00:40:53.945	0.94613	0.94613			6
2024.01.22	00:40:54.037	0.94609	0.94609			6
2024.01.22	00:40:54.547	0.94589	0.94589			6
2024.01.22	00:40:54.706	0.94588	0.94588			6
2024.01.22	00:40:54.736	0.94593	0.94593			6
2024.01.22	00:40:54.766	0.94602	0.94602			6
2024.01.22	00:40:54.825	0.94589	0.94589			6
2024.01.22	00:40:55.188	0.94583	0.94583			6
2024.01.22	00:40:55.217	0.94574	0.94574			6
2024.01.22	00:40:55.247	0.94569	0.94569			6
2024.01.22	00:40:55.506	0.94574	0.94574			6
2024.01.22	00:40:55.938	0.94575	0.94575			6
2024.01.22	00:40:55.997	0.94576	0.94576			6
2024.01.22	00:40:56.058	0.94573	0.94573			6
2024.01.22	00:40:56.329	0.94577	0.94577			6
2024.01.22	00:40:56.449	0.94573	0.94573			6
2024.01.22	00:40:56.579	0.94576	0.94576			6
2024.01.22	00:40:56.611	0.94573	0.94573			6
2024.01.22	00:40:56.807	0.94576	0.94576			6
2024.01.22	00:40:56.927	0.94579	0.94579			6
2024.01.22	00:40:56.988	0.94576	0.94576			6
2024.01.22	00:40:57.048	0.94573	0.94573			6
2024.01.22	00:40:57.310	0.94576	0.94576			6
2024.01.22	00:40:57.371	0.94573	0.94573			6
2024.01.22	00:40:57.491	0.94577	0.94577			6
2024.01.22	00:40:57.521	0.94582	0.94582			6
2024.01.22	00:40:57.733	0.94585	0.94585			6
2024.01.22	00:40:59.268	0.94584	0.94584			6
2024.01.22	00:41:01.658	0.94585	0.94585			6
2024.01.22	00:41:01.747	0.94590	0.94590			6
2024.01.22	00:41:02.146	0.94592	0.94592			6
2024.01.22	00:41:02.937	0.94568	0.94568			6
2024.01.22	00:41:03.154	0.94566	0.94566			6
2024.01.22	00:41:03.333	0.94568	0.94568			6
2024.01.22	00:41:03.587	0.94566	0.94566			6
2024.01.22	00:41:03.618	0.94567	0.94567			6
2024.01.22	00:41:03.757	0.94573	0.94573			6
2024.01.22	00:41:04.336	0.94581	0.94581			6
2024.01.22	00:41:06.509	0.94583	0.94583			6
2024.01.22	00:41:07.601	0.94588	0.94588			6
2024.01.22	00:41:09.537	0.94592	0.94592			6
2024.01.22	00:41:20.537	0.94596	0.94596			6
2024.01.22	00:41:21.819	0.94594	0.94594			6
2024.01.22	00:41:23.210	0.94592	0.94592			6
2024.01.22	00:41:29.995	0.94589	0.94589			6
2024.01.22	00:41:30.096	0.94587	0.94587			6
2024.01.22	00:41:30.156	0.94573	0.94573			6
2024.01.22	00:41:30.186	0.94568	0.94568			6
2024.01.22	00:41:31.628	0.94573	0.94573			6
2024.01.22	00:41:34.919	0.94577	0.94577			6
2024.01.22	00:41:34.949	0.94583	0.94583			6
2024.01.22	00:41:35.009	0.94586	0.94586			6
2024.01.22	00:41:35.039	0.94584	0.94584			6
2024.01.22	00:41:35.193	0.94587	0.94587			6
2024.01.22	00:41:35.222	0.94589	0.94589			6
2024.01.22	00:41:35.253	0.94590	0.94590			6
2024.01.22	00:41:35.358	0.94592	0.94592			6
2024.01.22	00:41:35.599	0.94588	0.94588			6
2024.01.22	00:41:35.629	0.94585	0.94585			6
2024.01.22	00:41:35.719	0.94588	0.94588			6
2024.01.22	00:41:35.839	0.94592	0.94592			6
2024.01.22	00:41:36.101	0.94594	0.94594			6
2024.01.22	00:41:37.875	0.94596	0.94596			6
2024.01.22	00:41:38.182	0.94594	0.94594			6
2024.01.22	00:41:38.212	0.94589	0.94589			6
2024.01.22	00:41:38.271	0.94586	0.94586			6
2024.01.22	00:41:39.398	0.94584	0.94584			6
2024.01.22	00:41:39.457	0.94574	0.94574			6
2024.01.22	00:41:39.488	0.94569	0.94569			6
2024.01.22	00:41:39.608	0.94566	0.94566			6
2024.01.22	00:41:40.618	0.94570	0.94570			6
2024.01.22	00:41:42.808	0.94573	0.94573			6
2024.01.22	00:41:48.756	0.94578	0.94578			6
2024.01.22	00:41:48.787	0.94581	0.94581			6
2024.01.22	00:41:48.878	0.94584	0.94584			6
2024.01.22	00:41:48.968	0.94582	0.94582			6
2024.01.22	00:41:49.028	0.94576	0.94576			6
2024.01.22	00:41:50.100	0.94578	0.94578			6
2024.01.22	00:41:50.296	0.94580	0.94580			6
2024.01.22	00:41:55.700	0.94571	0.94571			6
2024.01.22	00:42:06.147	0.94577	0.94577			6
2024.01.22	00:42:09.826	0.94584	0.94584			6
2024.01.22	00:42:18.128	0.94578	0.94578			6
2024.01.22	00:42:18.158	0.94576	0.94576			6
2024.01.22	00:42:18.189	0.94575	0.94575			6
2024.01.22	00:42:18.219	0.94576	0.94576			6
2024.01.22	00:42:18.249	0.94575	0.94575			6
2024.01.22	00:42:18.280	0.94576	0.94576			6
2024.01.22	00:42:18.309	0.94574	0.94574			6
2024.01.22	00:42:18.399	0.94579	0.94579			6
2024.01.22	00:42:18.561	0.94577	0.94577			6
2024.01.22	00:42:18.591	0.94580	0.94580			6
2024.01.22	00:42:18.621	0.94577	0.94577			6
2024.01.22	00:42:18.772	0.94574	0.94574			6
2024.01.22	00:42:18.945	0.94577	0.94577			6
2024.01.22	00:42:19.797	0.94581	0.94581			6
2024.01.22	00:42:19.827	0.94585	0.94585			6
2024.01.22	00:42:19.917	0.94587	0.94587			6
2024.01.22	00:42:20.889	0.94586	0.94586			6
2024.01.22	00:42:21.517	0.94587	0.94587			6
2024.01.22	00:42:21.980	0.94586	0.94586			6
2024.01.22	00:42:22.667	0.94587	0.94587			6
2024.01.22	00:42:29.497	0.94590	0.94590			6
2024.01.22	00:42:29.527	0.94580	0.94580			6
2024.01.22	00:42:29.557	0.94577	0.94577			6
2024.01.22	00:42:29.586	0.94582	0.94582			6
2024.01.22	00:42:29.617	0.94576	0.94576			6
2024.01.22	00:42:29.791	0.94581	0.94581			6
2024.01.22	00:42:29.821	0.94585	0.94585			6
2024.01.22	00:42:33.039	0.94588	0.94588			6
2024.01.22	00:42:33.220	0.94585	0.94585			6
2024.01.22	00:42:39.381	0.94597	0.94597			6
2024.01.22	00:42:39.472	0.94600	0.94600			6
2024.01.22	00:42:39.502	0.94602	0.94602			6
2024.01.22	00:42:39.532	0.94598	0.94598			6
2024.01.22	00:42:39.561	0.94601	0.94601			6
2024.01.22	00:42:39.636	0.94608	0.94608			6
2024.01.22	00:42:39.763	0.94611	0.94611			6
2024.01.22	00:42:39.792	0.94609	0.94609			6
2024.01.22	00:42:39.823	0.94616	0.94616			6
2024.01.22	00:42:40.076	0.94624	0.94624			6
2024.01.22	00:42:40.136	0.94626	0.94626			6
2024.01.22	00:42:40.166	0.94634	0.94634			6
2024.01.22	00:42:40.196	0.94627	0.94627			6
2024.01.22	00:42:40.226	0.94630	0.94630			6
2024.01.22	00:42:40.256	0.94634	0.94634			6
2024.01.22	00:42:40.285	0.94635	0.94635			6
2024.01.22	00:42:40.346	0.94632	0.94632			6
2024.01.22	00:42:40.377	0.94630	0.94630			6
2024.01.22	00:42:40.408	0.94620	0.94620			6
2024.01.22	00:42:40.897	0.94634	0.94634			6
2024.01.22	00:42:40.957	0.94631	0.94631			6
2024.01.22	00:42:40.987	0.94623	0.94623			6
2024.01.22	00:42:41.016	0.94619	0.94619			6
2024.01.22	00:42:41.077	0.94616	0.94616			6
2024.01.22	00:42:41.107	0.94614	0.94614			6
2024.01.22	00:42:41.137	0.94620	0.94620			6
2024.01.22	00:42:41.197	0.94627	0.94627			6
2024.01.22	00:42:41.227	0.94618	0.94618			6
2024.01.22	00:42:41.257	0.94621	0.94621			6
2024.01.22	00:42:41.437	0.94618	0.94618			6
2024.01.22	00:42:41.468	0.94616	0.94616			6
2024.01.22	00:42:41.528	0.94620	0.94620			6
2024.01.22	00:42:41.558	0.94627	0.94627			6
2024.01.22	00:42:41.588	0.94621	0.94621			6
2024.01.22	00:42:41.617	0.94626	0.94626			6
2024.01.22	00:42:41.678	0.94623	0.94623			6
2024.01.22	00:42:41.799	0.94628	0.94628			6
2024.01.22	00:42:41.829	0.94636	0.94636			6
2024.01.22	00:42:41.861	0.94647	0.94647			6
2024.01.22	00:42:41.890	0.94650	0.94650			6
2024.01.22	00:42:41.919	0.94644	0.94644			6
2024.01.22	00:42:41.949	0.94634	0.94634			6
2024.01.22	00:42:41.979	0.94636	0.94636			6
2024.01.22	00:42:42.009	0.94639	0.94639			6
2024.01.22	00:42:42.137	0.94640	0.94640			6
2024.01.22	00:42:42.167	0.94639	0.94639			6
2024.01.22	00:42:42.227	0.94649	0.94649			6
2024.01.22	00:42:42.259	0.94653	0.94653			6
2024.01.22	00:42:42.290	0.94643	0.94643			6
2024.01.22	00:42:42.319	0.94649	0.94649			6
2024.01.22	00:42:42.349	0.94643	0.94643			6
2024.01.22	00:42:42.379	0.94632	0.94632			6
2024.01.22	00:42:42.469	0.94640	0.94640			6
2024.01.22	00:42:42.537	0.94644	0.94644			6
2024.01.22	00:42:42.567	0.94633	0.94633			6
2024.01.22	00:42:42.629	0.94631	0.94631			6
2024.01.22	00:42:42.658	0.94633	0.94633			6
2024.01.22	00:42:42.958	0.94647	0.94647			6
2024.01.22	00:42:42.989	0.94646	0.94646			6
2024.01.22	00:42:43.019	0.94640	0.94640			6
2024.01.22	00:42:43.139	0.94632	0.94632			6
2024.01.22	00:42:43.199	0.94635	0.94635			6
2024.01.22	00:42:43.354	0.94632	0.94632			6
2024.01.22	00:42:43.445	0.94636	0.94636			6
2024.01.22	00:42:43.506	0.94630	0.94630			6
2024.01.22	00:42:43.566	0.94636	0.94636			6
2024.01.22	00:42:43.837	0.94633	0.94633			6
2024.01.22	00:42:43.897	0.94638	0.94638			6
2024.01.22	00:42:43.957	0.94640	0.94640			6
2024.01.22	00:42:43.987	0.94643	0.94643			6
2024.01.22	00:42:44.077	0.94637	0.94637			6
2024.01.22	00:42:44.107	0.94634	0.94634			6
2024.01.22	00:42:51.560	0.94624	0.94624			6
2024.01.22	00:42:51.590	0.94619	0.94619			6
2024.01.22	00:42:51.620	0.94625	0.94625			6
2024.01.22	00:42:51.651	0.94626	0.94626			6
2024.01.22	00:42:51.682	0.94630	0.94630			6
2024.01.22	00:42:51.712	0.94637	0.94637			6
2024.01.22	00:42:51.802	0.94640	0.94640			6
2024.01.22	00:42:51.892	0.94635	0.94635			6
2024.01.22	00:42:52.618	0.94634	0.94634			6
2024.01.22	00:42:52.808	0.94635	0.94635			6
2024.01.22	00:42:53.272	0.94639	0.94639			6
2024.01.22	00:42:53.877	0.94636	0.94636			6
2024.01.22	00:42:54.366	0.94634	0.94634			6
2024.01.22	00:42:56.626	0.94631	0.94631			6
2024.01.22	00:42:59.514	0.94637	0.94637			6
2024.01.22	00:42:59.574	0.94640	0.94640			6
2024.01.22	00:43:00.912	0.94643	0.94643			6
2024.01.22	00:43:01.151	0.94645	0.94645			6
2024.01.22	00:43:01.707	0.94643	0.94643			6
2024.01.22	00:43:02.047	0.94638	0.94638			6
2024.01.22	00:43:02.077	0.94626	0.94626			6
2024.01.22	00:43:02.106	0.94620	0.94620			6
2024.01.22	00:43:02.258	0.94619	0.94619			6
2024.01.22	00:43:03.290	0.94600	0.94600			6
2024.01.22	00:43:03.320	0.94605	0.94605			6
2024.01.22	00:43:03.351	0.94603	0.94603			6
2024.01.22	00:43:03.381	0.94599	0.94599			6
2024.01.22	00:43:03.441	0.94612	0.94612			6
2024.01.22	00:43:03.471	0.94624	0.94624			6
2024.01.22	00:43:03.501	0.94630	0.94630			6
2024.01.22	00:43:03.531	0.94633	0.94633			6
2024.01.22	00:43:03.561	0.94636	0.94636			6
2024.01.22	00:43:03.590	0.94642	0.94642			6
2024.01.22	00:43:03.651	0.94637	0.94637			6
2024.01.22	00:43:03.710	0.94639	0.94639			6
2024.01.22	00:43:04.142	0.94641	0.94641			6
2024.01.22	00:43:04.172	0.94644	0.94644			6
2024.01.22	00:43:04.202	0.94646	0.94646			6
2024.01.22	00:43:04.693	0.94641	0.94641			6
2024.01.22	00:43:04.723	0.94648	0.94648			6
2024.01.22	00:43:04.753	0.94644	0.94644			6
2024.01.22	00:43:04.783	0.94638	0.94638			6
2024.01.22	00:43:04.813	0.94637	0.94637			6
2024.01.22	00:43:04.842	0.94636	0.94636			6
2024.01.22	00:43:04.903	0.94631	0.94631			6
2024.01.22	00:43:05.022	0.94628	0.94628			6
2024.01.22	00:43:06.336	0.94630	0.94630			6
2024.01.22	00:43:06.899	0.94629	0.94629			6
2024.01.22	00:43:07.456	0.94628	0.94628			6
2024.01.22	00:43:08.170	0.94630	0.94630			6
2024.01.22	00:43:08.419	0.94629	0.94629			6
2024.01.22	00:43:09.209	0.94631	0.94631			6
2024.01.22	00:43:09.697	0.94630	0.94630			6
2024.01.22	00:43:10.451	0.94628	0.94628			6
2024.01.22	00:43:11.025	0.94630	0.94630			6
2024.01.22	00:43:11.297	0.94629	0.94629			6
2024.01.22	00:43:11.357	0.94631	0.94631			6
2024.01.22	00:43:11.667	0.94630	0.94630			6
2024.01.22	00:43:12.996	0.94627	0.94627			6
2024.01.22	00:43:14.218	0.94631	0.94631			6
2024.01.22	00:43:14.548	0.94628	0.94628			6
2024.01.22	00:43:14.916	0.94629	0.94629			6
2024.01.22	00:43:15.557	0.94631	0.94631			6
2024.01.22	00:43:16.037	0.94629	0.94629			6
2024.01.22	00:43:17.617	0.94626	0.94626			6
2024.01.22	00:43:18.995	0.94631	0.94631			6
2024.01.22	00:43:19.337	0.94626	0.94626			6
2024.01.22	00:43:19.518	0.94631	0.94631			6
2024.01.22	00:43:19.779	0.94627	0.94627			6
2024.01.22	00:43:21.546	0.94629	0.94629			6
2024.01.22	00:43:21.918	0.94627	0.94627			6
2024.01.22	00:43:23.427	0.94626	0.94626			6
2024.01.22	00:43:23.705	0.94627	0.94627			6
2024.01.22	00:43:23.936	0.94626	0.94626			6
2024.01.22	00:43:24.836	0.94624	0.94624			6
2024.01.22	00:43:25.196	0.94627	0.94627			6
2024.01.22	00:43:26.357	0.94628	0.94628			6
2024.01.22	00:43:28.087	0.94627	0.94627			6
2024.01.22	00:43:28.437	0.94628	0.94628			6
2024.01.22	00:43:31.607	0.94627	0.94627			6
2024.01.22	00:43:31.827	0.94628	0.94628			6
2024.01.22	00:43:33.738	0.94630	0.94630			6
2024.01.22	00:43:34.036	0.94631	0.94631			6
2024.01.22	00:43:35.396	0.94629	0.94629			6
2024.01.22	00:43:36.793	0.94623	0.94623			6
2024.01.22	00:43:40.156	0.94624	0.94624			6
2024.01.22	00:43:40.605	0.94625	0.94625			6
2024.01.22	00:43:41.443	0.94624	0.94624			6
2024.01.22	00:43:41.696	0.94625	0.94625			6
2024.01.22	00:43:45.988	0.94623	0.94623			6
2024.01.22	00:43:46.516	0.94625	0.94625			6
2024.01.22	00:43:57.547	0.94631	0.94631			6
2024.01.22	00:43:59.568	0.94630	0.94630			6
2024.01.22	00:44:01.278	0.94631	0.94631			6
2024.01.22	00:44:01.765	0.94629	0.94629			6
2024.01.22	00:44:01.823	0.94624	0.94624			6
2024.01.22	00:44:02.272	0.94623	0.94623			6
2024.01.22	00:44:03.064	0.94622	0.94622			6
2024.01.22	00:44:11.429	0.94625	0.94625			6
2024.01.22	00:44:14.808	0.94624	0.94624			6
2024.01.22	00:44:20.176	0.94625	0.94625			6
2024.01.22	00:44:24.165	0.94623	0.94623			6
2024.01.22	00:44:24.256	0.94625	0.94625			6
2024.01.22	00:44:25.719	0.94624	0.94624			6
2024.01.22	00:44:26.088	0.94625	0.94625			6
2024.01.22	00:44:26.241	0.94630	0.94630			6
2024.01.22	00:44:28.496	0.94629	0.94629			6
2024.01.22	00:44:30.461	0.94628	0.94628			6
2024.01.22	00:44:31.928	0.94623	0.94623			6
2024.01.22	00:44:32.200	0.94622	0.94622			6
2024.01.22	00:44:33.209	0.94623	0.94623			6
2024.01.22	00:44:33.497	0.94624	0.94624			6
2024.01.22	00:44:34.907	0.94621	0.94621			6
2024.01.22	00:44:35.657	0.94622	0.94622			6
2024.01.22	00:44:37.676	0.94619	0.94619			6
2024.01.22	00:44:40.789	0.94624	0.94624			6
2024.01.22	00:44:40.849	0.94630	0.94630			6
2024.01.22	00:44:40.909	0.94626	0.94626			6
2024.01.22	00:44:41.899	0.94629	0.94629			6
2024.01.22	00:44:45.436	0.94632	0.94632			6
2024.01.22	00:44:45.467	0.94629	0.94629			6
2024.01.22	00:44:45.858	0.94628	0.94628			6
2024.01.22	00:44:46.028	0.94625	0.94625			6
2024.01.22	00:44:47.398	0.94623	0.94623			6
2024.01.22	00:44:47.827	0.94624	0.94624			6
2024.01.22	00:44:48.264	0.94626	0.94626			6
2024.01.22	00:44:51.337	0.94623	0.94623			6
2024.01.22	00:44:51.427	0.94620	0.94620			6
2024.01.22	00:44:55.977	0.94613	0.94613			6
2024.01.22	00:44:56.037	0.94616	0.94616			6
2024.01.22	00:44:56.097	0.94623	0.94623			6
2024.01.22	00:44:56.158	0.94626	0.94626			6
2024.01.22	00:45:00.466	0.94632	0.94632			6
2024.01.22	00:45:00.525	0.94631	0.94631			6
2024.01.22	00:45:01.580	0.94634	0.94634			6
2024.01.22	00:45:02.234	0.94632	0.94632			6
2024.01.22	00:45:02.395	0.94629	0.94629			6
2024.01.22	00:45:08.090	0.94631	0.94631			6
2024.01.22	00:45:11.426	0.94629	0.94629			6
2024.01.22	00:45:11.487	0.94626	0.94626			6
2024.01.22	00:45:12.246	0.94622	0.94622			6
2024.01.22	00:45:12.398	0.94626	0.94626			6
2024.01.22	00:45:12.457	0.94623	0.94623			6
2024.01.22	00:45:12.487	0.94626	0.94626			6
2024.01.22	00:45:12.517	0.94629	0.94629			6
2024.01.22	00:45:13.159	0.94631	0.94631			6
2024.01.22	00:45:17.344	0.94634	0.94634			6
2024.01.22	00:45:17.896	0.94631	0.94631			6
2024.01.22	00:45:19.765	0.94629	0.94629			6
2024.01.22	00:45:21.796	0.94632	0.94632			6
2024.01.22	00:45:21.855	0.94630	0.94630			6
2024.01.22	00:45:21.915	0.94632	0.94632			6
2024.01.22	00:45:22.035	0.94635	0.94635			6
2024.01.22	00:45:22.491	0.94632	0.94632			6
2024.01.22	00:45:25.787	0.94635	0.94635			6
2024.01.22	00:45:25.816	0.94632	0.94632			6
2024.01.22	00:45:26.027	0.94630	0.94630			6
2024.01.22	00:45:31.318	0.94632	0.94632			6
2024.01.22	00:45:32.126	0.94630	0.94630			6
2024.01.22	00:45:36.227	0.94633	0.94633			6
2024.01.22	00:45:36.256	0.94630	0.94630			6
2024.01.22	00:45:40.108	0.94624	0.94624			6
2024.01.22	00:45:40.139	0.94631	0.94631			6
2024.01.22	00:45:43.264	0.94629	0.94629			6
2024.01.22	00:45:46.886	0.94625	0.94625			6
2024.01.22	00:45:47.078	0.94622	0.94622			6
2024.01.22	00:45:48.178	0.94621	0.94621			6
2024.01.22	00:45:48.498	0.94624	0.94624			6
2024.01.22	00:45:48.587	0.94628	0.94628			6
2024.01.22	00:45:49.997	0.94625	0.94625			6
2024.01.22	00:45:50.386	0.94624	0.94624			6
2024.01.22	00:45:55.939	0.94625	0.94625			6
2024.01.22	00:45:57.006	0.94620	0.94620			6
2024.01.22	00:45:57.129	0.94623	0.94623			6
2024.01.22	00:45:58.331	0.94626	0.94626			6
2024.01.22	00:45:58.573	0.94624	0.94624			6
2024.01.22	00:45:58.855	0.94626	0.94626			6
2024.01.22	00:46:01.658	0.94626				2
2024.01.22	00:46:02.007	0.94625	0.94625			6
2024.01.22	00:46:02.791	0.94624	0.94624			6
2024.01.22	00:46:02.941	0.94626	0.94626			6
2024.01.22	00:46:03.337	0.94625	0.94625			6
2024.01.22	00:46:03.606	0.94624	0.94624			6
2024.01.22	00:46:04.406	0.94625	0.94625			6
2024.01.22	00:46:04.708	0.94624	0.94624			6
2024.01.22	00:46:04.966	0.94625	0.94625			6
2024.01.22	00:46:05.477	0.94626	0.94626			6
2024.01.22	00:46:08.486	0.94629	0.94629			6
2024.01.22	00:46:08.516	0.94626	0.94626			6
2024.01.22	00:46:08.577	0.94629	0.94629			6
2024.01.22	00:46:08.942	0.94631	0.94631			6
2024.01.22	00:46:09.283	0.94630	0.94630			6
2024.01.22	00:46:09.697	0.94625	0.94625			6
2024.01.22	00:46:18.328	0.94628	0.94628			6
2024.01.22	00:46:31.546	0.94631	0.94631			6
2024.01.22	00:46:32.210	0.94630	0.94630			6
2024.01.22	00:46:33.688	0.94633	0.94633			6
2024.01.22	00:46:33.718	0.94631	0.94631			6
2024.01.22	00:46:52.976	0.94625	0.94625			6
2024.01.22	00:46:55.222	0.94630	0.94630			6
2024.01.22	00:46:59.606	0.94633	0.94633			6
2024.01.22	00:47:00.184	0.94630	0.94630			6
2024.01.22	00:47:04.414	0.94634	0.94634			6
2024.01.22	00:47:04.444	0.94638	0.94638			6
2024.01.22	00:47:04.473	0.94641	0.94641			6
2024.01.22	00:47:04.504	0.94637	0.94637			6
2024.01.22	00:47:04.564	0.94631	0.94631			6
2024.01.22	00:47:15.977	0.94630	0.94630			6
2024.01.22	00:47:16.756	0.94631	0.94631			6
2024.01.22	00:47:17.016	0.94630	0.94630			6
2024.01.22	00:47:20.435	0.94631	0.94631			6
2024.01.22	00:47:24.064	0.94630	0.94630			6
2024.01.22	00:47:24.576	0.94631	0.94631			6
2024.01.22	00:47:28.695	0.94633	0.94633			6
2024.01.22	00:47:39.347	0.94631	0.94631			6
2024.01.22	00:47:39.735	0.94630	0.94630			6
2024.01.22	00:47:40.037	0.94631	0.94631			6
2024.01.22	00:47:46.392	0.94634	0.94634			6
2024.01.22	00:47:50.786	0.94631	0.94631			6
2024.01.22	00:47:50.846	0.94629	0.94629			6
2024.01.22	00:47:50.876	0.94626	0.94626			6
2024.01.22	00:47:50.968	0.94629	0.94629			6
2024.01.22	00:47:50.998	0.94632	0.94632			6
2024.01.22	00:47:53.819	0.94629	0.94629			6
2024.01.22	00:48:00.753	0.94632	0.94632			6
2024.01.22	00:48:00.782	0.94635	0.94635			6
2024.01.22	00:48:02.456	0.94632	0.94632			6
2024.01.22	00:48:02.553	0.94629	0.94629			6
2024.01.22	00:48:02.614	0.94632	0.94632			6
2024.01.22	00:48:03.182	0.94634	0.94634			6
2024.01.22	00:48:04.136	0.94631	0.94631			6
2024.01.22	00:48:05.106	0.94630	0.94630			6
2024.01.22	00:48:05.377	0.94625	0.94625			6
2024.01.22	00:48:05.699	0.94632	0.94632			6
2024.01.22	00:48:05.876	0.94629	0.94629			6
2024.01.22	00:48:05.937	0.94630	0.94630			6
2024.01.22	00:48:06.134	0.94634	0.94634			6
2024.01.22	00:48:06.224	0.94632	0.94632			6
2024.01.22	00:48:07.318	0.94630	0.94630			6
2024.01.22	00:48:07.347	0.94616	0.94616			6
2024.01.22	00:48:07.417	0.94613	0.94613			6
2024.01.22	00:48:07.769	0.94618	0.94618			6
2024.01.22	00:48:10.055	0.94619	0.94619			6
2024.01.22	00:48:11.880	0.94616	0.94616			6
2024.01.22	00:48:12.215	0.94607	0.94607			6
2024.01.22	00:48:12.773	0.94616	0.94616			6
2024.01.22	00:48:12.841	0.94618	0.94618			6
2024.01.22	00:48:12.871	0.94620	0.94620			6
2024.01.22	00:48:12.901	0.94622	0.94622			6
2024.01.22	00:48:13.052	0.94621	0.94621			6
2024.01.22	00:48:13.150	0.94625	0.94625			6
2024.01.22	00:48:13.210	0.94622	0.94622			6
2024.01.22	00:48:13.717	0.94620	0.94620			6
2024.01.22	00:48:14.437	0.94621	0.94621			6
2024.01.22	00:48:14.825	0.94618	0.94618			6
2024.01.22	00:48:15.126	0.94614	0.94614			6
2024.01.22	00:48:16.005	0.94618	0.94618			6
2024.01.22	00:48:16.356	0.94614	0.94614			6
2024.01.22	00:48:16.566	0.94618	0.94618			6
2024.01.22	00:48:16.635	0.94624	0.94624			6
2024.01.22	00:48:16.726	0.94631	0.94631			6
2024.01.22	00:48:16.757	0.94633	0.94633			6
2024.01.22	00:48:16.786	0.94631	0.94631			6
2024.01.22	00:48:17.002	0.94636	0.94636			6
2024.01.22	00:48:17.267	0.94631	0.94631			6
2024.01.22	00:48:17.328	0.94628	0.94628			6
2024.01.22	00:48:17.546	0.94630	0.94630			6
2024.01.22	00:48:17.637	0.94627	0.94627			6
2024.01.22	00:48:17.728	0.94630	0.94630			6
2024.01.22	00:48:17.818	0.94634	0.94634			6
2024.01.22	00:48:17.848	0.94631	0.94631			6
2024.01.22	00:48:17.938	0.94636	0.94636			6
2024.01.22	00:48:17.967	0.94630	0.94630			6
2024.01.22	00:48:18.417	0.94633	0.94633			6
2024.01.22	00:48:18.447	0.94631	0.94631			6
2024.01.22	00:48:18.628	0.94633	0.94633			6
2024.01.22	00:48:18.659	0.94631	0.94631			6
2024.01.22	00:48:18.821	0.94635	0.94635			6
2024.01.22	00:48:18.880	0.94633	0.94633			6
2024.01.22	00:48:18.911	0.94630	0.94630			6
2024.01.22	00:48:18.941	0.94625	0.94625			6
2024.01.22	00:48:18.972	0.94632	0.94632			6
2024.01.22	00:48:19.195	0.94639	0.94639			6
2024.01.22	00:48:19.255	0.94641	0.94641			6
2024.01.22	00:48:19.772	0.94643	0.94643			6
2024.01.22	00:48:19.885	0.94645	0.94645			6
2024.01.22	00:48:19.916	0.94648	0.94648			6
2024.01.22	00:48:20.036	0.94651	0.94651			6
2024.01.22	00:48:20.066	0.94648	0.94648			6
2024.01.22	00:48:20.216	0.94647	0.94647			6
2024.01.22	00:48:20.246	0.94645	0.94645			6
2024.01.22	00:48:20.828	0.94644	0.94644			6
2024.01.22	00:48:20.888	0.94639	0.94639			6
2024.01.22	00:48:21.097	0.94636	0.94636			6
2024.01.22	00:48:21.158	0.94639	0.94639			6
2024.01.22	00:48:21.187	0.94636	0.94636			6
2024.01.22	00:48:21.218	0.94639	0.94639			6
2024.01.22	00:48:21.307	0.94637	0.94637			6
2024.01.22	00:48:21.397	0.94640	0.94640			6
2024.01.22	00:48:26.057	0.94642	0.94642			6
2024.01.22	00:48:26.285	0.94639	0.94639			6
2024.01.22	00:48:28.905	0.94642	0.94642			6
2024.01.22	00:48:29.237	0.94639	0.94639			6
2024.01.22	00:48:31.017	0.94636	0.94636			6
2024.01.22	00:48:31.047	0.94638	0.94638			6
2024.01.22	00:48:31.077	0.94635	0.94635			6
2024.01.22	00:48:31.107	0.94640	0.94640			6
2024.01.22	00:48:31.685	0.94633	0.94633			6
2024.01.22	00:48:31.973	0.94631	0.94631			6
2024.01.22	00:48:32.042	0.94630	0.94630			6
2024.01.22	00:48:32.071	0.94639	0.94639			6
2024.01.22	00:48:32.133	0.94635	0.94635			6
2024.01.22	00:48:32.468	0.94613	0.94613			6
2024.01.22	00:48:32.618	0.94627	0.94627			6
2024.01.22	00:48:32.648	0.94624	0.94624			6
2024.01.22	00:48:32.678	0.94613	0.94613			6
2024.01.22	00:48:32.847	0.94625	0.94625			6
2024.01.22	00:48:33.145	0.94612	0.94612			6
2024.01.22	00:48:34.543	0.94627	0.94627			6
2024.01.22	00:48:35.006	0.94628	0.94628			6
2024.01.22	00:48:35.565	0.94629	0.94629			6
2024.01.22	00:48:35.625	0.94630	0.94630			6
2024.01.22	00:48:35.655	0.94635	0.94635			6
2024.01.22	00:48:35.716	0.94629	0.94629			6
2024.01.22	00:48:35.806	0.94635	0.94635			6
2024.01.22	00:48:35.895	0.94632	0.94632			6
2024.01.22	00:48:36.206	0.94630	0.94630			6
2024.01.22	00:48:37.373	0.94632	0.94632			6
2024.01.22	00:48:37.441	0.94635	0.94635			6
2024.01.22	00:48:37.854	0.94633	0.94633			6
2024.01.22	00:48:38.073	0.94630	0.94630			6
2024.01.22	00:48:38.474	0.94614	0.94614			6
2024.01.22	00:48:38.534	0.94607	0.94607			6
2024.01.22	00:48:38.564	0.94600	0.94600			6
2024.01.22	00:48:38.904	0.94601	0.94601			6
2024.01.22	00:48:38.935	0.94606	0.94606			6
2024.01.22	00:48:38.964	0.94610	0.94610			6
2024.01.22	00:48:41.796	0.94607	0.94607			6
2024.01.22	00:48:41.946	0.94598	0.94598			6
2024.01.22	00:48:41.976	0.94596	0.94596			6
2024.01.22	00:48:42.312	0.94595	0.94595			6
2024.01.22	00:48:43.596	0.94596	0.94596			6
2024.01.22	00:48:44.066	0.94595	0.94595			6
2024.01.22	00:48:44.776	0.94585	0.94585			6
2024.01.22	00:48:45.165	0.94595	0.94595			6
2024.01.22	00:48:46.127	0.94594	0.94594			6
2024.01.22	00:48:46.636	0.94593	0.94593			6
2024.01.22	00:48:48.766	0.94599	0.94599			6
2024.01.22	00:48:49.867	0.94609	0.94609			6
2024.01.22	00:48:49.897	0.94616	0.94616			6
2024.01.22	00:48:49.927	0.94624	0.94624			6
2024.01.22	00:48:49.956	0.94628	0.94628			6
2024.01.22	00:48:50.138	0.94642	0.94642			6
2024.01.22	00:48:50.168	0.94637	0.94637			6
2024.01.22	00:48:50.536	0.94635	0.94635			6
2024.01.22	00:48:50.597	0.94640	0.94640			6
2024.01.22	00:48:50.625	0.94643	0.94643			6
2024.01.22	00:48:50.656	0.94637	0.94637			6
2024.01.22	00:48:50.685	0.94638	0.94638			6
2024.01.22	00:48:50.807	0.94642	0.94642			6
2024.01.22	00:48:50.837	0.94653	0.94653			6
2024.01.22	00:48:50.867	0.94647	0.94647			6
2024.01.22	00:48:50.897	0.94651	0.94651			6
2024.01.22	00:48:50.955	0.94645	0.94645			6
2024.01.22	00:48:50.986	0.94636	0.94636			6
2024.01.22	00:48:51.045	0.94639	0.94639			6
2024.01.22	00:48:51.475	0.94645	0.94645			6
2024.01.22	00:48:51.536	0.94642	0.94642			6
2024.01.22	00:48:51.565	0.94632	0.94632			6
2024.01.22	00:48:51.595	0.94637	0.94637			6
2024.01.22	00:48:51.888	0.94640	0.94640			6
2024.01.22	00:48:52.037	0.94637	0.94637			6
2024.01.22	00:48:52.897	0.94640	0.94640			6
2024.01.22	00:48:52.966	0.94632	0.94632			6
2024.01.22	00:48:52.997	0.94631	0.94631			6
2024.01.22	00:48:53.027	0.94640	0.94640			6
2024.01.22	00:48:53.058	0.94634	0.94634			6
2024.01.22	00:48:53.088	0.94631	0.94631			6
2024.01.22	00:48:53.937	0.94633	0.94633			6
2024.01.22	00:48:53.967	0.94632	0.94632			6
2024.01.22	00:48:53.997	0.94635	0.94635			6
2024.01.22	00:48:54.027	0.94631	0.94631			6
2024.01.22	00:48:54.125	0.94632	0.94632			6
2024.01.22	00:48:54.155	0.94634	0.94634			6
2024.01.22	00:48:54.308	0.94633	0.94633			6
2024.01.22	00:48:54.522	0.94634	0.94634			6
2024.01.22	00:48:54.613	0.94630	0.94630			6
2024.01.22	00:48:54.643	0.94629	0.94629			6
2024.01.22	00:48:55.376	0.94631	0.94631			6
2024.01.22	00:48:55.466	0.94627	0.94627			6
2024.01.22	00:48:56.107	0.94624	0.94624			6
2024.01.22	00:48:56.137	0.94628	0.94628			6
2024.01.22	00:48:59.128	0.94624	0.94624			6
2024.01.22	00:48:59.188	0.94615	0.94615			6
2024.01.22	00:48:59.218	0.94612	0.94612			6
2024.01.22	00:48:59.277	0.94598	0.94598			6
2024.01.22	00:48:59.459	0.94593	0.94593			6
2024.01.22	00:48:59.548	0.94598	0.94598			6
2024.01.22	00:48:59.578	0.94593	0.94593			6
2024.01.22	00:48:59.669	0.94599	0.94599			6
2024.01.22	00:48:59.700	0.94593	0.94593			6
2024.01.22	00:48:59.729	0.94594	0.94594			6
2024.01.22	00:48:59.820	0.94601	0.94601			6
2024.01.22	00:48:59.850	0.94595	0.94595			6
2024.01.22	00:48:59.976	0.94594	0.94594			6
2024.01.22	00:49:00.007	0.94596	0.94596			6
2024.01.22	00:49:00.037	0.94608	0.94608			6
2024.01.22	00:49:00.691	0.94605	0.94605			6
2024.01.22	00:49:00.824	0.94607	0.94607			6
2024.01.22	00:49:03.096	0.94610	0.94610			6
2024.01.22	00:49:05.106	0.94606	0.94606			6
2024.01.22	00:49:05.445	0.94618	0.94618			6
2024.01.22	00:49:05.624	0.94621	0.94621			6
2024.01.22	00:49:05.715	0.94618	0.94618			6
2024.01.22	00:49:06.166	0.94614	0.94614			6
2024.01.22	00:49:06.436	0.94618	0.94618			6
2024.01.22	00:49:06.598	0.94623	0.94623			6
2024.01.22	00:49:06.764	0.94626	0.94626			6
2024.01.22	00:49:08.262	0.94630	0.94630			6
2024.01.22	00:49:08.352	0.94628	0.94628			6
2024.01.22	00:49:08.381	0.94631	0.94631			6
2024.01.22	00:49:08.413	0.94634	0.94634			6
2024.01.22	00:49:08.442	0.94631	0.94631			6
2024.01.22	00:49:08.562	0.94630	0.94630			6
2024.01.22	00:49:08.592	0.94634	0.94634			6
2024.01.22	00:49:08.697	0.94637	0.94637			6
2024.01.22	00:49:08.726	0.94641	0.94641			6
2024.01.22	00:49:08.756	0.94643	0.94643			6
2024.01.22	00:49:08.787	0.94637	0.94637			6
2024.01.22	00:49:08.820	0.94636	0.94636			6
2024.01.22	00:49:08.879	0.94635	0.94635			6
2024.01.22	00:49:08.938	0.94640	0.94640			6
2024.01.22	00:49:09.348	0.94648	0.94648			6
2024.01.22	00:49:09.378	0.94645	0.94645			6
2024.01.22	00:49:09.783	0.94646	0.94646			6
2024.01.22	00:49:09.815	0.94641	0.94641			6
2024.01.22	00:49:09.844	0.94644	0.94644			6
2024.01.22	00:49:09.904	0.94640	0.94640			6
2024.01.22	00:49:09.935	0.94644	0.94644			6
2024.01.22	00:49:09.995	0.94646	0.94646			6
2024.01.22	00:49:10.024	0.94647	0.94647			6
2024.01.22	00:49:10.054	0.94641	0.94641			6
2024.01.22	00:49:10.084	0.94640	0.94640			6
2024.01.22	00:49:10.145	0.94642	0.94642			6
2024.01.22	00:49:10.175	0.94643	0.94643			6
2024.01.22	00:49:10.205	0.94639	0.94639			6
2024.01.22	00:49:10.516	0.94643	0.94643			6
2024.01.22	00:49:10.576	0.94646	0.94646			6
2024.01.22	00:49:10.606	0.94639	0.94639			6
2024.01.22	00:49:10.715	0.94646	0.94646			6
2024.01.22	00:49:10.744	0.94641	0.94641			6
2024.01.22	00:49:10.805	0.94640	0.94640			6
2024.01.22	00:49:10.835	0.94643	0.94643			6
2024.01.22	00:49:10.865	0.94637	0.94637			6
2024.01.22	00:49:11.238	0.94641	0.94641			6
2024.01.22	00:49:11.357	0.94638	0.94638			6
2024.01.22	00:49:11.388	0.94636	0.94636			6
2024.01.22	00:49:11.449	0.94638	0.94638			6
2024.01.22	00:49:11.478	0.94635	0.94635			6
2024.01.22	00:49:11.538	0.94642	0.94642			6
2024.01.22	00:49:11.568	0.94653	0.94653			6
2024.01.22	00:49:11.597	0.94661	0.94661			6
2024.01.22	00:49:11.748	0.94654	0.94654			6
2024.01.22	00:49:11.779	0.94655	0.94655			6
2024.01.22	00:49:11.810	0.94650	0.94650			6
2024.01.22	00:49:11.840	0.94640	0.94640			6
2024.01.22	00:49:11.870	0.94635	0.94635			6
2024.01.22	00:49:11.900	0.94632	0.94632			6
2024.01.22	00:49:11.960	0.94630	0.94630			6
2024.01.22	00:49:12.172	0.94626	0.94626			6
2024.01.22	00:49:12.618	0.94623	0.94623			6
2024.01.22	00:49:12.708	0.94626	0.94626			6
2024.01.22	00:49:12.834	0.94629	0.94629			6
2024.01.22	00:49:12.918	0.94626	0.94626			6
2024.01.22	00:49:13.323	0.94625	0.94625			6
2024.01.22	00:49:13.382	0.94628	0.94628			6
2024.01.22	00:49:13.865	0.94625	0.94625			6
2024.01.22	00:49:14.246	0.94577	0.94577			6
2024.01.22	00:49:14.276	0.94582	0.94582			6
2024.01.22	00:49:14.861	0.94619	0.94619			6
2024.01.22	00:49:15.426	0.94615	0.94615			6
2024.01.22	00:49:15.816	0.94613	0.94613			6
2024.01.22	00:49:15.976	0.94619	0.94619			6
2024.01.22	00:49:16.187	0.94618	0.94618			6
2024.01.22	00:49:19.176	0.94616	0.94616			6
2024.01.22	00:49:19.286	0.94617	0.94617			6
2024.01.22	00:49:20.695	0.94616	0.94616			6
2024.01.22	00:49:24.155	0.94619	0.94619			6
2024.01.22	00:49:24.279	0.94624	0.94624			6
2024.01.22	00:49:24.399	0.94620	0.94620			6
2024.01.22	00:49:24.463	0.94622	0.94622			6
2024.01.22	00:49:25.055	0.94601	0.94601			6
2024.01.22	00:49:28.521	0.94596	0.94596			6
2024.01.22	00:49:28.963	0.94595	0.94595			6
2024.01.22	00:49:29.245	0.94598	0.94598			6
2024.01.22	00:49:29.486	0.94600	0.94600			6
2024.01.22	00:49:30.175	0.94598	0.94598			6
2024.01.22	00:49:30.534	0.94594	0.94594			6
2024.01.22	00:49:30.936	0.94595	0.94595			6
2024.01.22	00:49:31.770	0.94596	0.94596			6
2024.01.22	00:49:32.233	0.94597	0.94597			6
2024.01.22	00:49:32.426	0.94608	0.94608			6
2024.01.22	00:49:32.487	0.94615	0.94615			6
2024.01.22	00:49:32.518	0.94618	0.94618			6
2024.01.22	00:49:32.547	0.94620	0.94620			6
2024.01.22	00:49:32.642	0.94623	0.94623			6
2024.01.22	00:49:32.732	0.94633	0.94633			6
2024.01.22	00:49:33.108	0.94634	0.94634			6
2024.01.22	00:49:33.475	0.94635	0.94635			6
2024.01.22	00:49:33.913	0.94648	0.94648			6
2024.01.22	00:49:34.566	0.94634	0.94634			6
2024.01.22	00:49:34.786	0.94635	0.94635			6
2024.01.22	00:49:34.846	0.94636	0.94636			6
2024.01.22	00:49:34.875	0.94634	0.94634			6
2024.01.22	00:49:34.905	0.94638	0.94638			6
2024.01.22	00:49:34.965	0.94641	0.94641			6
2024.01.22	00:49:34.995	0.94650	0.94650			6
2024.01.22	00:49:35.024	0.94641	0.94641			6
2024.01.22	00:49:35.205	0.94644	0.94644			6
2024.01.22	00:49:35.265	0.94646	0.94646			6
2024.01.22	00:49:35.355	0.94654	0.94654			6
2024.01.22	00:49:35.386	0.94645	0.94645			6
2024.01.22	00:49:35.445	0.94644	0.94644			6
2024.01.22	00:49:35.607	0.94646	0.94646			6
2024.01.22	00:49:36.036	0.94641	0.94641			6
2024.01.22	00:49:36.066	0.94645	0.94645			6
2024.01.22	00:49:36.126	0.94643	0.94643			6
2024.01.22	00:49:36.338	0.94646	0.94646			6
2024.01.22	00:49:36.487	0.94654	0.94654			6
2024.01.22	00:49:36.607	0.94649	0.94649			6
2024.01.22	00:49:36.638	0.94653	0.94653			6
2024.01.22	00:49:37.137	0.94643	0.94643			6
2024.01.22	00:49:37.197	0.94636	0.94636			6
2024.01.22	00:49:37.511	0.94645	0.94645			6
2024.01.22	00:49:37.805	0.94642	0.94642			6
2024.01.22	00:49:38.051	0.94644	0.94644			6
2024.01.22	00:49:38.112	0.94643	0.94643			6
2024.01.22	00:49:38.180	0.94638	0.94638			6
2024.01.22	00:49:38.210	0.94642	0.94642			6
2024.01.22	00:49:38.415	0.94640	0.94640			6
2024.01.22	00:49:38.445	0.94644	0.94644			6
2024.01.22	00:49:38.967	0.94642	0.94642			6
2024.01.22	00:49:39.026	0.94638	0.94638			6
2024.01.22	00:49:39.086	0.94652	0.94652			6
2024.01.22	00:49:39.117	0.94642	0.94642			6
2024.01.22	00:49:39.207	0.94652	0.94652			6
2024.01.22	00:49:39.237	0.94644	0.94644			6
2024.01.22	00:49:39.298	0.94652	0.94652			6
2024.01.22	00:49:39.568	0.94640	0.94640			6
2024.01.22	00:49:39.630	0.94644	0.94644			6
2024.01.22	00:49:39.659	0.94640	0.94640			6
2024.01.22	00:49:39.689	0.94642	0.94642			6
2024.01.22	00:49:39.779	0.94643	0.94643			6
2024.01.22	00:49:39.899	0.94640	0.94640			6
2024.01.22	00:49:39.929	0.94642	0.94642			6
2024.01.22	00:49:40.081	0.94644	0.94644			6
2024.01.22	00:49:40.140	0.94636	0.94636			6
2024.01.22	00:49:40.351	0.94638	0.94638			6
2024.01.22	00:49:40.411	0.94637	0.94637			6
2024.01.22	00:49:40.564	0.94639	0.94639			6
2024.01.22	00:49:40.684	0.94649	0.94649			6
2024.01.22	00:49:40.775	0.94648	0.94648			6
2024.01.22	00:49:40.896	0.94644	0.94644			6
2024.01.22	00:49:41.367	0.94640	0.94640			6
2024.01.22	00:49:41.697	0.94639	0.94639			6
2024.01.22	00:49:41.727	0.94635	0.94635			6
2024.01.22	00:49:41.815	0.94637	0.94637			6
2024.01.22	00:49:42.096	0.94635	0.94635			6
2024.01.22	00:49:43.925	0.94633	0.94633			6
2024.01.22	00:49:45.266	0.94629	0.94629			6
2024.01.22	00:49:46.411	0.94626	0.94626			6
2024.01.22	00:49:46.440	0.94619	0.94619			6
2024.01.22	00:49:46.974	0.94612	0.94612			6
2024.01.22	00:49:47.064	0.94614	0.94614			6
2024.01.22	00:49:47.094	0.94617	0.94617			6
2024.01.22	00:49:47.433	0.94621	0.94621			6
2024.01.22	00:49:47.616	0.94623	0.94623			6
2024.01.22	00:49:47.676	0.94622	0.94622			6
2024.01.22	00:49:47.705	0.94621	0.94621			6
2024.01.22	00:49:47.917	0.94624	0.94624			6
2024.01.22	00:49:47.947	0.94626	0.94626			6
2024.01.22	00:49:48.154	0.94624	0.94624			6
2024.01.22	00:49:48.397	0.94627	0.94627			6
2024.01.22	00:49:48.427	0.94623	0.94623			6
2024.01.22	00:49:48.457	0.94627	0.94627			6
2024.01.22	00:49:48.517	0.94622	0.94622			6
2024.01.22	00:49:48.546	0.94630	0.94630			6
2024.01.22	00:49:48.928	0.94632	0.94632			6
2024.01.22	00:49:48.987	0.94634	0.94634			6
2024.01.22	00:49:49.049	0.94632	0.94632			6
2024.01.22	00:49:49.078	0.94635	0.94635			6
2024.01.22	00:49:49.138	0.94630	0.94630			6
2024.01.22	00:49:49.169	0.94633	0.94633			6
2024.01.22	00:49:49.419	0.94635	0.94635			6
2024.01.22	00:49:49.479	0.94633	0.94633			6
2024.01.22	00:49:49.569	0.94632	0.94632			6
2024.01.22	00:49:49.634	0.94635	0.94635			6
2024.01.22	00:49:49.663	0.94633	0.94633			6
2024.01.22	00:49:49.723	0.94626	0.94626			6
2024.01.22	00:49:49.753	0.94631	0.94631			6
2024.01.22	00:49:49.783	0.94633	0.94633			6
2024.01.22	00:49:49.903	0.94630	0.94630			6
2024.01.22	00:49:49.963	0.94627	0.94627			6
2024.01.22	00:49:50.053	0.94629	0.94629			6
2024.01.22	00:49:50.083	0.94627	0.94627			6
2024.01.22	00:49:51.155	0.94624	0.94624			6
2024.01.22	00:49:51.185	0.94627	0.94627			6
2024.01.22	00:49:51.486	0.94629	0.94629			6
2024.01.22	00:49:51.546	0.94632	0.94632			6
2024.01.22	00:49:51.576	0.94627	0.94627			6
2024.01.22	00:49:51.606	0.94623	0.94623			6
2024.01.22	00:49:51.635	0.94621	0.94621			6
2024.01.22	00:49:51.667	0.94627	0.94627			6
2024.01.22	00:49:52.477	0.94630	0.94630			6
2024.01.22	00:49:52.627	0.94626	0.94626			6
2024.01.22	00:49:52.994	0.94630	0.94630			6
2024.01.22	00:49:53.023	0.94627	0.94627			6
2024.01.22	00:49:53.267	0.94623	0.94623			6
2024.01.22	00:49:53.294	0.94618	0.94618			6
2024.01.22	00:49:53.355	0.94619	0.94619			6
2024.01.22	00:49:53.415	0.94621	0.94621			6
2024.01.22	00:49:53.481	0.94626	0.94626			6
2024.01.22	00:49:53.511	0.94630	0.94630			6
2024.01.22	00:49:53.541	0.94633	0.94633			6
2024.01.22	00:49:53.601	0.94635	0.94635			6
2024.01.22	00:49:54.571	0.94633	0.94633			6
2024.01.22	00:49:55.426	0.94635	0.94635			6
2024.01.22	00:49:56.891	0.94637	0.94637			6
2024.01.22	00:49:57.012	0.94604	0.94604			6
2024.01.22	00:49:57.042	0.94596	0.94596			6
2024.01.22	00:49:58.205	0.94639	0.94639			6
2024.01.22	00:49:59.035	0.94625	0.94625			6
2024.01.22	00:49:59.095	0.94622	0.94622			6
2024.01.22	00:49:59.125	0.94617	0.94617			6
2024.01.22	00:49:59.154	0.94620	0.94620			6
2024.01.22	00:49:59.185	0.94618	0.94618			6
2024.01.22	00:49:59.376	0.94608	0.94608			6
2024.01.22	00:49:59.407	0.94619	0.94619			6
2024.01.22	00:49:59.437	0.94621	0.94621			6
2024.01.22	00:49:59.467	0.94618	0.94618			6
2024.01.22	00:49:59.498	0.94621	0.94621			6
2024.01.22	00:49:59.527	0.94631	0.94631			6
2024.01.22	00:49:59.559	0.94626	0.94626			6
2024.01.22	00:49:59.588	0.94625	0.94625			6
2024.01.22	00:49:59.618	0.94615	0.94615			6
2024.01.22	00:49:59.662	0.94618	0.94618			6
2024.01.22	00:49:59.692	0.94623	0.94623			6
2024.01.22	00:49:59.722	0.94625	0.94625			6
2024.01.22	00:49:59.936	0.94619	0.94619			6
2024.01.22	00:49:59.996	0.94622	0.94622			6
2024.01.22	00:50:00.026	0.94626	0.94626			6
2024.01.22	00:50:00.146	0.94652	0.94652			6
2024.01.22	00:50:00.207	0.94647	0.94647			6
2024.01.22	00:50:00.597	0.94649	0.94649			6
2024.01.22	00:50:00.808	0.94650	0.94650			6
2024.01.22	00:50:00.868	0.94652	0.94652			6
2024.01.22	00:50:00.957	0.94655	0.94655			6
2024.01.22	00:50:00.988	0.94667	0.94667			6
2024.01.22	00:50:01.017	0.94658	0.94658			6
2024.01.22	00:50:01.048	0.94667	0.94667			6
2024.01.22	00:50:01.512	0.94666	0.94666			6
2024.01.22	00:50:01.572	0.94664	0.94664			6
2024.01.22	00:50:01.602	0.94661	0.94661			6
2024.01.22	00:50:01.633	0.94653	0.94653			6
2024.01.22	00:50:01.752	0.94649	0.94649			6
2024.01.22	00:50:02.026	0.94648	0.94648			6
2024.01.22	00:50:03.062	0.94645	0.94645			6
2024.01.22	00:50:03.091	0.94635	0.94635			6
2024.01.22	00:50:03.121	0.94634	0.94634			6
2024.01.22	00:50:03.151	0.94623	0.94623			6
2024.01.22	00:50:03.182	0.94614	0.94614			6
2024.01.22	00:50:03.464	0.94615	0.94615			6
2024.01.22	00:50:03.776	0.94613	0.94613			6
2024.01.22	00:50:04.236	0.94611	0.94611			6
2024.01.22	00:50:05.076	0.94614	0.94614			6
2024.01.22	00:50:05.136	0.94617	0.94617			6
2024.01.22	00:50:05.630	0.94616	0.94616			6
2024.01.22	00:50:06.066	0.94615	0.94615			6
2024.01.22	00:50:06.096	0.94616	0.94616			6
2024.01.22	00:50:06.337	0.94614	0.94614			6
2024.01.22	00:50:06.421	0.94612	0.94612			6
2024.01.22	00:50:06.451	0.94606	0.94606			6
2024.01.22	00:50:06.915	0.94609	0.94609			6
2024.01.22	00:50:06.981	0.94613	0.94613			6
2024.01.22	00:50:07.132	0.94615	0.94615			6
2024.01.22	00:50:08.067	0.94613	0.94613			6
2024.01.22	00:50:08.258	0.94606	0.94606			6
2024.01.22	00:50:08.357	0.94607	0.94607			6
2024.01.22	00:50:08.713	0.94606	0.94606			6
2024.01.22	00:50:09.277	0.94612	0.94612			6
2024.01.22	00:50:09.676	0.94610	0.94610			6
2024.01.22	00:50:09.766	0.94611	0.94611			6
2024.01.22	00:50:10.096	0.94610	0.94610			6
2024.01.22	00:50:10.545	0.94609	0.94609			6
2024.01.22	00:50:10.575	0.94607	0.94607			6
2024.01.22	00:50:10.705	0.94608	0.94608			6
2024.01.22	00:50:12.500	0.94610	0.94610			6
2024.01.22	00:50:14.573	0.94608	0.94608			6
2024.01.22	00:50:14.665	0.94599	0.94599			6
2024.01.22	00:50:15.117	0.94602	0.94602			6
2024.01.22	00:50:15.147	0.94610	0.94610			6
2024.01.22	00:50:16.020	0.94609	0.94609			6
2024.01.22	00:50:16.460	0.94608	0.94608			6
2024.01.22	00:50:16.677	0.94607	0.94607			6
2024.01.22	00:50:16.786	0.94596	0.94596			6
2024.01.22	00:50:16.981	0.94592	0.94592			6
2024.01.22	00:50:17.041	0.94591	0.94591			6
2024.01.22	00:50:17.300	0.94601	0.94601			6
2024.01.22	00:50:17.419	0.94605	0.94605			6
2024.01.22	00:50:17.600	0.94608	0.94608			6
2024.01.22	00:50:18.490	0.94609	0.94609			6
2024.01.22	00:50:21.176	0.94608	0.94608			6
2024.01.22	00:50:21.397	0.94610	0.94610			6
2024.01.22	00:50:24.223	0.94611	0.94611			6
2024.01.22	00:50:24.607	0.94610	0.94610			6
2024.01.22	00:50:25.356	0.94611	0.94611			6
2024.01.22	00:50:26.222	0.94612	0.94612			6
2024.01.22	00:50:26.582	0.94614	0.94614			6
2024.01.22	00:50:26.612	0.94615	0.94615			6
2024.01.22	00:50:26.642	0.94621	0.94621			6
2024.01.22	00:50:26.671	0.94624	0.94624			6
2024.01.22	00:50:26.701	0.94618	0.94618			6
2024.01.22	00:50:26.793	0.94629	0.94629			6
2024.01.22	00:50:26.882	0.94630	0.94630			6
2024.01.22	00:50:26.911	0.94629	0.94629			6
2024.01.22	00:50:27.097	0.94637	0.94637			6
2024.01.22	00:50:27.126	0.94630	0.94630			6
2024.01.22	00:50:27.418	0.94626	0.94626			6
2024.01.22	00:50:27.448	0.94623	0.94623			6
2024.01.22	00:50:27.478	0.94627	0.94627			6
2024.01.22	00:50:27.629	0.94629	0.94629			6
2024.01.22	00:50:27.688	0.94630	0.94630			6
2024.01.22	00:50:27.750	0.94625	0.94625			6
2024.01.22	00:50:27.779	0.94622	0.94622			6
2024.01.22	00:50:27.809	0.94626	0.94626			6
2024.01.22	00:50:27.839	0.94627	0.94627			6
2024.01.22	00:50:27.929	0.94630	0.94630			6
2024.01.22	00:50:27.959	0.94627	0.94627			6
2024.01.22	00:50:27.989	0.94626	0.94626			6
2024.01.22	00:50:28.020	0.94625	0.94625			6
2024.01.22	00:50:28.049	0.94627	0.94627			6
2024.01.22	00:50:28.206	0.94631	0.94631			6
2024.01.22	00:50:29.146	0.94630	0.94630			6
2024.01.22	00:50:29.206	0.94625	0.94625			6
2024.01.22	00:50:29.266	0.94626	0.94626			6
2024.01.22	00:50:29.357	0.94628	0.94628			6
2024.01.22	00:50:29.387	0.94625	0.94625			6
2024.01.22	00:50:29.417	0.94630	0.94630			6
2024.01.22	00:50:29.629	0.94629	0.94629			6
2024.01.22	00:50:30.204	0.94632	0.94632			6
2024.01.22	00:50:30.233	0.94630	0.94630			6
2024.01.22	00:50:30.383	0.94632	0.94632			6
2024.01.22	00:50:30.474	0.94629	0.94629			6
2024.01.22	00:50:30.734	0.94639	0.94639			6
2024.01.22	00:50:30.766	0.94637	0.94637			6
2024.01.22	00:50:30.796	0.94633	0.94633			6
2024.01.22	00:50:30.827	0.94639	0.94639			6
2024.01.22	00:50:31.662	0.94641	0.94641			6
2024.01.22	00:50:31.721	0.94640	0.94640			6
2024.01.22	00:50:32.708	0.94641	0.94641			6
2024.01.22	00:50:32.827	0.94640	0.94640			6
2024.01.22	00:50:34.813	0.94641	0.94641			6
2024.01.22	00:50:34.873	0.94644	0.94644			6
2024.01.22	00:50:35.796	0.94639	0.94639			6
2024.01.22	00:50:35.825	0.94632	0.94632			6
2024.01.22	00:50:35.975	0.94627	0.94627			6
2024.01.22	00:50:36.036	0.94631	0.94631			6
2024.01.22	00:50:36.066	0.94639	0.94639			6
2024.01.22	00:50:36.097	0.94643	0.94643			6
2024.01.22	00:50:36.126	0.94644	0.94644			6
2024.01.22	00:50:36.155	0.94643	0.94643			6
2024.01.22	00:50:36.186	0.94645	0.94645			6
2024.01.22	00:50:36.216	0.94644	0.94644			6
2024.01.22	00:50:36.325	0.94641	0.94641			6
2024.01.22	00:50:36.675	0.94642	0.94642			6
2024.01.22	00:50:36.704	0.94645	0.94645			6
2024.01.22	00:50:36.734	0.94646	0.94646			6
2024.01.22	00:50:36.765	0.94642	0.94642			6
2024.01.22	00:50:36.796	0.94640	0.94640			6
2024.01.22	00:50:36.825	0.94644	0.94644			6
2024.01.22	00:50:36.855	0.94642	0.94642			6
2024.01.22	00:50:36.886	0.94636	0.94636			6
2024.01.22	00:50:36.915	0.94638	0.94638			6
2024.01.22	00:50:36.944	0.94630	0.94630			6
2024.01.22	00:50:36.975	0.94629	0.94629			6
2024.01.22	00:50:37.004	0.94638	0.94638			6
2024.01.22	00:50:37.034	0.94641	0.94641			6
2024.01.22	00:50:37.064	0.94638	0.94638			6
2024.01.22	00:50:37.094	0.94641	0.94641			6
2024.01.22	00:50:37.186	0.94638	0.94638			6
2024.01.22	00:50:37.498	0.94639	0.94639			6
2024.01.22	00:50:37.596	0.94641	0.94641			6
2024.01.22	00:50:37.657	0.94639	0.94639			6
2024.01.22	00:50:37.746	0.94641	0.94641			6
2024.01.22	00:50:37.806	0.94635	0.94635			6
2024.01.22	00:50:37.836	0.94639	0.94639			6
2024.01.22	00:50:37.866	0.94637	0.94637			6
2024.01.22	00:50:37.956	0.94636	0.94636			6
2024.01.22	00:50:38.136	0.94638	0.94638			6
2024.01.22	00:50:38.166	0.94636	0.94636			6
2024.01.22	00:50:38.286	0.94638	0.94638			6
2024.01.22	00:50:38.436	0.94630	0.94630			6
2024.01.22	00:50:38.466	0.94635	0.94635			6
2024.01.22	00:50:38.526	0.94633	0.94633			6
2024.01.22	00:50:38.555	0.94631	0.94631			6
2024.01.22	00:50:38.585	0.94635	0.94635			6
2024.01.22	00:50:38.715	0.94638	0.94638			6
2024.01.22	00:50:38.835	0.94636	0.94636			6
2024.01.22	00:50:38.865	0.94634	0.94634			6
2024.01.22	00:50:38.895	0.94625	0.94625			6
2024.01.22	00:50:39.040	0.94636	0.94636			6
2024.01.22	00:50:39.131	0.94639	0.94639			6
2024.01.22	00:50:39.161	0.94636	0.94636			6
2024.01.22	00:50:39.976	0.94629	0.94629			6
2024.01.22	00:50:40.005	0.94626	0.94626			6
2024.01.22	00:50:40.035	0.94629	0.94629			6
2024.01.22	00:50:40.065	0.94638	0.94638			6
2024.01.22	00:50:40.095	0.94637	0.94637			6
2024.01.22	00:50:40.126	0.94641	0.94641			6
2024.01.22	00:50:40.188	0.94637	0.94637			6
2024.01.22	00:50:40.247	0.94640	0.94640			6
2024.01.22	00:50:40.277	0.94644	0.94644			6
2024.01.22	00:50:40.307	0.94640	0.94640			6
2024.01.22	00:50:40.376	0.94645	0.94645			6
2024.01.22	00:50:40.468	0.94643	0.94643			6
2024.01.22	00:50:40.498	0.94641	0.94641			6
2024.01.22	00:50:40.618	0.94639	0.94639			6
2024.01.22	00:50:40.678	0.94643	0.94643			6
2024.01.22	00:50:40.708	0.94645	0.94645			6
2024.01.22	00:50:40.768	0.94641	0.94641			6
2024.01.22	00:50:40.896	0.94642	0.94642			6
