<DATE>	<TIME>	<BID>	<ASK>	<LAST>	<VOLUME>	<FLAGS>
2024.02.26	00:00:03.112	0.95345	0.95345			6
2024.02.26	00:00:44.385	0.95330	0.95330			6
2024.02.26	00:02:33.661	0.95329	0.95329			6
2024.02.26	00:02:40.034	0.95330	0.95330			6
2024.02.26	00:02:40.065	0.95329	0.95329			6
2024.02.26	00:02:41.930	0.95330	0.95330			6
2024.02.26	00:02:49.407	0.95329	0.95329			6
2024.02.26	00:03:59.367	0.95323	0.95323			6
2024.02.26	00:04:49.509	0.95320	0.95320			6
2024.02.26	00:04:50.262	0.95323	0.95323			6
2024.02.26	00:05:00.486	0.95320	0.95320			6
2024.02.26	00:05:01.088	0.95317	0.95317			6
2024.02.26	00:05:03.120	0.95304	0.95304			6
2024.02.26	00:05:03.463	0.95317	0.95317			6
2024.02.26	00:05:05.972	0.95316	0.95316			6
2024.02.26	00:05:28.990	0.95311	0.95311			6
2024.02.26	00:05:29.964	0.95307	0.95307			6
2024.02.26	00:05:30.467	0.95309	0.95309			6
2024.02.26	00:05:44.931	0.95303	0.95303			6
2024.02.26	00:05:57.947	0.95301	0.95301			6
2024.02.26	00:05:59.563	0.95300	0.95300			6
2024.02.26	00:06:03.513	0.95302	0.95302			6
2024.02.26	00:06:06.310	0.95316	0.95316			6
2024.02.26	00:06:06.787	0.95314	0.95314			6
2024.02.26	00:06:07.256	0.95312	0.95312			6
2024.02.26	00:06:07.546	0.95304	0.95304			6
2024.02.26	00:06:08.803	0.95313	0.95313			6
2024.02.26	00:06:11.024	0.95308	0.95308			6
2024.02.26	00:06:12.578	0.95307	0.95307			6
2024.02.26	00:06:18.340	0.95309	0.95309			6
2024.02.26	00:06:26.803	0.95275	0.95275			6
2024.02.26	00:06:28.516	0.95267	0.95267			6
2024.02.26	00:06:31.463	0.95278	0.95278			6
2024.02.26	00:06:31.818	0.95270	0.95270			6
2024.02.26	00:06:32.807	0.95268	0.95268			6
2024.02.26	00:06:41.826	0.95294	0.95294			6
2024.02.26	00:06:58.890	0.95299	0.95299			6
2024.02.26	00:07:01.857	0.95296	0.95296			6
2024.02.26	00:07:01.887	0.95291	0.95291			6
2024.02.26	00:07:02.245	0.95290	0.95290			6
2024.02.26	00:07:48.865	0.95283	0.95283			6
2024.02.26	00:08:11.981	0.95282	0.95282			6
2024.02.26	00:08:14.929	0.95279	0.95279			6
2024.02.26	00:08:41.534	0.95282	0.95282			6
2024.02.26	00:08:51.146	0.95279	0.95279			6
2024.02.26	00:08:55.205	0.95282	0.95282			6
2024.02.26	00:09:01.073	0.95279	0.95279			6
2024.02.26	00:09:05.459	0.95282	0.95282			6
2024.02.26	00:10:30.731	0.95301	0.95301			6
2024.02.26	00:10:43.096	0.95300	0.95300			6
2024.02.26	00:10:47.803	0.95299	0.95299			6
2024.02.26	00:10:53.613	0.95297	0.95297			6
2024.02.26	00:10:55.195	0.95305	0.95305			6
2024.02.26	00:11:09.361	0.95304	0.95304			6
2024.02.26	00:11:20.159	0.95303	0.95303			6
2024.02.26	00:11:23.506	0.95304	0.95304			6
2024.02.26	00:11:28.365	0.95303	0.95303			6
2024.02.26	00:11:28.887	0.95304	0.95304			6
2024.02.26	00:11:39.510	0.95303	0.95303			6
2024.02.26	00:11:48.751	0.95305	0.95305			6
2024.02.26	00:11:48.781	0.95306	0.95306			6
2024.02.26	00:11:48.825	0.95305	0.95305			6
2024.02.26	00:11:48.855	0.95303	0.95303			6
2024.02.26	00:11:54.701	0.95304	0.95304			6
2024.02.26	00:12:01.394	0.95309	0.95309			6
2024.02.26	00:12:01.424	0.95312	0.95312			6
2024.02.26	00:12:18.413	0.95305	0.95305			6
2024.02.26	00:12:19.732	0.95304	0.95304			6
2024.02.26	00:12:19.763	0.95303	0.95303			6
2024.02.26	00:12:44.043	0.95302	0.95302			6
2024.02.26	00:13:17.702	0.95304	0.95304			6
2024.02.26	00:13:20.530	0.95305	0.95305			6
2024.02.26	00:13:26.501	0.95304	0.95304			6
2024.02.26	00:13:48.531	0.95303	0.95303			6
2024.02.26	00:14:00.947	0.95304	0.95304			6
2024.02.26	00:14:01.128	0.95300	0.95300			6
2024.02.26	00:14:02.891	0.95301	0.95301			6
2024.02.26	00:14:31.332	0.95293	0.95293			6
2024.02.26	00:14:35.964	0.95298	0.95298			6
2024.02.26	00:14:35.993	0.95293	0.95293			6
2024.02.26	00:14:44.467	0.95291	0.95291			6
2024.02.26	00:14:47.607	0.95292	0.95292			6
2024.02.26	00:14:59.594	0.95293	0.95293			6
2024.02.26	00:15:04.341	0.95292	0.95292			6
2024.02.26	00:15:34.509	0.95291	0.95291			6
2024.02.26	00:15:38.701	0.95290	0.95290			6
2024.02.26	00:15:58.079	0.95300	0.95300			6
2024.02.26	00:16:02.458	0.95301	0.95301			6
2024.02.26	00:16:19.510	0.95300	0.95300			6
2024.02.26	00:16:45.395	0.95299	0.95299			6
2024.02.26	00:17:33.781	0.95302	0.95302			6
2024.02.26	00:17:33.812	0.95304	0.95304			6
2024.02.26	00:17:33.871	0.95302	0.95302			6
2024.02.26	00:17:33.903	0.95299	0.95299			6
2024.02.26	00:18:31.216	0.95311	0.95311			6
2024.02.26	00:19:05.313	0.95305	0.95305			6
2024.02.26	00:19:06.542	0.95303	0.95303			6
2024.02.26	00:19:07.731	0.95311	0.95311			6
2024.02.26	00:19:10.884	0.95308	0.95308			6
2024.02.26	00:19:11.921	0.95306	0.95306			6
2024.02.26	00:19:24.815	0.95307	0.95307			6
2024.02.26	00:19:27.534	0.95306	0.95306			6
2024.02.26	00:20:02.082	0.95306				2
2024.02.26	00:20:19.621	0.95331	0.95331			6
2024.02.26	00:21:03.075	0.95332	0.95332			6
2024.02.26	00:21:05.387	0.95331	0.95331			6
2024.02.26	00:21:14.286	0.95332	0.95332			6
2024.02.26	00:21:15.874	0.95333	0.95333			6
2024.02.26	00:21:19.809	0.95332	0.95332			6
2024.02.26	00:21:20.261	0.95331	0.95331			6
2024.02.26	00:22:15.269	0.95334	0.95334			6
2024.02.26	00:22:15.299	0.95340	0.95340			6
2024.02.26	00:22:19.295	0.95342	0.95342			6
2024.02.26	00:22:19.631	0.95343	0.95343			6
2024.02.26	00:22:20.924	0.95342	0.95342			6
2024.02.26	00:22:20.954	0.95331	0.95331			6
2024.02.26	00:22:20.984	0.95339	0.95339			6
2024.02.26	00:22:21.014	0.95331	0.95331			6
2024.02.26	00:22:21.044	0.95339	0.95339			6
2024.02.26	00:22:21.074	0.95331	0.95331			6
2024.02.26	00:22:22.451	0.95340	0.95340			6
2024.02.26	00:22:22.512	0.95331	0.95331			6
2024.02.26	00:22:22.542	0.95340	0.95340			6
2024.02.26	00:22:22.678	0.95331	0.95331			6
2024.02.26	00:22:22.745	0.95333	0.95333			6
2024.02.26	00:22:24.158	0.95334	0.95334			6
2024.02.26	00:22:24.425	0.95343	0.95343			6
2024.02.26	00:22:24.455	0.95331	0.95331			6
2024.02.26	00:22:24.515	0.95334	0.95334			6
2024.02.26	00:22:26.322	0.95333	0.95333			6
2024.02.26	00:22:27.102	0.95331	0.95331			6
2024.02.26	00:22:41.508	0.95332	0.95332			6
2024.02.26	00:22:41.538	0.95331	0.95331			6
2024.02.26	00:22:42.751	0.95332	0.95332			6
2024.02.26	00:22:42.780	0.95331	0.95331			6
2024.02.26	00:22:42.820	0.95332	0.95332			6
2024.02.26	00:22:42.851	0.95331	0.95331			6
2024.02.26	00:26:14.914	0.95329	0.95329			6
2024.02.26	00:26:15.602	0.95331	0.95331			6
2024.02.26	00:31:38.611	0.95329	0.95329			6
2024.02.26	00:31:38.661	0.95331	0.95331			6
2024.02.26	00:31:38.720	0.95329	0.95329			6
2024.02.26	00:31:38.868	0.95331	0.95331			6
2024.02.26	00:31:38.933	0.95329	0.95329			6
2024.02.26	00:31:55.394	0.95331	0.95331			6
2024.02.26	00:31:56.483	0.95329	0.95329			6
2024.02.26	00:31:56.629	0.95331	0.95331			6
2024.02.26	00:31:56.689	0.95329	0.95329			6
2024.02.26	00:31:56.778	0.95331	0.95331			6
2024.02.26	00:31:56.920	0.95330	0.95330			6
2024.02.26	00:31:56.951	0.95329	0.95329			6
2024.02.26	00:31:57.100	0.95331	0.95331			6
2024.02.26	00:31:57.159	0.95329	0.95329			6
2024.02.26	00:32:00.164	0.95328	0.95328			6
2024.02.26	00:32:00.663	0.95330	0.95330			6
2024.02.26	00:32:00.730	0.95328	0.95328			6
2024.02.26	00:32:00.790	0.95330	0.95330			6
2024.02.26	00:32:00.820	0.95328	0.95328			6
2024.02.26	00:32:03.421	0.95321	0.95321			6
2024.02.26	00:32:03.480	0.95323	0.95323			6
2024.02.26	00:32:03.510	0.95322	0.95322			6
2024.02.26	00:32:03.782	0.95319	0.95319			6
2024.02.26	00:32:06.040	0.95316	0.95316			6
2024.02.26	00:32:40.899	0.95315	0.95315			6
2024.02.26	00:32:50.018	0.95314	0.95314			6
2024.02.26	00:32:50.543	0.95315	0.95315			6
2024.02.26	00:32:55.020	0.95314	0.95314			6
2024.02.26	00:33:09.025	0.95313	0.95313			6
2024.02.26	00:33:30.109	0.95312	0.95312			6
2024.02.26	00:33:46.300	0.95311	0.95311			6
2024.02.26	00:33:48.227	0.95312	0.95312			6
2024.02.26	00:34:00.093	0.95311	0.95311			6
2024.02.26	00:34:01.095	0.95312	0.95312			6
2024.02.26	00:34:04.596	0.95315	0.95315			6
2024.02.26	00:34:04.626	0.95316	0.95316			6
2024.02.26	00:34:12.802	0.95312	0.95312			6
2024.02.26	00:34:17.804	0.95311	0.95311			6
2024.02.26	00:34:41.798	0.95310	0.95310			6
2024.02.26	00:35:03.123	0.95309	0.95309			6
2024.02.26	00:35:28.961	0.95310	0.95310			6
2024.02.26	00:35:47.500	0.95313	0.95313			6
2024.02.26	00:36:26.705	0.95312	0.95312			6
2024.02.26	00:36:39.391	0.95313	0.95313			6
2024.02.26	00:36:51.410	0.95312	0.95312			6
2024.02.26	00:37:03.096	0.95311	0.95311			6
2024.02.26	00:37:15.630	0.95313	0.95313			6
2024.02.26	00:37:15.659	0.95318	0.95318			6
2024.02.26	00:37:16.707	0.95319	0.95319			6
2024.02.26	00:37:17.165	0.95315	0.95315			6
2024.02.26	00:37:37.535	0.95324	0.95324			6
2024.02.26	00:37:55.423	0.95329	0.95329			6
2024.02.26	00:37:56.288	0.95316	0.95316			6
2024.02.26	00:38:26.290	0.95329	0.95329			6
2024.02.26	00:38:27.562	0.95328	0.95328			6
2024.02.26	00:38:35.572	0.95316	0.95316			6
2024.02.26	00:38:36.855	0.95329	0.95329			6
2024.02.26	00:38:40.555	0.95328	0.95328			6
2024.02.26	00:38:59.573	0.95329	0.95329			6
2024.02.26	00:39:01.132	0.95315	0.95315			6
2024.02.26	00:39:04.633	0.95314	0.95314			6
2024.02.26	00:39:04.664	0.95313	0.95313			6
2024.02.26	00:39:13.048	0.95311	0.95311			6
2024.02.26	00:39:13.109	0.95315	0.95315			6
2024.02.26	00:39:23.501	0.95316	0.95316			6
2024.02.26	00:39:26.478	0.95317	0.95317			6
2024.02.26	00:40:02.503	0.95316	0.95316			6
2024.02.26	00:40:03.008	0.95317	0.95317			6
2024.02.26	00:40:15.590	0.95316	0.95316			6
2024.02.26	00:40:16.053	0.95318	0.95318			6
2024.02.26	00:40:16.112	0.95317	0.95317			6
2024.02.26	00:40:19.545	0.95316	0.95316			6
2024.02.26	00:40:21.114	0.95314	0.95314			6
2024.02.26	00:40:23.560	0.95315	0.95315			6
2024.02.26	00:40:32.528	0.95316	0.95316			6
2024.02.26	00:40:36.327	0.95315	0.95315			6
2024.02.26	00:40:36.386	0.95314	0.95314			6
2024.02.26	00:40:38.811	0.95315	0.95315			6
2024.02.26	00:40:41.067	0.95317	0.95317			6
2024.02.26	00:40:41.127	0.95318	0.95318			6
2024.02.26	00:40:41.156	0.95317	0.95317			6
2024.02.26	00:40:41.217	0.95319	0.95319			6
2024.02.26	00:40:46.127	0.95316	0.95316			6
2024.02.26	00:40:46.570	0.95315	0.95315			6
2024.02.26	00:40:56.528	0.95316	0.95316			6
2024.02.26	00:41:06.100	0.95317	0.95317			6
2024.02.26	00:41:06.191	0.95318	0.95318			6
2024.02.26	00:41:06.220	0.95317	0.95317			6
2024.02.26	00:41:07.545	0.95316	0.95316			6
2024.02.26	00:41:20.695	0.95313	0.95313			6
2024.02.26	00:41:22.509	0.95314	0.95314			6
2024.02.26	00:41:31.108	0.95316	0.95316			6
2024.02.26	00:41:33.570	0.95317	0.95317			6
2024.02.26	00:41:35.571	0.95316	0.95316			6
2024.02.26	00:41:36.086	0.95314	0.95314			6
2024.02.26	00:41:56.066	0.95317	0.95317			6
2024.02.26	00:41:56.097	0.95316	0.95316			6
2024.02.26	00:41:56.178	0.95317	0.95317			6
2024.02.26	00:41:56.577	0.95318	0.95318			6
2024.02.26	00:41:58.555	0.95317	0.95317			6
2024.02.26	00:42:01.191	0.95314	0.95314			6
2024.02.26	00:42:15.123	0.95315	0.95315			6
2024.02.26	00:42:25.298	0.95318	0.95318			6
2024.02.26	00:42:26.105	0.95316	0.95316			6
2024.02.26	00:42:26.136	0.95318	0.95318			6
2024.02.26	00:42:26.165	0.95316	0.95316			6
2024.02.26	00:42:31.100	0.95315	0.95315			6
2024.02.26	00:42:50.537	0.95316	0.95316			6
2024.02.26	00:42:51.550	0.95315	0.95315			6
2024.02.26	00:42:53.582	0.95316	0.95316			6
2024.02.26	00:42:56.090	0.95315	0.95315			6
2024.02.26	00:43:14.480	0.95316	0.95316			6
2024.02.26	00:43:15.842	0.95312	0.95312			6
2024.02.26	00:43:21.930	0.95315	0.95315			6
2024.02.26	00:43:30.841	0.95317	0.95317			6
2024.02.26	00:43:43.288	0.95316	0.95316			6
2024.02.26	00:43:47.202	0.95314	0.95314			6
2024.02.26	00:44:36.231	0.95333	0.95333			6
2024.02.26	00:44:36.291	0.95334	0.95334			6
2024.02.26	00:44:36.321	0.95333	0.95333			6
2024.02.26	00:45:00.227	0.95344	0.95344			6
2024.02.26	00:45:00.286	0.95339	0.95339			6
2024.02.26	00:45:00.317	0.95340	0.95340			6
2024.02.26	00:45:00.377	0.95345	0.95345			6
2024.02.26	00:45:01.405	0.95331	0.95331			6
2024.02.26	00:45:01.525	0.95332	0.95332			6
2024.02.26	00:45:01.585	0.95331	0.95331			6
2024.02.26	00:45:01.615	0.95332	0.95332			6
2024.02.26	00:45:01.645	0.95331	0.95331			6
2024.02.26	00:45:01.686	0.95332	0.95332			6
2024.02.26	00:45:01.717	0.95331	0.95331			6
2024.02.26	00:45:01.776	0.95332	0.95332			6
2024.02.26	00:45:01.866	0.95331	0.95331			6
2024.02.26	00:45:01.925	0.95332	0.95332			6
2024.02.26	00:45:01.979	0.95331	0.95331			6
2024.02.26	00:45:02.009	0.95332	0.95332			6
2024.02.26	00:45:02.068	0.95331	0.95331			6
2024.02.26	00:45:02.099	0.95332	0.95332			6
2024.02.26	00:45:02.206	0.95331	0.95331			6
2024.02.26	00:45:02.236	0.95332	0.95332			6
2024.02.26	00:45:02.326	0.95331	0.95331			6
2024.02.26	00:45:02.356	0.95334	0.95334			6
2024.02.26	00:45:03.626	0.95332	0.95332			6
2024.02.26	00:45:03.656	0.95343	0.95343			6
2024.02.26	00:45:05.440	0.95344	0.95344			6
2024.02.26	00:45:05.757	0.95343	0.95343			6
2024.02.26	00:45:06.498	0.95346	0.95346			6
2024.02.26	00:45:24.800	0.95350	0.95350			6
2024.02.26	00:45:52.904	0.95349	0.95349			6
2024.02.26	00:45:54.387	0.95347	0.95347			6
2024.02.26	00:45:55.297	0.95346	0.95346			6
2024.02.26	00:46:00.267	0.95345	0.95345			6
2024.02.26	00:46:35.977	0.95344	0.95344			6
2024.02.26	00:46:37.173	0.95345	0.95345			6
2024.02.26	00:46:46.521	0.95344	0.95344			6
2024.02.26	00:46:50.733	0.95343	0.95343			6
2024.02.26	00:46:56.299	0.95342	0.95342			6
2024.02.26	00:47:26.627	0.95337	0.95337			6
2024.02.26	00:47:42.285	0.95343	0.95343			6
2024.02.26	00:48:00.839	0.95340	0.95340			6
2024.02.26	00:48:00.868	0.95341	0.95341			6
2024.02.26	00:48:10.308	0.95340	0.95340			6
2024.02.26	00:48:22.296	0.95339	0.95339			6
2024.02.26	00:48:30.396	0.95338	0.95338			6
2024.02.26	00:48:59.143	0.95336	0.95336			6
2024.02.26	00:49:19.308	0.95337	0.95337			6
2024.02.26	00:49:22.228	0.95332	0.95332			6
2024.02.26	00:49:32.255	0.95337	0.95337			6
2024.02.26	00:49:43.822	0.95336	0.95336			6
2024.02.26	00:49:43.853	0.95340	0.95340			6
2024.02.26	00:49:44.721	0.95336	0.95336			6
2024.02.26	00:49:48.197	0.95332	0.95332			6
2024.02.26	00:49:49.499	0.95338	0.95338			6
2024.02.26	00:49:58.991	0.95343	0.95343			6
2024.02.26	00:50:03.214	0.95344	0.95344			6
2024.02.26	00:50:03.657	0.95330	0.95330			6
2024.02.26	00:50:10.823	0.95332	0.95332			6
2024.02.26	00:50:10.853	0.95345	0.95345			6
2024.02.26	00:50:21.069	0.95332	0.95332			6
2024.02.26	00:50:21.101	0.95345	0.95345			6
2024.02.26	00:50:34.317	0.95346	0.95346			6
2024.02.26	00:51:11.319	0.95331	0.95331			6
2024.02.26	00:51:14.957	0.95330	0.95330			6
2024.02.26	00:51:16.057	0.95331	0.95331			6
2024.02.26	00:51:16.839	0.95339	0.95339			6
2024.02.26	00:51:21.091	0.95331	0.95331			6
2024.02.26	00:51:21.121	0.95330	0.95330			6
2024.02.26	00:51:25.891	0.95333	0.95333			6
2024.02.26	00:51:25.921	0.95338	0.95338			6
2024.02.26	00:51:26.019	0.95339	0.95339			6
2024.02.26	00:51:27.158	0.95338	0.95338			6
2024.02.26	00:51:28.304	0.95339	0.95339			6
2024.02.26	00:51:31.108	0.95332	0.95332			6
2024.02.26	00:51:36.087	0.95338	0.95338			6
2024.02.26	00:51:36.117	0.95339	0.95339			6
2024.02.26	00:51:39.507	0.95338	0.95338			6
2024.02.26	00:51:41.104	0.95344	0.95344			6
2024.02.26	00:51:41.224	0.95330	0.95330			6
2024.02.26	00:51:42.603	0.95342	0.95342			6
2024.02.26	00:51:42.633	0.95346	0.95346			6
2024.02.26	00:51:42.727	0.95344	0.95344			6
2024.02.26	00:51:42.758	0.95330	0.95330			6
2024.02.26	00:51:42.787	0.95334	0.95334			6
2024.02.26	00:51:45.397	0.95344	0.95344			6
2024.02.26	00:51:45.426	0.95340	0.95340			6
2024.02.26	00:51:46.314	0.95344	0.95344			6
2024.02.26	00:51:51.048	0.95334	0.95334			6
2024.02.26	00:51:55.889	0.95344	0.95344			6
2024.02.26	00:51:56.838	0.95340	0.95340			6
2024.02.26	00:52:01.099	0.95334	0.95334			6
2024.02.26	00:52:01.129	0.95331	0.95331			6
2024.02.26	00:52:04.253	0.95341	0.95341			6
2024.02.26	00:52:11.100	0.95328	0.95328			6
2024.02.26	00:52:21.105	0.95341	0.95341			6
2024.02.26	00:52:27.172	0.95337	0.95337			6
2024.02.26	00:52:27.202	0.95341	0.95341			6
2024.02.26	00:52:28.448	0.95338	0.95338			6
2024.02.26	00:52:31.057	0.95327	0.95327			6
2024.02.26	00:52:35.876	0.95338	0.95338			6
2024.02.26	00:52:41.096	0.95327	0.95327			6
2024.02.26	00:52:45.832	0.95329	0.95329			6
2024.02.26	00:52:45.862	0.95333	0.95333			6
2024.02.26	00:52:48.350	0.95332	0.95332			6
2024.02.26	00:52:48.995	0.95334	0.95334			6
2024.02.26	00:52:50.877	0.95328	0.95328			6
2024.02.26	00:52:52.265	0.95335	0.95335			6
2024.02.26	00:52:52.946	0.95328	0.95328			6
2024.02.26	00:52:56.048	0.95335	0.95335			6
2024.02.26	00:53:01.102	0.95328	0.95328			6
2024.02.26	00:53:06.795	0.95326	0.95326			6
2024.02.26	00:53:11.097	0.95339	0.95339			6
2024.02.26	00:53:12.519	0.95334	0.95334			6
2024.02.26	00:53:12.549	0.95339	0.95339			6
2024.02.26	00:53:16.035	0.95338	0.95338			6
2024.02.26	00:53:21.969	0.95335	0.95335			6
2024.02.26	00:53:23.373	0.95338	0.95338			6
2024.02.26	00:53:23.468	0.95335	0.95335			6
2024.02.26	00:53:23.958	0.95339	0.95339			6
2024.02.26	00:53:31.107	0.95327	0.95327			6
2024.02.26	00:53:35.971	0.95339	0.95339			6
2024.02.26	00:53:40.879	0.95327	0.95327			6
2024.02.26	00:53:46.073	0.95329	0.95329			6
2024.02.26	00:53:46.103	0.95339	0.95339			6
2024.02.26	00:53:50.988	0.95327	0.95327			6
2024.02.26	00:53:56.103	0.95340	0.95340			6
2024.02.26	00:54:11.098	0.95327	0.95327			6
2024.02.26	00:54:16.029	0.95340	0.95340			6
2024.02.26	00:54:18.775	0.95337	0.95337			6
2024.02.26	00:54:19.421	0.95340	0.95340			6
2024.02.26	00:54:20.980	0.95327	0.95327			6
2024.02.26	00:54:23.367	0.95328	0.95328			6
2024.02.26	00:54:23.436	0.95327	0.95327			6
2024.02.26	00:54:23.466	0.95328	0.95328			6
2024.02.26	00:54:23.495	0.95327	0.95327			6
2024.02.26	00:54:23.556	0.95328	0.95328			6
2024.02.26	00:54:23.617	0.95327	0.95327			6
2024.02.26	00:54:23.752	0.95328	0.95328			6
2024.02.26	00:54:23.873	0.95327	0.95327			6
2024.02.26	00:54:25.976	0.95340	0.95340			6
2024.02.26	00:54:31.121	0.95327	0.95327			6
2024.02.26	00:54:35.856	0.95340	0.95340			6
2024.02.26	00:54:41.100	0.95327	0.95327			6
2024.02.26	00:54:45.858	0.95340	0.95340			6
2024.02.26	00:54:46.100	0.95338	0.95338			6
2024.02.26	00:54:50.855	0.95327	0.95327			6
2024.02.26	00:54:56.094	0.95338	0.95338			6
2024.02.26	00:55:00.866	0.95327	0.95327			6
2024.02.26	00:55:11.044	0.95338	0.95338			6
2024.02.26	00:55:20.953	0.95329	0.95329			6
2024.02.26	00:55:21.500	0.95328	0.95328			6
2024.02.26	00:55:21.530	0.95329	0.95329			6
2024.02.26	00:55:21.847	0.95328	0.95328			6
2024.02.26	00:55:26.106	0.95338	0.95338			6
2024.02.26	00:55:31.092	0.95327	0.95327			6
2024.02.26	00:55:31.536	0.95328	0.95328			6
2024.02.26	00:55:35.958	0.95338	0.95338			6
2024.02.26	00:55:41.104	0.95328	0.95328			6
2024.02.26	00:55:45.884	0.95335	0.95335			6
2024.02.26	00:55:45.914	0.95337	0.95337			6
2024.02.26	00:55:46.369	0.95340	0.95340			6
2024.02.26	00:55:46.399	0.95338	0.95338			6
2024.02.26	00:55:47.508	0.95340	0.95340			6
2024.02.26	00:55:51.115	0.95328	0.95328			6
2024.02.26	00:55:56.100	0.95340	0.95340			6
2024.02.26	00:56:00.880	0.95328	0.95328			6
2024.02.26	00:56:06.099	0.95335	0.95335			6
2024.02.26	00:56:06.128	0.95340	0.95340			6
2024.02.26	00:56:11.027	0.95328	0.95328			6
2024.02.26	00:56:11.099	0.95327	0.95327			6
2024.02.26	00:56:15.884	0.95340	0.95340			6
2024.02.26	00:56:21.107	0.95327	0.95327			6
2024.02.26	00:56:26.025	0.95340	0.95340			6
2024.02.26	00:56:30.906	0.95327	0.95327			6
2024.02.26	00:56:35.978	0.95340	0.95340			6
2024.02.26	00:56:36.095	0.95338	0.95338			6
2024.02.26	00:56:40.930	0.95327	0.95327			6
2024.02.26	00:56:45.926	0.95338	0.95338			6
2024.02.26	00:56:51.104	0.95327	0.95327			6
2024.02.26	00:56:56.096	0.95338	0.95338			6
2024.02.26	00:56:56.596	0.95335	0.95335			6
2024.02.26	00:56:57.137	0.95338	0.95338			6
2024.02.26	00:56:58.136	0.95335	0.95335			6
2024.02.26	00:57:00.918	0.95338	0.95338			6
2024.02.26	00:57:01.189	0.95343	0.95343			6
2024.02.26	00:57:02.380	0.95341	0.95341			6
2024.02.26	00:57:02.410	0.95338	0.95338			6
2024.02.26	00:57:05.857	0.95327	0.95327			6
2024.02.26	00:57:11.099	0.95338	0.95338			6
2024.02.26	00:57:15.067	0.95337	0.95337			6
2024.02.26	00:57:15.627	0.95327	0.95327			6
2024.02.26	00:57:17.182	0.95326	0.95326			6
2024.02.26	00:57:20.994	0.95338	0.95338			6
2024.02.26	00:57:26.056	0.95326	0.95326			6
2024.02.26	00:57:30.848	0.95338	0.95338			6
2024.02.26	00:57:36.100	0.95326	0.95326			6
2024.02.26	00:57:41.065	0.95338	0.95338			6
2024.02.26	00:57:46.078	0.95326	0.95326			6
2024.02.26	00:57:50.537	0.95327	0.95327			6
2024.02.26	00:57:51.086	0.95338	0.95338			6
2024.02.26	00:57:55.901	0.95326	0.95326			6
2024.02.26	00:58:01.104	0.95338	0.95338			6
2024.02.26	00:58:05.979	0.95326	0.95326			6
2024.02.26	00:58:06.040	0.95327	0.95327			6
2024.02.26	00:58:06.070	0.95326	0.95326			6
2024.02.26	00:58:06.449	0.95327	0.95327			6
2024.02.26	00:58:06.478	0.95326	0.95326			6
2024.02.26	00:58:11.137	0.95338	0.95338			6
2024.02.26	00:58:16.125	0.95326	0.95326			6
2024.02.26	00:58:21.094	0.95338	0.95338			6
2024.02.26	00:58:26.047	0.95326	0.95326			6
2024.02.26	00:58:31.058	0.95328	0.95328			6
2024.02.26	00:58:31.088	0.95337	0.95337			6
2024.02.26	00:58:32.468	0.95336	0.95336			6
2024.02.26	00:58:32.587	0.95337	0.95337			6
2024.02.26	00:58:56.142	0.95334	0.95334			6
2024.02.26	00:58:59.030	0.95337	0.95337			6
2024.02.26	00:58:59.154	0.95327	0.95327			6
2024.02.26	00:59:00.950	0.95337	0.95337			6
2024.02.26	00:59:51.026	0.95327	0.95327			6
2024.02.26	00:59:56.106	0.95337	0.95337			6
2024.02.26	01:00:00.224	0.95332	0.95332			6
2024.02.26	01:00:00.373	0.95328	0.95328			6
2024.02.26	01:00:02.181	0.95327	0.95327			6
2024.02.26	01:00:02.993	0.95326	0.95326			6
2024.02.26	01:00:06.129	0.95330	0.95330			6
2024.02.26	01:00:06.158	0.95332	0.95332			6
2024.02.26	01:00:06.249	0.95328	0.95328			6
2024.02.26	01:00:06.910	0.95330	0.95330			6
2024.02.26	01:00:07.300	0.95331	0.95331			6
2024.02.26	01:00:10.847	0.95327	0.95327			6
2024.02.26	01:00:10.937	0.95330	0.95330			6
2024.02.26	01:00:16.238	0.95331	0.95331			6
2024.02.26	01:00:16.945	0.95329	0.95329			6
2024.02.26	01:00:18.514	0.95331	0.95331			6
2024.02.26	01:00:19.085	0.95330	0.95330			6
2024.02.26	01:00:20.817	0.95329	0.95329			6
2024.02.26	01:00:20.910	0.95330	0.95330			6
2024.02.26	01:00:20.938	0.95331	0.95331			6
2024.02.26	01:00:21.659	0.95329	0.95329			6
2024.02.26	01:00:31.297	0.95330	0.95330			6
2024.02.26	01:00:34.308	0.95332	0.95332			6
2024.02.26	01:00:34.338	0.95335	0.95335			6
2024.02.26	01:00:34.637	0.95333	0.95333			6
2024.02.26	01:00:35.094	0.95335	0.95335			6
2024.02.26	01:00:35.632	0.95334	0.95334			6
2024.02.26	01:00:35.903	0.95335	0.95335			6
2024.02.26	01:00:36.241	0.95333	0.95333			6
2024.02.26	01:00:38.071	0.95335	0.95335			6
2024.02.26	01:00:43.277	0.95345	0.95345			6
2024.02.26	01:00:43.306	0.95346	0.95346			6
2024.02.26	01:00:43.337	0.95347	0.95347			6
2024.02.26	01:00:43.848	0.95336	0.95336			6
2024.02.26	01:00:43.997	0.95337	0.95337			6
2024.02.26	01:00:44.118	0.95338	0.95338			6
2024.02.26	01:00:44.178	0.95339	0.95339			6
2024.02.26	01:00:44.390	0.95336	0.95336			6
2024.02.26	01:00:44.420	0.95329	0.95329			6
2024.02.26	01:00:44.452	0.95328	0.95328			6
2024.02.26	01:00:46.644	0.95329	0.95329			6
2024.02.26	01:00:47.066	0.95328	0.95328			6
2024.02.26	01:00:52.997	0.95332	0.95332			6
2024.02.26	01:00:53.727	0.95328	0.95328			6
2024.02.26	01:00:54.182	0.95330	0.95330			6
2024.02.26	01:00:54.213	0.95333	0.95333			6
2024.02.26	01:00:57.547	0.95334	0.95334			6
2024.02.26	01:01:02.583	0.95337	0.95337			6
2024.02.26	01:01:02.922	0.95338	0.95338			6
2024.02.26	01:01:03.784	0.95337	0.95337			6
2024.02.26	01:01:05.765	0.95336	0.95336			6
2024.02.26	01:01:05.888	0.95337	0.95337			6
2024.02.26	01:01:06.008	0.95330	0.95330			6
2024.02.26	01:01:07.552	0.95331	0.95331			6
2024.02.26	01:01:07.762	0.95330	0.95330			6
2024.02.26	01:01:08.632	0.95331	0.95331			6
2024.02.26	01:01:09.204	0.95337	0.95337			6
2024.02.26	01:01:11.597	0.95331	0.95331			6
2024.02.26	01:01:13.136	0.95332	0.95332			6
2024.02.26	01:01:15.099	0.95331	0.95331			6
2024.02.26	01:01:16.500	0.95330	0.95330			6
2024.02.26	01:01:16.530	0.95331	0.95331			6
2024.02.26	01:01:19.911	0.95332	0.95332			6
2024.02.26	01:01:22.188	0.95337	0.95337			6
2024.02.26	01:01:22.218	0.95340	0.95340			6
2024.02.26	01:01:22.247	0.95339	0.95339			6
2024.02.26	01:01:22.307	0.95338	0.95338			6
2024.02.26	01:01:22.486	0.95339	0.95339			6
2024.02.26	01:01:22.516	0.95340	0.95340			6
2024.02.26	01:01:22.637	0.95341	0.95341			6
2024.02.26	01:01:22.856	0.95340	0.95340			6
2024.02.26	01:01:22.916	0.95339	0.95339			6
2024.02.26	01:01:23.005	0.95342	0.95342			6
2024.02.26	01:01:23.035	0.95341	0.95341			6
2024.02.26	01:01:23.065	0.95340	0.95340			6
2024.02.26	01:01:23.155	0.95341	0.95341			6
2024.02.26	01:01:23.186	0.95343	0.95343			6
2024.02.26	01:01:23.366	0.95342	0.95342			6
2024.02.26	01:01:23.396	0.95341	0.95341			6
2024.02.26	01:01:23.546	0.95340	0.95340			6
2024.02.26	01:01:23.864	0.95338	0.95338			6
2024.02.26	01:01:23.926	0.95339	0.95339			6
2024.02.26	01:01:24.318	0.95340	0.95340			6
2024.02.26	01:01:24.655	0.95342	0.95342			6
2024.02.26	01:01:25.011	0.95343	0.95343			6
2024.02.26	01:01:25.487	0.95341	0.95341			6
2024.02.26	01:01:25.517	0.95340	0.95340			6
2024.02.26	01:01:26.022	0.95339	0.95339			6
2024.02.26	01:01:26.052	0.95338	0.95338			6
2024.02.26	01:01:26.082	0.95340	0.95340			6
2024.02.26	01:01:27.322	0.95341	0.95341			6
2024.02.26	01:01:29.887	0.95342	0.95342			6
2024.02.26	01:01:31.026	0.95341	0.95341			6
2024.02.26	01:01:33.919	0.95340	0.95340			6
2024.02.26	01:01:33.948	0.95341	0.95341			6
2024.02.26	01:01:34.009	0.95342	0.95342			6
2024.02.26	01:01:34.038	0.95341	0.95341			6
2024.02.26	01:01:34.522	0.95340	0.95340			6
2024.02.26	01:01:36.905	0.95338	0.95338			6
2024.02.26	01:01:37.757	0.95339	0.95339			6
2024.02.26	01:01:37.817	0.95340	0.95340			6
2024.02.26	01:01:37.849	0.95343	0.95343			6
2024.02.26	01:01:37.879	0.95337	0.95337			6
2024.02.26	01:01:37.968	0.95339	0.95339			6
2024.02.26	01:01:38.117	0.95341	0.95341			6
2024.02.26	01:01:38.148	0.95340	0.95340			6
2024.02.26	01:01:38.239	0.95342	0.95342			6
2024.02.26	01:01:38.269	0.95343	0.95343			6
2024.02.26	01:01:38.387	0.95347	0.95347			6
2024.02.26	01:01:38.719	0.95348	0.95348			6
2024.02.26	01:01:38.749	0.95347	0.95347			6
2024.02.26	01:01:38.990	0.95348	0.95348			6
2024.02.26	01:01:39.021	0.95347	0.95347			6
2024.02.26	01:01:39.052	0.95348	0.95348			6
2024.02.26	01:01:39.231	0.95347	0.95347			6
2024.02.26	01:01:39.321	0.95348	0.95348			6
2024.02.26	01:01:39.450	0.95347	0.95347			6
2024.02.26	01:01:39.659	0.95340	0.95340			6
2024.02.26	01:01:40.662	0.95341	0.95341			6
2024.02.26	01:01:41.210	0.95340	0.95340			6
2024.02.26	01:01:41.602	0.95341	0.95341			6
2024.02.26	01:01:41.632	0.95340	0.95340			6
2024.02.26	01:02:00.383	0.95345	0.95345			6
2024.02.26	01:02:00.734	0.95346	0.95346			6
2024.02.26	01:02:01.471	0.95344	0.95344			6
2024.02.26	01:02:03.533	0.95338	0.95338			6
2024.02.26	01:02:03.563	0.95337	0.95337			6
2024.02.26	01:02:03.624	0.95342	0.95342			6
2024.02.26	01:02:03.744	0.95334	0.95334			6
2024.02.26	01:02:04.267	0.95333	0.95333			6
2024.02.26	01:02:04.521	0.95334	0.95334			6
2024.02.26	01:02:04.583	0.95333	0.95333			6
2024.02.26	01:02:04.613	0.95339	0.95339			6
2024.02.26	01:02:05.006	0.95335	0.95335			6
2024.02.26	01:02:05.036	0.95336	0.95336			6
2024.02.26	01:02:05.095	0.95335	0.95335			6
2024.02.26	01:02:05.549	0.95341	0.95341			6
2024.02.26	01:02:05.670	0.95335	0.95335			6
2024.02.26	01:02:05.760	0.95336	0.95336			6
2024.02.26	01:02:05.854	0.95335	0.95335			6
2024.02.26	01:02:06.690	0.95334	0.95334			6
2024.02.26	01:02:06.750	0.95335	0.95335			6
2024.02.26	01:02:07.623	0.95340	0.95340			6
2024.02.26	01:02:07.682	0.95336	0.95336			6
2024.02.26	01:02:07.743	0.95335	0.95335			6
2024.02.26	01:02:07.773	0.95334	0.95334			6
2024.02.26	01:02:08.106	0.95335	0.95335			6
2024.02.26	01:02:08.284	0.95336	0.95336			6
2024.02.26	01:02:08.343	0.95340	0.95340			6
2024.02.26	01:02:08.493	0.95336	0.95336			6
2024.02.26	01:02:08.524	0.95337	0.95337			6
2024.02.26	01:02:08.682	0.95336	0.95336			6
2024.02.26	01:02:09.164	0.95335	0.95335			6
2024.02.26	01:02:09.526	0.95340	0.95340			6
2024.02.26	01:02:10.150	0.95342	0.95342			6
2024.02.26	01:02:10.344	0.95339	0.95339			6
2024.02.26	01:02:10.789	0.95340	0.95340			6
2024.02.26	01:02:11.040	0.95339	0.95339			6
2024.02.26	01:02:11.705	0.95338	0.95338			6
2024.02.26	01:02:12.365	0.95340	0.95340			6
2024.02.26	01:02:12.977	0.95338	0.95338			6
2024.02.26	01:02:15.147	0.95337	0.95337			6
2024.02.26	01:02:16.388	0.95335	0.95335			6
2024.02.26	01:02:16.658	0.95336	0.95336			6
2024.02.26	01:02:17.008	0.95334	0.95334			6
2024.02.26	01:02:17.226	0.95335	0.95335			6
2024.02.26	01:02:17.490	0.95336	0.95336			6
2024.02.26	01:02:17.579	0.95332	0.95332			6
2024.02.26	01:02:17.820	0.95331	0.95331			6
2024.02.26	01:02:18.090	0.95333	0.95333			6
2024.02.26	01:02:18.539	0.95332	0.95332			6
2024.02.26	01:02:20.428	0.95333	0.95333			6
2024.02.26	01:02:22.128	0.95335	0.95335			6
2024.02.26	01:02:22.762	0.95336	0.95336			6
2024.02.26	01:02:22.881	0.95337	0.95337			6
2024.02.26	01:02:25.576	0.95336	0.95336			6
2024.02.26	01:02:26.718	0.95337	0.95337			6
2024.02.26	01:02:27.262	0.95335	0.95335			6
2024.02.26	01:02:27.292	0.95336	0.95336			6
2024.02.26	01:02:27.352	0.95335	0.95335			6
2024.02.26	01:02:28.660	0.95336	0.95336			6
2024.02.26	01:02:28.809	0.95335	0.95335			6
2024.02.26	01:02:32.446	0.95336	0.95336			6
2024.02.26	01:02:32.477	0.95335	0.95335			6
2024.02.26	01:02:32.506	0.95336	0.95336			6
2024.02.26	01:02:32.536	0.95334	0.95334			6
2024.02.26	01:02:32.566	0.95332	0.95332			6
2024.02.26	01:02:32.597	0.95331	0.95331			6
2024.02.26	01:02:32.626	0.95332	0.95332			6
2024.02.26	01:02:32.656	0.95331	0.95331			6
2024.02.26	01:02:32.686	0.95332	0.95332			6
2024.02.26	01:02:32.718	0.95333	0.95333			6
2024.02.26	01:02:32.928	0.95331	0.95331			6
2024.02.26	01:02:34.108	0.95330	0.95330			6
2024.02.26	01:02:50.626	0.95331	0.95331			6
2024.02.26	01:02:56.771	0.95330	0.95330			6
2024.02.26	01:02:58.075	0.95331	0.95331			6
2024.02.26	01:02:58.429	0.95332	0.95332			6
2024.02.26	01:02:58.729	0.95333	0.95333			6
2024.02.26	01:02:58.999	0.95332	0.95332			6
2024.02.26	01:03:00.317	0.95334	0.95334			6
2024.02.26	01:03:00.376	0.95332	0.95332			6
2024.02.26	01:03:01.157	0.95334	0.95334			6
2024.02.26	01:03:02.280	0.95331	0.95331			6
2024.02.26	01:03:02.462	0.95329	0.95329			6
2024.02.26	01:03:04.953	0.95330	0.95330			6
2024.02.26	01:03:08.519	0.95331	0.95331			6
2024.02.26	01:03:08.549	0.95330	0.95330			6
2024.02.26	01:03:10.810	0.95331	0.95331			6
2024.02.26	01:03:14.907	0.95332	0.95332			6
2024.02.26	01:03:24.828	0.95335	0.95335			6
2024.02.26	01:03:28.289	0.95337	0.95337			6
2024.02.26	01:03:29.472	0.95338	0.95338			6
2024.02.26	01:03:31.098	0.95339	0.95339			6
2024.02.26	01:03:32.969	0.95338	0.95338			6
2024.02.26	01:03:33.000	0.95336	0.95336			6
2024.02.26	01:03:33.029	0.95337	0.95337			6
2024.02.26	01:03:37.244	0.95336	0.95336			6
2024.02.26	01:03:37.425	0.95334	0.95334			6
2024.02.26	01:03:37.635	0.95333	0.95333			6
2024.02.26	01:03:37.696	0.95332	0.95332			6
2024.02.26	01:03:37.725	0.95333	0.95333			6
2024.02.26	01:03:37.936	0.95334	0.95334			6
2024.02.26	01:03:43.249	0.95336	0.95336			6
2024.02.26	01:03:43.279	0.95337	0.95337			6
2024.02.26	01:03:43.579	0.95336	0.95336			6
2024.02.26	01:03:55.278	0.95337	0.95337			6
2024.02.26	01:04:00.299	0.95336	0.95336			6
2024.02.26	01:04:00.691	0.95337	0.95337			6
2024.02.26	01:04:05.038	0.95339	0.95339			6
2024.02.26	01:04:07.247	0.95337	0.95337			6
2024.02.26	01:04:13.854	0.95338	0.95338			6
2024.02.26	01:04:14.279	0.95339	0.95339			6
2024.02.26	01:04:17.338	0.95338	0.95338			6
2024.02.26	01:04:19.668	0.95339	0.95339			6
2024.02.26	01:04:20.167	0.95337	0.95337			6
2024.02.26	01:04:26.146	0.95338	0.95338			6
2024.02.26	01:04:26.206	0.95337	0.95337			6
2024.02.26	01:04:48.156	0.95336	0.95336			6
2024.02.26	01:04:53.095	0.95338	0.95338			6
2024.02.26	01:04:53.215	0.95336	0.95336			6
2024.02.26	01:04:53.504	0.95337	0.95337			6
2024.02.26	01:05:00.555	0.95339	0.95339			6
2024.02.26	01:05:04.001	0.95340	0.95340			6
2024.02.26	01:05:05.186	0.95341	0.95341			6
2024.02.26	01:05:05.699	0.95342	0.95342			6
2024.02.26	01:05:10.848	0.95341	0.95341			6
2024.02.26	01:05:11.818	0.95342	0.95342			6
2024.02.26	01:05:11.848	0.95341	0.95341			6
2024.02.26	01:05:12.706	0.95342	0.95342			6
2024.02.26	01:05:17.976	0.95341	0.95341			6
2024.02.26	01:05:26.624	0.95340	0.95340			6
2024.02.26	01:05:26.735	0.95341	0.95341			6
2024.02.26	01:05:27.450	0.95340	0.95340			6
2024.02.26	01:05:30.979	0.95341	0.95341			6
2024.02.26	01:05:31.367	0.95340	0.95340			6
2024.02.26	01:05:32.326	0.95341	0.95341			6
2024.02.26	01:05:32.357	0.95342	0.95342			6
2024.02.26	01:05:32.809	0.95341	0.95341			6
2024.02.26	01:05:42.098	0.95342	0.95342			6
2024.02.26	01:05:42.457	0.95341	0.95341			6
2024.02.26	01:05:42.876	0.95340	0.95340			6
2024.02.26	01:05:46.398	0.95341	0.95341			6
2024.02.26	01:05:46.684	0.95340	0.95340			6
2024.02.26	01:05:47.830	0.95339	0.95339			6
2024.02.26	01:05:48.204	0.95338	0.95338			6
2024.02.26	01:05:49.136	0.95339	0.95339			6
2024.02.26	01:05:49.611	0.95340	0.95340			6
2024.02.26	01:05:50.762	0.95339	0.95339			6
2024.02.26	01:05:51.172	0.95340	0.95340			6
2024.02.26	01:05:51.233	0.95341	0.95341			6
2024.02.26	01:05:51.264	0.95340	0.95340			6
2024.02.26	01:05:52.595	0.95339	0.95339			6
2024.02.26	01:05:53.604	0.95340	0.95340			6
2024.02.26	01:05:54.118	0.95339	0.95339			6
2024.02.26	01:05:55.407	0.95340	0.95340			6
2024.02.26	01:05:55.985	0.95339	0.95339			6
2024.02.26	01:06:00.138	0.95340	0.95340			6
2024.02.26	01:06:02.121	0.95339	0.95339			6
2024.02.26	01:06:07.366	0.95340	0.95340			6
2024.02.26	01:06:18.243	0.95342	0.95342			6
2024.02.26	01:06:18.574	0.95341	0.95341			6
2024.02.26	01:06:26.406	0.95342	0.95342			6
2024.02.26	01:06:28.663	0.95340	0.95340			6
2024.02.26	01:06:28.692	0.95341	0.95341			6
2024.02.26	01:06:28.722	0.95342	0.95342			6
2024.02.26	01:06:28.902	0.95340	0.95340			6
2024.02.26	01:06:29.215	0.95341	0.95341			6
2024.02.26	01:06:30.087	0.95340	0.95340			6
2024.02.26	01:06:34.105	0.95341	0.95341			6
2024.02.26	01:06:34.434	0.95340	0.95340			6
2024.02.26	01:06:35.321	0.95339	0.95339			6
2024.02.26	01:06:53.178	0.95340	0.95340			6
2024.02.26	01:06:58.408	0.95339	0.95339			6
2024.02.26	01:07:00.728	0.95339				2
2024.02.26	01:07:01.601	0.95340	0.95340			6
2024.02.26	01:07:02.914	0.95339	0.95339			6
2024.02.26	01:07:14.018	0.95338	0.95338			6
2024.02.26	01:07:15.047	0.95340	0.95340			6
2024.02.26	01:07:15.109	0.95341	0.95341			6
2024.02.26	01:07:15.349	0.95340	0.95340			6
2024.02.26	01:07:16.083	0.95341	0.95341			6
2024.02.26	01:07:18.228	0.95340	0.95340			6
2024.02.26	01:07:18.849	0.95341	0.95341			6
2024.02.26	01:07:42.241	0.95342	0.95342			6
2024.02.26	01:07:42.398	0.95341	0.95341			6
2024.02.26	01:07:42.458	0.95340	0.95340			6
2024.02.26	01:07:55.107	0.95341	0.95341			6
2024.02.26	01:08:01.725	0.95342	0.95342			6
2024.02.26	01:08:06.739	0.95341	0.95341			6
2024.02.26	01:08:07.719	0.95342	0.95342			6
2024.02.26	01:08:12.033	0.95341	0.95341			6
2024.02.26	01:08:12.092	0.95340	0.95340			6
2024.02.26	01:08:12.766	0.95341	0.95341			6
2024.02.26	01:08:12.827	0.95338	0.95338			6
2024.02.26	01:08:13.186	0.95339	0.95339			6
2024.02.26	01:08:13.456	0.95338	0.95338			6
2024.02.26	01:08:13.876	0.95336	0.95336			6
2024.02.26	01:08:13.936	0.95337	0.95337			6
2024.02.26	01:08:14.838	0.95336	0.95336			6
2024.02.26	01:08:16.135	0.95337	0.95337			6
2024.02.26	01:08:32.829	0.95335	0.95335			6
2024.02.26	01:08:33.063	0.95336	0.95336			6
2024.02.26	01:08:33.092	0.95337	0.95337			6
2024.02.26	01:08:33.397	0.95338	0.95338			6
2024.02.26	01:08:39.761	0.95339	0.95339			6
2024.02.26	01:08:41.529	0.95341	0.95341			6
2024.02.26	01:08:41.618	0.95342	0.95342			6
2024.02.26	01:08:51.960	0.95340	0.95340			6
2024.02.26	01:08:52.020	0.95339	0.95339			6
2024.02.26	01:08:52.948	0.95340	0.95340			6
2024.02.26	01:08:53.304	0.95339	0.95339			6
2024.02.26	01:08:54.137	0.95338	0.95338			6
2024.02.26	01:08:54.679	0.95339	0.95339			6
2024.02.26	01:09:03.465	0.95338	0.95338			6
2024.02.26	01:09:08.257	0.95339	0.95339			6
2024.02.26	01:09:08.537	0.95338	0.95338			6
2024.02.26	01:09:09.358	0.95339	0.95339			6
2024.02.26	01:09:09.388	0.95338	0.95338			6
2024.02.26	01:09:09.749	0.95340	0.95340			6
2024.02.26	01:09:10.457	0.95338	0.95338			6
2024.02.26	01:09:17.620	0.95337	0.95337			6
2024.02.26	01:09:18.010	0.95338	0.95338			6
2024.02.26	01:09:18.070	0.95339	0.95339			6
2024.02.26	01:09:18.520	0.95340	0.95340			6
2024.02.26	01:09:19.428	0.95341	0.95341			6
2024.02.26	01:09:20.908	0.95340	0.95340			6
2024.02.26	01:09:20.937	0.95341	0.95341			6
2024.02.26	01:09:22.081	0.95340	0.95340			6
2024.02.26	01:09:22.113	0.95341	0.95341			6
2024.02.26	01:09:22.143	0.95342	0.95342			6
2024.02.26	01:09:32.510	0.95341	0.95341			6
2024.02.26	01:09:41.967	0.95342	0.95342			6
2024.02.26	01:09:48.207	0.95344	0.95344			6
2024.02.26	01:09:48.425	0.95342	0.95342			6
2024.02.26	01:09:54.449	0.95341	0.95341			6
2024.02.26	01:09:55.965	0.95342	0.95342			6
2024.02.26	01:09:58.060	0.95341	0.95341			6
2024.02.26	01:09:58.629	0.95342	0.95342			6
2024.02.26	01:09:58.953	0.95343	0.95343			6
2024.02.26	01:09:59.841	0.95342	0.95342			6
2024.02.26	01:10:00.103	0.95341	0.95341			6
2024.02.26	01:10:00.134	0.95340	0.95340			6
2024.02.26	01:10:00.617	0.95338	0.95338			6
2024.02.26	01:10:02.567	0.95339	0.95339			6
2024.02.26	01:10:10.669	0.95338	0.95338			6
2024.02.26	01:10:10.924	0.95339	0.95339			6
2024.02.26	01:10:11.158	0.95337	0.95337			6
2024.02.26	01:10:11.536	0.95338	0.95338			6
2024.02.26	01:10:20.246	0.95337	0.95337			6
2024.02.26	01:10:28.865	0.95336	0.95336			6
2024.02.26	01:10:29.628	0.95337	0.95337			6
2024.02.26	01:10:36.545	0.95338	0.95338			6
2024.02.26	01:10:38.147	0.95337	0.95337			6
2024.02.26	01:10:38.396	0.95338	0.95338			6
2024.02.26	01:10:38.569	0.95337	0.95337			6
2024.02.26	01:10:39.686	0.95338	0.95338			6
2024.02.26	01:10:39.716	0.95337	0.95337			6
2024.02.26	01:10:42.588	0.95338	0.95338			6
2024.02.26	01:10:48.147	0.95337	0.95337			6
2024.02.26	01:10:48.366	0.95336	0.95336			6
2024.02.26	01:10:48.678	0.95337	0.95337			6
2024.02.26	01:10:48.828	0.95339	0.95339			6
2024.02.26	01:10:49.099	0.95338	0.95338			6
2024.02.26	01:10:49.244	0.95337	0.95337			6
2024.02.26	01:10:54.605	0.95338	0.95338			6
2024.02.26	01:10:55.394	0.95337	0.95337			6
2024.02.26	01:10:56.627	0.95338	0.95338			6
2024.02.26	01:10:57.031	0.95337	0.95337			6
2024.02.26	01:10:57.060	0.95338	0.95338			6
2024.02.26	01:10:57.091	0.95339	0.95339			6
2024.02.26	01:10:57.120	0.95338	0.95338			6
2024.02.26	01:10:57.150	0.95337	0.95337			6
2024.02.26	01:10:57.180	0.95338	0.95338			6
2024.02.26	01:10:57.368	0.95337	0.95337			6
2024.02.26	01:10:57.427	0.95338	0.95338			6
2024.02.26	01:10:57.471	0.95337	0.95337			6
2024.02.26	01:10:57.501	0.95338	0.95338			6
2024.02.26	01:10:57.562	0.95337	0.95337			6
2024.02.26	01:10:57.929	0.95338	0.95338			6
2024.02.26	01:10:58.626	0.95337	0.95337			6
2024.02.26	01:10:58.795	0.95338	0.95338			6
2024.02.26	01:10:58.977	0.95337	0.95337			6
2024.02.26	01:10:59.066	0.95338	0.95338			6
2024.02.26	01:10:59.175	0.95337	0.95337			6
2024.02.26	01:10:59.204	0.95338	0.95338			6
2024.02.26	01:10:59.266	0.95339	0.95339			6
2024.02.26	01:10:59.295	0.95338	0.95338			6
2024.02.26	01:10:59.693	0.95337	0.95337			6
2024.02.26	01:10:59.723	0.95338	0.95338			6
2024.02.26	01:11:00.106	0.95337	0.95337			6
2024.02.26	01:11:00.226	0.95339	0.95339			6
2024.02.26	01:11:00.256	0.95336	0.95336			6
2024.02.26	01:11:00.467	0.95335	0.95335			6
2024.02.26	01:11:00.740	0.95336	0.95336			6
2024.02.26	01:11:17.356	0.95334	0.95334			6
2024.02.26	01:11:18.531	0.95335	0.95335			6
2024.02.26	01:11:18.661	0.95336	0.95336			6
2024.02.26	01:11:18.804	0.95335	0.95335			6
2024.02.26	01:11:19.044	0.95336	0.95336			6
2024.02.26	01:11:19.178	0.95335	0.95335			6
2024.02.26	01:11:19.208	0.95336	0.95336			6
2024.02.26	01:11:19.405	0.95335	0.95335			6
2024.02.26	01:11:19.526	0.95334	0.95334			6
2024.02.26	01:11:19.556	0.95335	0.95335			6
2024.02.26	01:11:20.133	0.95336	0.95336			6
2024.02.26	01:11:20.163	0.95335	0.95335			6
2024.02.26	01:11:22.140	0.95334	0.95334			6
2024.02.26	01:11:49.089	0.95335	0.95335			6
2024.02.26	01:11:49.152	0.95336	0.95336			6
2024.02.26	01:11:49.241	0.95335	0.95335			6
2024.02.26	01:11:50.135	0.95334	0.95334			6
2024.02.26	01:11:50.286	0.95335	0.95335			6
2024.02.26	01:11:51.216	0.95334	0.95334			6
2024.02.26	01:11:51.276	0.95335	0.95335			6
2024.02.26	01:11:53.934	0.95336	0.95336			6
2024.02.26	01:11:54.086	0.95334	0.95334			6
2024.02.26	01:11:54.116	0.95335	0.95335			6
2024.02.26	01:11:54.268	0.95333	0.95333			6
2024.02.26	01:11:55.120	0.95335	0.95335			6
2024.02.26	01:11:55.325	0.95336	0.95336			6
2024.02.26	01:11:56.434	0.95337	0.95337			6
2024.02.26	01:11:57.082	0.95336	0.95336			6
2024.02.26	01:12:00.507	0.95337	0.95337			6
2024.02.26	01:12:05.823	0.95336	0.95336			6
2024.02.26	01:12:07.046	0.95335	0.95335			6
2024.02.26	01:12:08.792	0.95336	0.95336			6
2024.02.26	01:12:09.522	0.95335	0.95335			6
2024.02.26	01:12:15.656	0.95336	0.95336			6
2024.02.26	01:12:15.946	0.95340	0.95340			6
2024.02.26	01:12:16.246	0.95341	0.95341			6
2024.02.26	01:12:16.826	0.95340	0.95340			6
2024.02.26	01:12:17.456	0.95339	0.95339			6
2024.02.26	01:12:41.557	0.95342	0.95342			6
2024.02.26	01:12:41.586	0.95343	0.95343			6
2024.02.26	01:12:41.947	0.95344	0.95344			6
2024.02.26	01:12:42.527	0.95343	0.95343			6
2024.02.26	01:12:46.510	0.95344	0.95344			6
2024.02.26	01:12:46.540	0.95343	0.95343			6
2024.02.26	01:12:49.475	0.95344	0.95344			6
2024.02.26	01:12:50.465	0.95343	0.95343			6
2024.02.26	01:12:51.207	0.95342	0.95342			6
2024.02.26	01:12:51.446	0.95341	0.95341			6
2024.02.26	01:12:55.445	0.95342	0.95342			6
2024.02.26	01:13:00.648	0.95341	0.95341			6
2024.02.26	01:13:01.823	0.95343	0.95343			6
2024.02.26	01:13:01.912	0.95342	0.95342			6
2024.02.26	01:13:01.972	0.95343	0.95343			6
2024.02.26	01:13:02.239	0.95342	0.95342			6
2024.02.26	01:13:02.833	0.95343	0.95343			6
2024.02.26	01:13:04.321	0.95344	0.95344			6
2024.02.26	01:13:04.381	0.95343	0.95343			6
2024.02.26	01:13:05.721	0.95344	0.95344			6
2024.02.26	01:13:05.966	0.95345	0.95345			6
2024.02.26	01:13:06.135	0.95344	0.95344			6
2024.02.26	01:13:19.846	0.95343	0.95343			6
2024.02.26	01:13:20.477	0.95344	0.95344			6
2024.02.26	01:13:21.897	0.95343	0.95343			6
2024.02.26	01:13:29.078	0.95344	0.95344			6
2024.02.26	01:13:30.934	0.95343	0.95343			6
2024.02.26	01:13:31.650	0.95342	0.95342			6
2024.02.26	01:13:39.126	0.95343	0.95343			6
2024.02.26	01:13:41.264	0.95344	0.95344			6
2024.02.26	01:13:43.947	0.95343	0.95343			6
2024.02.26	01:13:44.840	0.95344	0.95344			6
2024.02.26	01:14:00.929	0.95345	0.95345			6
2024.02.26	01:14:07.276	0.95344	0.95344			6
2024.02.26	01:14:08.240	0.95343	0.95343			6
2024.02.26	01:14:08.270	0.95344	0.95344			6
2024.02.26	01:14:08.299	0.95346	0.95346			6
2024.02.26	01:14:08.330	0.95345	0.95345			6
2024.02.26	01:14:08.389	0.95346	0.95346			6
2024.02.26	01:14:08.791	0.95345	0.95345			6
2024.02.26	01:14:22.587	0.95346	0.95346			6
2024.02.26	01:14:23.096	0.95345	0.95345			6
2024.02.26	01:14:25.658	0.95344	0.95344			6
2024.02.26	01:14:40.248	0.95343	0.95343			6
2024.02.26	01:14:40.308	0.95344	0.95344			6
2024.02.26	01:14:43.264	0.95342	0.95342			6
2024.02.26	01:14:43.293	0.95344	0.95344			6
2024.02.26	01:14:43.322	0.95343	0.95343			6
2024.02.26	01:14:43.353	0.95342	0.95342			6
2024.02.26	01:14:43.412	0.95343	0.95343			6
2024.02.26	01:15:00.566	0.95342	0.95342			6
2024.02.26	01:15:02.160	0.95341	0.95341			6
2024.02.26	01:15:02.988	0.95342	0.95342			6
2024.02.26	01:15:03.225	0.95343	0.95343			6
2024.02.26	01:15:03.256	0.95342	0.95342			6
2024.02.26	01:15:04.183	0.95343	0.95343			6
2024.02.26	01:15:06.386	0.95342	0.95342			6
2024.02.26	01:15:08.398	0.95343	0.95343			6
2024.02.26	01:15:08.457	0.95342	0.95342			6
2024.02.26	01:15:08.796	0.95343	0.95343			6
2024.02.26	01:15:09.247	0.95342	0.95342			6
2024.02.26	01:15:09.324	0.95343	0.95343			6
2024.02.26	01:15:09.443	0.95342	0.95342			6
2024.02.26	01:15:10.322	0.95343	0.95343			6
2024.02.26	01:15:10.488	0.95342	0.95342			6
2024.02.26	01:15:11.358	0.95343	0.95343			6
2024.02.26	01:15:11.487	0.95342	0.95342			6
2024.02.26	01:15:13.407	0.95343	0.95343			6
2024.02.26	01:15:13.496	0.95342	0.95342			6
2024.02.26	01:15:13.908	0.95343	0.95343			6
2024.02.26	01:15:14.292	0.95342	0.95342			6
2024.02.26	01:15:14.455	0.95343	0.95343			6
2024.02.26	01:15:14.594	0.95342	0.95342			6
2024.02.26	01:15:14.904	0.95343	0.95343			6
2024.02.26	01:15:15.325	0.95342	0.95342			6
2024.02.26	01:15:15.477	0.95343	0.95343			6
2024.02.26	01:15:15.627	0.95342	0.95342			6
2024.02.26	01:15:16.525	0.95343	0.95343			6
2024.02.26	01:15:16.647	0.95342	0.95342			6
2024.02.26	01:15:17.555	0.95343	0.95343			6
2024.02.26	01:15:17.705	0.95342	0.95342			6
2024.02.26	01:15:18.618	0.95343	0.95343			6
2024.02.26	01:15:19.634	0.95344	0.95344			6
2024.02.26	01:15:19.763	0.95342	0.95342			6
2024.02.26	01:15:19.916	0.95343	0.95343			6
2024.02.26	01:15:20.218	0.95342	0.95342			6
2024.02.26	01:15:20.497	0.95343	0.95343			6
2024.02.26	01:15:20.749	0.95344	0.95344			6
2024.02.26	01:15:20.809	0.95343	0.95343			6
2024.02.26	01:15:22.555	0.95342	0.95342			6
2024.02.26	01:15:22.736	0.95343	0.95343			6
2024.02.26	01:15:23.872	0.95342	0.95342			6
2024.02.26	01:15:24.804	0.95344	0.95344			6
2024.02.26	01:15:24.898	0.95343	0.95343			6
2024.02.26	01:15:25.029	0.95342	0.95342			6
2024.02.26	01:15:25.815	0.95343	0.95343			6
2024.02.26	01:15:27.150	0.95342	0.95342			6
2024.02.26	01:15:27.929	0.95343	0.95343			6
2024.02.26	01:15:28.058	0.95342	0.95342			6
2024.02.26	01:15:28.971	0.95343	0.95343			6
2024.02.26	01:15:29.076	0.95342	0.95342			6
2024.02.26	01:15:29.236	0.95343	0.95343			6
2024.02.26	01:15:29.977	0.95342	0.95342			6
2024.02.26	01:15:30.007	0.95343	0.95343			6
2024.02.26	01:15:30.548	0.95342	0.95342			6
2024.02.26	01:15:30.735	0.95339	0.95339			6
2024.02.26	01:15:30.764	0.95337	0.95337			6
2024.02.26	01:15:30.976	0.95336	0.95336			6
2024.02.26	01:15:35.014	0.95338	0.95338			6
2024.02.26	01:15:36.123	0.95337	0.95337			6
2024.02.26	01:15:36.244	0.95338	0.95338			6
2024.02.26	01:15:39.104	0.95337	0.95337			6
2024.02.26	01:15:42.249	0.95341	0.95341			6
2024.02.26	01:15:42.762	0.95342	0.95342			6
2024.02.26	01:15:44.458	0.95341	0.95341			6
2024.02.26	01:15:44.488	0.95339	0.95339			6
2024.02.26	01:15:44.521	0.95337	0.95337			6
2024.02.26	01:15:44.548	0.95338	0.95338			6
2024.02.26	01:15:44.666	0.95339	0.95339			6
2024.02.26	01:15:44.696	0.95338	0.95338			6
2024.02.26	01:15:44.848	0.95337	0.95337			6
2024.02.26	01:15:44.937	0.95339	0.95339			6
2024.02.26	01:15:45.076	0.95338	0.95338			6
2024.02.26	01:15:45.945	0.95339	0.95339			6
2024.02.26	01:15:46.161	0.95338	0.95338			6
2024.02.26	01:15:46.971	0.95339	0.95339			6
2024.02.26	01:15:47.214	0.95338	0.95338			6
2024.02.26	01:15:47.455	0.95337	0.95337			6
2024.02.26	01:15:48.025	0.95338	0.95338			6
2024.02.26	01:15:48.134	0.95339	0.95339			6
2024.02.26	01:15:48.163	0.95338	0.95338			6
2024.02.26	01:15:48.866	0.95339	0.95339			6
2024.02.26	01:15:50.649	0.95338	0.95338			6
2024.02.26	01:15:51.028	0.95339	0.95339			6
2024.02.26	01:15:53.551	0.95338	0.95338			6
2024.02.26	01:15:54.405	0.95339	0.95339			6
2024.02.26	01:15:55.568	0.95338	0.95338			6
2024.02.26	01:15:57.037	0.95339	0.95339			6
2024.02.26	01:15:57.679	0.95338	0.95338			6
2024.02.26	01:15:58.487	0.95339	0.95339			6
2024.02.26	01:15:58.746	0.95338	0.95338			6
2024.02.26	01:15:59.558	0.95339	0.95339			6
2024.02.26	01:15:59.689	0.95338	0.95338			6
2024.02.26	01:16:00.579	0.95338				2
2024.02.26	01:16:00.609	0.95339	0.95339			6
2024.02.26	01:16:00.820	0.95338	0.95338			6
2024.02.26	01:16:01.587	0.95339	0.95339			6
2024.02.26	01:16:01.723	0.95338	0.95338			6
2024.02.26	01:16:01.753	0.95339	0.95339			6
2024.02.26	01:16:03.055	0.95338	0.95338			6
2024.02.26	01:16:03.114	0.95339	0.95339			6
2024.02.26	01:16:03.220	0.95337	0.95337			6
2024.02.26	01:16:04.098	0.95338	0.95338			6
2024.02.26	01:16:04.128	0.95339	0.95339			6
2024.02.26	01:16:04.243	0.95338	0.95338			6
2024.02.26	01:16:04.621	0.95337	0.95337			6
2024.02.26	01:16:05.125	0.95338	0.95338			6
2024.02.26	01:16:05.255	0.95337	0.95337			6
2024.02.26	01:16:05.715	0.95338	0.95338			6
2024.02.26	01:16:05.746	0.95337	0.95337			6
2024.02.26	01:16:05.776	0.95336	0.95336			6
2024.02.26	01:16:05.806	0.95338	0.95338			6
2024.02.26	01:16:05.834	0.95337	0.95337			6
2024.02.26	01:16:06.046	0.95338	0.95338			6
2024.02.26	01:16:06.076	0.95337	0.95337			6
2024.02.26	01:16:08.843	0.95336	0.95336			6
2024.02.26	01:16:08.874	0.95337	0.95337			6
2024.02.26	01:16:12.076	0.95338	0.95338			6
2024.02.26	01:16:14.905	0.95337	0.95337			6
2024.02.26	01:16:33.310	0.95338	0.95338			6
2024.02.26	01:16:34.955	0.95337	0.95337			6
2024.02.26	01:16:42.174	0.95338	0.95338			6
2024.02.26	01:16:45.125	0.95337	0.95337			6
2024.02.26	01:16:59.259	0.95338	0.95338			6
2024.02.26	01:16:59.754	0.95337	0.95337			6
2024.02.26	01:17:01.319	0.95338	0.95338			6
2024.02.26	01:17:01.853	0.95337	0.95337			6
2024.02.26	01:17:02.478	0.95338	0.95338			6
2024.02.26	01:17:02.824	0.95337	0.95337			6
2024.02.26	01:17:04.545	0.95338	0.95338			6
2024.02.26	01:17:07.713	0.95339	0.95339			6
2024.02.26	01:17:07.925	0.95338	0.95338			6
2024.02.26	01:17:08.749	0.95339	0.95339			6
2024.02.26	01:17:08.779	0.95341	0.95341			6
2024.02.26	01:17:08.808	0.95342	0.95342			6
2024.02.26	01:17:09.778	0.95341	0.95341			6
2024.02.26	01:17:09.838	0.95342	0.95342			6
2024.02.26	01:17:09.995	0.95341	0.95341			6
2024.02.26	01:17:10.054	0.95342	0.95342			6
2024.02.26	01:17:10.896	0.95343	0.95343			6
2024.02.26	01:17:11.045	0.95342	0.95342			6
2024.02.26	01:17:12.836	0.95341	0.95341			6
2024.02.26	01:17:12.867	0.95340	0.95340			6
2024.02.26	01:17:14.106	0.95341	0.95341			6
2024.02.26	01:17:14.937	0.95340	0.95340			6
2024.02.26	01:17:14.968	0.95341	0.95341			6
2024.02.26	01:17:23.625	0.95340	0.95340			6
2024.02.26	01:17:24.357	0.95339	0.95339			6
2024.02.26	01:17:32.217	0.95337	0.95337			6
2024.02.26	01:17:32.335	0.95336	0.95336			6
2024.02.26	01:17:32.429	0.95337	0.95337			6
2024.02.26	01:17:33.225	0.95336	0.95336			6
2024.02.26	01:17:33.629	0.95337	0.95337			6
2024.02.26	01:17:34.149	0.95336	0.95336			6
2024.02.26	01:17:41.747	0.95337	0.95337			6
2024.02.26	01:17:45.446	0.95338	0.95338			6
2024.02.26	01:17:46.574	0.95337	0.95337			6
2024.02.26	01:17:48.486	0.95338	0.95338			6
2024.02.26	01:17:48.637	0.95337	0.95337			6
2024.02.26	01:17:52.640	0.95338	0.95338			6
2024.02.26	01:17:52.771	0.95337	0.95337			6
2024.02.26	01:18:01.187	0.95337				2
2024.02.26	01:18:03.018	0.95338	0.95338			6
2024.02.26	01:18:03.169	0.95337	0.95337			6
2024.02.26	01:18:05.106	0.95338	0.95338			6
2024.02.26	01:18:05.225	0.95337	0.95337			6
2024.02.26	01:18:09.895	0.95338	0.95338			6
2024.02.26	01:18:09.928	0.95337	0.95337			6
2024.02.26	01:18:11.817	0.95336	0.95336			6
2024.02.26	01:18:13.460	0.95335	0.95335			6
2024.02.26	01:18:15.508	0.95336	0.95336			6
2024.02.26	01:18:15.537	0.95335	0.95335			6
2024.02.26	01:18:18.916	0.95336	0.95336			6
2024.02.26	01:18:19.470	0.95337	0.95337			6
2024.02.26	01:18:19.747	0.95336	0.95336			6
2024.02.26	01:18:20.116	0.95337	0.95337			6
2024.02.26	01:18:22.053	0.95338	0.95338			6
2024.02.26	01:18:24.144	0.95337	0.95337			6
2024.02.26	01:18:26.185	0.95338	0.95338			6
2024.02.26	01:18:28.295	0.95337	0.95337			6
2024.02.26	01:18:29.998	0.95340	0.95340			6
2024.02.26	01:18:30.354	0.95341	0.95341			6
2024.02.26	01:18:34.262	0.95338	0.95338			6
2024.02.26	01:18:34.520	0.95337	0.95337			6
2024.02.26	01:18:35.246	0.95338	0.95338			6
2024.02.26	01:18:36.444	0.95337	0.95337			6
2024.02.26	01:18:44.865	0.95336	0.95336			6
2024.02.26	01:18:45.307	0.95335	0.95335			6
2024.02.26	01:18:46.073	0.95334	0.95334			6
2024.02.26	01:18:46.264	0.95335	0.95335			6
2024.02.26	01:18:46.664	0.95334	0.95334			6
2024.02.26	01:18:47.325	0.95335	0.95335			6
2024.02.26	01:18:47.444	0.95336	0.95336			6
2024.02.26	01:18:50.435	0.95335	0.95335			6
2024.02.26	01:18:50.566	0.95336	0.95336			6
2024.02.26	01:18:52.483	0.95335	0.95335			6
2024.02.26	01:18:52.634	0.95336	0.95336			6
2024.02.26	01:18:54.918	0.95335	0.95335			6
2024.02.26	01:18:55.173	0.95336	0.95336			6
2024.02.26	01:18:59.877	0.95337	0.95337			6
2024.02.26	01:19:00.055	0.95335	0.95335			6
2024.02.26	01:19:00.144	0.95336	0.95336			6
2024.02.26	01:19:00.204	0.95337	0.95337			6
2024.02.26	01:19:00.454	0.95336	0.95336			6
2024.02.26	01:19:00.554	0.95337	0.95337			6
2024.02.26	01:19:00.722	0.95336	0.95336			6
2024.02.26	01:19:09.283	0.95335	0.95335			6
2024.02.26	01:19:10.396	0.95336	0.95336			6
2024.02.26	01:19:10.645	0.95335	0.95335			6
2024.02.26	01:19:28.796	0.95334	0.95334			6
2024.02.26	01:19:30.494	0.95335	0.95335			6
2024.02.26	01:19:32.325	0.95334	0.95334			6
2024.02.26	01:19:32.355	0.95335	0.95335			6
2024.02.26	01:19:33.781	0.95336	0.95336			6
2024.02.26	01:19:38.725	0.95337	0.95337			6
2024.02.26	01:19:38.756	0.95339	0.95339			6
2024.02.26	01:19:41.483	0.95340	0.95340			6
2024.02.26	01:19:42.854	0.95341	0.95341			6
2024.02.26	01:19:42.885	0.95337	0.95337			6
2024.02.26	01:19:42.915	0.95335	0.95335			6
2024.02.26	01:19:42.974	0.95333	0.95333			6
2024.02.26	01:19:43.433	0.95332	0.95332			6
2024.02.26	01:19:44.000	0.95329	0.95329			6
2024.02.26	01:19:45.604	0.95330	0.95330			6
2024.02.26	01:19:46.115	0.95329	0.95329			6
2024.02.26	01:19:46.145	0.95330	0.95330			6
2024.02.26	01:19:46.235	0.95329	0.95329			6
2024.02.26	01:19:46.673	0.95330	0.95330			6
2024.02.26	01:19:46.888	0.95329	0.95329			6
2024.02.26	01:19:46.918	0.95330	0.95330			6
2024.02.26	01:19:48.015	0.95329	0.95329			6
2024.02.26	01:19:49.247	0.95328	0.95328			6
2024.02.26	01:19:49.391	0.95329	0.95329			6
2024.02.26	01:19:50.521	0.95330	0.95330			6
2024.02.26	01:19:51.684	0.95329	0.95329			6
2024.02.26	01:19:52.474	0.95328	0.95328			6
2024.02.26	01:19:52.624	0.95329	0.95329			6
2024.02.26	01:20:00.762	0.95329				2
2024.02.26	01:20:11.435	0.95330	0.95330			6
2024.02.26	01:20:11.820	0.95331	0.95331			6
2024.02.26	01:20:12.001	0.95330	0.95330			6
2024.02.26	01:20:12.479	0.95331	0.95331			6
2024.02.26	01:20:13.055	0.95330	0.95330			6
2024.02.26	01:20:17.206	0.95329	0.95329			6
2024.02.26	01:20:18.427	0.95330	0.95330			6
2024.02.26	01:20:21.242	0.95329	0.95329			6
2024.02.26	01:20:21.362	0.95330	0.95330			6
2024.02.26	01:20:22.052	0.95331	0.95331			6
2024.02.26	01:20:22.141	0.95330	0.95330			6
2024.02.26	01:20:22.171	0.95331	0.95331			6
2024.02.26	01:20:22.200	0.95330	0.95330			6
2024.02.26	01:20:23.290	0.95331	0.95331			6
2024.02.26	01:20:23.320	0.95330	0.95330			6
2024.02.26	01:20:25.676	0.95331	0.95331			6
2024.02.26	01:20:25.736	0.95332	0.95332			6
2024.02.26	01:20:25.767	0.95333	0.95333			6
2024.02.26	01:20:25.856	0.95334	0.95334			6
2024.02.26	01:20:26.184	0.95335	0.95335			6
2024.02.26	01:20:26.742	0.95334	0.95334			6
2024.02.26	01:20:26.772	0.95333	0.95333			6
2024.02.26	01:20:27.823	0.95334	0.95334			6
2024.02.26	01:20:27.984	0.95335	0.95335			6
2024.02.26	01:20:28.555	0.95334	0.95334			6
2024.02.26	01:20:28.886	0.95333	0.95333			6
2024.02.26	01:20:37.306	0.95332	0.95332			6
2024.02.26	01:20:37.558	0.95333	0.95333			6
2024.02.26	01:20:44.566	0.95332	0.95332			6
2024.02.26	01:21:00.061	0.95332				2
2024.02.26	01:21:03.053	0.95333	0.95333			6
2024.02.26	01:21:18.750	0.95332	0.95332			6
2024.02.26	01:21:19.543	0.95333	0.95333			6
2024.02.26	01:21:19.820	0.95332	0.95332			6
2024.02.26	01:21:20.595	0.95333	0.95333			6
2024.02.26	01:21:23.219	0.95332	0.95332			6
2024.02.26	01:21:29.087	0.95333	0.95333			6
2024.02.26	01:21:29.597	0.95332	0.95332			6
2024.02.26	01:21:42.404	0.95333	0.95333			6
2024.02.26	01:21:43.284	0.95332	0.95332			6
2024.02.26	01:21:43.486	0.95333	0.95333			6
2024.02.26	01:21:44.310	0.95332	0.95332			6
2024.02.26	01:21:44.522	0.95333	0.95333			6
2024.02.26	01:21:45.352	0.95332	0.95332			6
2024.02.26	01:21:45.568	0.95333	0.95333			6
2024.02.26	01:21:46.383	0.95332	0.95332			6
2024.02.26	01:21:46.606	0.95333	0.95333			6
2024.02.26	01:21:50.593	0.95334	0.95334			6
2024.02.26	01:21:50.623	0.95336	0.95336			6
2024.02.26	01:21:53.263	0.95334	0.95334			6
2024.02.26	01:22:06.465	0.95333	0.95333			6
2024.02.26	01:22:36.450	0.95332	0.95332			6
2024.02.26	01:22:37.058	0.95333	0.95333			6
2024.02.26	01:22:37.387	0.95332	0.95332			6
2024.02.26	01:22:40.285	0.95333	0.95333			6
2024.02.26	01:22:47.657	0.95332	0.95332			6
2024.02.26	01:22:48.269	0.95333	0.95333			6
2024.02.26	01:22:48.692	0.95332	0.95332			6
2024.02.26	01:22:49.703	0.95333	0.95333			6
2024.02.26	01:22:51.803	0.95332	0.95332			6
2024.02.26	01:22:52.793	0.95333	0.95333			6
2024.02.26	01:23:00.053	0.95333				2
2024.02.26	01:23:12.895	0.95334	0.95334			6
2024.02.26	01:23:16.794	0.95333	0.95333			6
2024.02.26	01:23:16.915	0.95334	0.95334			6
2024.02.26	01:23:17.972	0.95335	0.95335			6
2024.02.26	01:23:18.002	0.95333	0.95333			6
2024.02.26	01:23:18.883	0.95334	0.95334			6
2024.02.26	01:23:19.234	0.95333	0.95333			6
2024.02.26	01:23:19.569	0.95334	0.95334			6
2024.02.26	01:23:21.649	0.95333	0.95333			6
2024.02.26	01:23:21.946	0.95334	0.95334			6
2024.02.26	01:23:23.425	0.95333	0.95333			6
2024.02.26	01:23:41.650	0.95332	0.95332			6
2024.02.26	01:23:42.803	0.95333	0.95333			6
2024.02.26	01:23:47.296	0.95332	0.95332			6
2024.02.26	01:23:50.824	0.95333	0.95333			6
2024.02.26	01:23:51.501	0.95332	0.95332			6
2024.02.26	01:23:53.222	0.95333	0.95333			6
2024.02.26	01:23:53.519	0.95332	0.95332			6
2024.02.26	01:24:06.633	0.95332				2
2024.02.26	01:24:19.228	0.95333	0.95333			6
2024.02.26	01:24:30.504	0.95336	0.95336			6
2024.02.26	01:24:35.177	0.95333	0.95333			6
2024.02.26	01:24:35.478	0.95331	0.95331			6
2024.02.26	01:24:42.784	0.95330	0.95330			6
2024.02.26	01:24:42.934	0.95329	0.95329			6
2024.02.26	01:24:43.998	0.95328	0.95328			6
2024.02.26	01:24:47.236	0.95329	0.95329			6
2024.02.26	01:24:47.396	0.95328	0.95328			6
2024.02.26	01:24:48.516	0.95330	0.95330			6
2024.02.26	01:24:55.753	0.95328	0.95328			6
2024.02.26	01:24:56.286	0.95330	0.95330			6
2024.02.26	01:24:56.847	0.95328	0.95328			6
2024.02.26	01:24:58.765	0.95330	0.95330			6
2024.02.26	01:24:59.039	0.95328	0.95328			6
2024.02.26	01:25:01.712	0.95330	0.95330			6
2024.02.26	01:25:01.987	0.95328	0.95328			6
2024.02.26	01:25:02.823	0.95329	0.95329			6
2024.02.26	01:25:03.095	0.95328	0.95328			6
2024.02.26	01:25:03.841	0.95329	0.95329			6
2024.02.26	01:25:04.127	0.95328	0.95328			6
2024.02.26	01:25:04.575	0.95330	0.95330			6
2024.02.26	01:25:05.104	0.95329	0.95329			6
2024.02.26	01:25:07.432	0.95328	0.95328			6
2024.02.26	01:25:09.840	0.95329	0.95329			6
2024.02.26	01:25:10.256	0.95328	0.95328			6
2024.02.26	01:25:16.297	0.95330	0.95330			6
2024.02.26	01:25:16.566	0.95328	0.95328			6
2024.02.26	01:25:24.133	0.95330	0.95330			6
2024.02.26	01:25:24.916	0.95328	0.95328			6
2024.02.26	01:25:47.297	0.95329	0.95329			6
2024.02.26	01:25:49.957	0.95327	0.95327			6
2024.02.26	01:25:50.076	0.95328	0.95328			6
2024.02.26	01:25:52.069	0.95329	0.95329			6
2024.02.26	01:25:52.400	0.95328	0.95328			6
2024.02.26	01:25:52.551	0.95327	0.95327			6
2024.02.26	01:25:53.667	0.95328	0.95328			6
2024.02.26	01:25:54.477	0.95327	0.95327			6
2024.02.26	01:25:54.628	0.95328	0.95328			6
2024.02.26	01:25:55.528	0.95327	0.95327			6
2024.02.26	01:25:55.649	0.95328	0.95328			6
2024.02.26	01:25:56.564	0.95327	0.95327			6
2024.02.26	01:25:56.685	0.95328	0.95328			6
2024.02.26	01:25:57.575	0.95327	0.95327			6
2024.02.26	01:25:57.730	0.95328	0.95328			6
2024.02.26	01:25:58.612	0.95327	0.95327			6
2024.02.26	01:25:58.764	0.95328	0.95328			6
2024.02.26	01:25:59.666	0.95327	0.95327			6
2024.02.26	01:25:59.886	0.95328	0.95328			6
2024.02.26	01:26:00.677	0.95328				2
2024.02.26	01:26:00.706	0.95327	0.95327			6
2024.02.26	01:26:00.826	0.95328	0.95328			6
2024.02.26	01:26:00.856	0.95329	0.95329			6
2024.02.26	01:26:01.702	0.95328	0.95328			6
2024.02.26	01:26:01.732	0.95327	0.95327			6
2024.02.26	01:26:01.853	0.95328	0.95328			6
2024.02.26	01:26:01.884	0.95329	0.95329			6
2024.02.26	01:26:02.266	0.95328	0.95328			6
2024.02.26	01:26:02.780	0.95327	0.95327			6
2024.02.26	01:26:02.914	0.95328	0.95328			6
2024.02.26	01:26:03.823	0.95327	0.95327			6
2024.02.26	01:26:03.945	0.95328	0.95328			6
2024.02.26	01:26:04.845	0.95327	0.95327			6
2024.02.26	01:26:04.984	0.95328	0.95328			6
2024.02.26	01:26:05.868	0.95327	0.95327			6
2024.02.26	01:26:06.023	0.95328	0.95328			6
2024.02.26	01:26:06.932	0.95327	0.95327			6
2024.02.26	01:26:07.054	0.95328	0.95328			6
2024.02.26	01:26:07.766	0.95329	0.95329			6
2024.02.26	01:26:07.887	0.95328	0.95328			6
2024.02.26	01:26:08.613	0.95329	0.95329			6
2024.02.26	01:26:08.975	0.95328	0.95328			6
2024.02.26	01:26:09.345	0.95329	0.95329			6
2024.02.26	01:26:10.007	0.95328	0.95328			6
2024.02.26	01:26:10.353	0.95329	0.95329			6
2024.02.26	01:26:11.023	0.95328	0.95328			6
2024.02.26	01:26:12.914	0.95327	0.95327			6
2024.02.26	01:26:12.973	0.95328	0.95328			6
2024.02.26	01:26:13.793	0.95327	0.95327			6
2024.02.26	01:26:13.974	0.95328	0.95328			6
2024.02.26	01:26:14.034	0.95327	0.95327			6
2024.02.26	01:26:14.808	0.95328	0.95328			6
2024.02.26	01:26:15.068	0.95327	0.95327			6
2024.02.26	01:26:20.333	0.95324	0.95324			6
2024.02.26	01:26:20.454	0.95325	0.95325			6
2024.02.26	01:26:20.572	0.95324	0.95324			6
2024.02.26	01:26:24.815	0.95325	0.95325			6
2024.02.26	01:26:25.706	0.95324	0.95324			6
2024.02.26	01:26:25.766	0.95325	0.95325			6
2024.02.26	01:26:25.826	0.95326	0.95326			6
2024.02.26	01:26:27.082	0.95328	0.95328			6
2024.02.26	01:26:27.141	0.95329	0.95329			6
2024.02.26	01:26:27.170	0.95330	0.95330			6
2024.02.26	01:26:27.291	0.95327	0.95327			6
2024.02.26	01:26:27.471	0.95329	0.95329			6
2024.02.26	01:26:27.592	0.95328	0.95328			6
2024.02.26	01:26:27.862	0.95327	0.95327			6
2024.02.26	01:26:28.674	0.95328	0.95328			6
2024.02.26	01:26:29.356	0.95327	0.95327			6
2024.02.26	01:26:35.920	0.95326	0.95326			6
2024.02.26	01:26:35.950	0.95327	0.95327			6
2024.02.26	01:26:36.983	0.95328	0.95328			6
2024.02.26	01:26:37.211	0.95327	0.95327			6
2024.02.26	01:26:39.314	0.95326	0.95326			6
2024.02.26	01:26:39.434	0.95328	0.95328			6
2024.02.26	01:26:39.464	0.95327	0.95327			6
2024.02.26	01:26:39.733	0.95328	0.95328			6
2024.02.26	01:26:40.337	0.95326	0.95326			6
2024.02.26	01:26:40.487	0.95328	0.95328			6
2024.02.26	01:26:41.365	0.95327	0.95327			6
2024.02.26	01:26:41.515	0.95328	0.95328			6
2024.02.26	01:26:42.433	0.95327	0.95327			6
2024.02.26	01:26:42.539	0.95328	0.95328			6
2024.02.26	01:26:42.993	0.95327	0.95327			6
2024.02.26	01:26:43.376	0.95326	0.95326			6
2024.02.26	01:26:44.075	0.95327	0.95327			6
2024.02.26	01:26:46.584	0.95326	0.95326			6
2024.02.26	01:26:46.983	0.95327	0.95327			6
2024.02.26	01:26:49.166	0.95326	0.95326			6
2024.02.26	01:26:49.285	0.95327	0.95327			6
2024.02.26	01:26:49.915	0.95328	0.95328			6
2024.02.26	01:26:50.095	0.95327	0.95327			6
2024.02.26	01:26:51.014	0.95328	0.95328			6
2024.02.26	01:26:51.666	0.95327	0.95327			6
2024.02.26	01:26:52.169	0.95328	0.95328			6
2024.02.26	01:26:52.791	0.95327	0.95327			6
2024.02.26	01:26:53.036	0.95328	0.95328			6
2024.02.26	01:26:53.758	0.95327	0.95327			6
2024.02.26	01:26:54.755	0.95326	0.95326			6
2024.02.26	01:27:00.861	0.95326				2
2024.02.26	01:27:01.984	0.95327	0.95327			6
2024.02.26	01:27:02.078	0.95326	0.95326			6
2024.02.26	01:27:02.818	0.95327	0.95327			6
2024.02.26	01:27:05.972	0.95326	0.95326			6
2024.02.26	01:27:08.247	0.95327	0.95327			6
2024.02.26	01:27:08.488	0.95330	0.95330			6
2024.02.26	01:27:08.517	0.95332	0.95332			6
2024.02.26	01:27:08.697	0.95333	0.95333			6
2024.02.26	01:27:08.790	0.95334	0.95334			6
2024.02.26	01:27:09.029	0.95335	0.95335			6
2024.02.26	01:27:09.301	0.95336	0.95336			6
2024.02.26	01:27:09.870	0.95335	0.95335			6
2024.02.26	01:27:14.270	0.95334	0.95334			6
2024.02.26	01:27:20.549	0.95333	0.95333			6
2024.02.26	01:27:21.268	0.95330	0.95330			6
2024.02.26	01:27:21.358	0.95331	0.95331			6
2024.02.26	01:27:21.387	0.95330	0.95330			6
2024.02.26	01:27:23.236	0.95329	0.95329			6
2024.02.26	01:27:23.327	0.95330	0.95330			6
2024.02.26	01:27:24.049	0.95332	0.95332			6
2024.02.26	01:27:24.078	0.95333	0.95333			6
2024.02.26	01:27:24.592	0.95332	0.95332			6
2024.02.26	01:27:24.785	0.95331	0.95331			6
2024.02.26	01:27:25.326	0.95330	0.95330			6
2024.02.26	01:27:26.861	0.95329	0.95329			6
2024.02.26	01:27:27.645	0.95331	0.95331			6
2024.02.26	01:27:28.878	0.95330	0.95330			6
2024.02.26	01:27:36.402	0.95331	0.95331			6
2024.02.26	01:27:54.022	0.95329	0.95329			6
2024.02.26	01:27:54.292	0.95330	0.95330			6
2024.02.26	01:27:55.055	0.95329	0.95329			6
2024.02.26	01:27:55.295	0.95330	0.95330			6
2024.02.26	01:27:55.824	0.95329	0.95329			6
2024.02.26	01:27:57.087	0.95330	0.95330			6
2024.02.26	01:27:58.114	0.95329	0.95329			6
2024.02.26	01:28:00.088	0.95329				2
2024.02.26	01:28:02.456	0.95330	0.95330			6
2024.02.26	01:28:05.108	0.95329	0.95329			6
2024.02.26	01:28:05.864	0.95331	0.95331			6
2024.02.26	01:28:05.893	0.95329	0.95329			6
2024.02.26	01:28:08.445	0.95330	0.95330			6
2024.02.26	01:28:09.578	0.95329	0.95329			6
2024.02.26	01:28:09.730	0.95332	0.95332			6
2024.02.26	01:28:09.760	0.95335	0.95335			6
2024.02.26	01:28:09.974	0.95336	0.95336			6
2024.02.26	01:28:10.064	0.95335	0.95335			6
2024.02.26	01:28:14.085	0.95336	0.95336			6
2024.02.26	01:28:14.911	0.95337	0.95337			6
2024.02.26	01:28:19.333	0.95338	0.95338			6
2024.02.26	01:28:20.466	0.95337	0.95337			6
2024.02.26	01:28:21.373	0.95334	0.95334			6
2024.02.26	01:28:24.928	0.95333	0.95333			6
2024.02.26	01:28:26.236	0.95334	0.95334			6
2024.02.26	01:28:28.586	0.95337	0.95337			6
2024.02.26	01:28:28.616	0.95340	0.95340			6
2024.02.26	01:28:29.486	0.95341	0.95341			6
2024.02.26	01:28:29.515	0.95340	0.95340			6
2024.02.26	01:28:31.257	0.95339	0.95339			6
2024.02.26	01:28:31.574	0.95338	0.95338			6
2024.02.26	01:28:32.433	0.95337	0.95337			6
2024.02.26	01:28:33.711	0.95336	0.95336			6
2024.02.26	01:28:33.741	0.95334	0.95334			6
2024.02.26	01:28:34.175	0.95333	0.95333			6
2024.02.26	01:28:34.356	0.95335	0.95335			6
2024.02.26	01:28:34.484	0.95334	0.95334			6
2024.02.26	01:28:35.606	0.95333	0.95333			6
2024.02.26	01:28:35.725	0.95335	0.95335			6
2024.02.26	01:28:36.613	0.95334	0.95334			6
2024.02.26	01:28:37.730	0.95335	0.95335			6
2024.02.26	01:28:39.336	0.95337	0.95337			6
2024.02.26	01:28:39.697	0.95336	0.95336			6
2024.02.26	01:28:43.436	0.95334	0.95334			6
2024.02.26	01:28:55.264	0.95335	0.95335			6
2024.02.26	01:28:55.544	0.95334	0.95334			6
2024.02.26	01:28:56.087	0.95335	0.95335			6
2024.02.26	01:28:57.014	0.95334	0.95334			6
2024.02.26	01:28:57.405	0.95335	0.95335			6
2024.02.26	01:28:57.656	0.95334	0.95334			6
2024.02.26	01:28:58.425	0.95335	0.95335			6
2024.02.26	01:28:58.693	0.95334	0.95334			6
2024.02.26	01:28:59.461	0.95335	0.95335			6
2024.02.26	01:28:59.734	0.95334	0.95334			6
2024.02.26	01:29:00.400	0.95335	0.95335			6
2024.02.26	01:29:00.670	0.95334	0.95334			6
2024.02.26	01:29:01.126	0.95335	0.95335			6
2024.02.26	01:29:01.784	0.95334	0.95334			6
2024.02.26	01:29:02.588	0.95335	0.95335			6
2024.02.26	01:29:02.844	0.95334	0.95334			6
2024.02.26	01:29:03.618	0.95335	0.95335			6
2024.02.26	01:29:03.878	0.95334	0.95334			6
2024.02.26	01:29:04.628	0.95335	0.95335			6
2024.02.26	01:29:04.894	0.95334	0.95334			6
2024.02.26	01:29:05.946	0.95330	0.95330			6
2024.02.26	01:29:05.976	0.95329	0.95329			6
2024.02.26	01:29:06.007	0.95331	0.95331			6
2024.02.26	01:29:06.066	0.95330	0.95330			6
2024.02.26	01:29:06.428	0.95331	0.95331			6
2024.02.26	01:29:06.458	0.95330	0.95330			6
2024.02.26	01:29:09.796	0.95331	0.95331			6
2024.02.26	01:29:09.826	0.95330	0.95330			6
2024.02.26	01:29:10.125	0.95335	0.95335			6
2024.02.26	01:29:10.396	0.95337	0.95337			6
2024.02.26	01:29:10.425	0.95338	0.95338			6
2024.02.26	01:29:10.546	0.95339	0.95339			6
2024.02.26	01:29:15.934	0.95338	0.95338			6
2024.02.26	01:29:17.735	0.95337	0.95337			6
2024.02.26	01:29:19.914	0.95339	0.95339			6
2024.02.26	01:29:21.472	0.95338	0.95338			6
2024.02.26	01:29:21.502	0.95339	0.95339			6
2024.02.26	01:29:21.562	0.95337	0.95337			6
2024.02.26	01:29:22.082	0.95338	0.95338			6
2024.02.26	01:29:24.912	0.95337	0.95337			6
2024.02.26	01:29:25.177	0.95343	0.95343			6
2024.02.26	01:29:25.208	0.95344	0.95344			6
2024.02.26	01:29:26.672	0.95343	0.95343			6
2024.02.26	01:29:27.515	0.95344	0.95344			6
2024.02.26	01:29:29.843	0.95343	0.95343			6
2024.02.26	01:29:34.434	0.95344	0.95344			6
2024.02.26	01:29:35.182	0.95342	0.95342			6
2024.02.26	01:29:35.248	0.95341	0.95341			6
2024.02.26	01:29:37.421	0.95340	0.95340			6
2024.02.26	01:29:37.540	0.95339	0.95339			6
2024.02.26	01:29:38.626	0.95340	0.95340			6
2024.02.26	01:29:38.656	0.95342	0.95342			6
2024.02.26	01:29:38.880	0.95341	0.95341			6
2024.02.26	01:29:41.423	0.95342	0.95342			6
2024.02.26	01:29:41.926	0.95349	0.95349			6
2024.02.26	01:29:42.045	0.95345	0.95345			6
2024.02.26	01:29:42.075	0.95344	0.95344			6
2024.02.26	01:29:42.340	0.95343	0.95343			6
2024.02.26	01:29:46.506	0.95342	0.95342			6
2024.02.26	01:29:47.062	0.95343	0.95343			6
2024.02.26	01:29:47.183	0.95342	0.95342			6
2024.02.26	01:29:47.213	0.95343	0.95343			6
2024.02.26	01:29:47.838	0.95342	0.95342			6
2024.02.26	01:29:49.879	0.95343	0.95343			6
2024.02.26	01:29:50.103	0.95344	0.95344			6
2024.02.26	01:29:50.264	0.95343	0.95343			6
2024.02.26	01:29:50.797	0.95341	0.95341			6
2024.02.26	01:29:51.054	0.95342	0.95342			6
2024.02.26	01:29:52.745	0.95345	0.95345			6
2024.02.26	01:29:53.016	0.95344	0.95344			6
2024.02.26	01:29:56.576	0.95347	0.95347			6
2024.02.26	01:29:56.696	0.95348	0.95348			6
2024.02.26	01:29:56.964	0.95347	0.95347			6
2024.02.26	01:29:58.196	0.95346	0.95346			6
2024.02.26	01:29:58.785	0.95345	0.95345			6
2024.02.26	01:30:00.693	0.95346	0.95346			6
2024.02.26	01:30:01.434	0.95348	0.95348			6
2024.02.26	01:30:03.325	0.95347	0.95347			6
2024.02.26	01:30:03.952	0.95348	0.95348			6
2024.02.26	01:30:04.276	0.95347	0.95347			6
2024.02.26	01:30:04.983	0.95348	0.95348			6
2024.02.26	01:30:05.074	0.95346	0.95346			6
2024.02.26	01:30:09.177	0.95347	0.95347			6
2024.02.26	01:30:09.207	0.95348	0.95348			6
2024.02.26	01:30:10.671	0.95349	0.95349			6
2024.02.26	01:30:11.122	0.95350	0.95350			6
2024.02.26	01:30:11.502	0.95349	0.95349			6
2024.02.26	01:30:12.059	0.95350	0.95350			6
2024.02.26	01:30:12.576	0.95349	0.95349			6
2024.02.26	01:30:12.606	0.95347	0.95347			6
2024.02.26	01:30:12.765	0.95348	0.95348			6
2024.02.26	01:30:12.793	0.95351	0.95351			6
2024.02.26	01:30:13.214	0.95352	0.95352			6
2024.02.26	01:30:13.305	0.95351	0.95351			6
2024.02.26	01:30:13.365	0.95352	0.95352			6
2024.02.26	01:30:13.574	0.95353	0.95353			6
2024.02.26	01:30:20.338	0.95352	0.95352			6
2024.02.26	01:30:20.942	0.95353	0.95353			6
2024.02.26	01:30:21.500	0.95351	0.95351			6
2024.02.26	01:30:21.621	0.95353	0.95353			6
2024.02.26	01:30:22.262	0.95354	0.95354			6
2024.02.26	01:30:22.595	0.95352	0.95352			6
2024.02.26	01:30:22.868	0.95353	0.95353			6
2024.02.26	01:30:25.215	0.95354	0.95354			6
2024.02.26	01:30:25.306	0.95353	0.95353			6
2024.02.26	01:30:25.518	0.95354	0.95354			6
2024.02.26	01:30:26.205	0.95353	0.95353			6
2024.02.26	01:30:31.163	0.95351	0.95351			6
2024.02.26	01:30:31.254	0.95350	0.95350			6
2024.02.26	01:30:31.434	0.95351	0.95351			6
2024.02.26	01:30:32.440	0.95350	0.95350			6
2024.02.26	01:30:41.754	0.95352	0.95352			6
2024.02.26	01:30:41.783	0.95351	0.95351			6
2024.02.26	01:30:41.903	0.95352	0.95352			6
2024.02.26	01:30:42.370	0.95349	0.95349			6
2024.02.26	01:30:42.460	0.95347	0.95347			6
2024.02.26	01:30:42.549	0.95348	0.95348			6
2024.02.26	01:30:43.566	0.95347	0.95347			6
2024.02.26	01:30:46.544	0.95349	0.95349			6
2024.02.26	01:30:46.797	0.95350	0.95350			6
2024.02.26	01:30:48.961	0.95351	0.95351			6
2024.02.26	01:30:49.593	0.95350	0.95350			6
2024.02.26	01:30:49.623	0.95351	0.95351			6
2024.02.26	01:30:53.734	0.95352	0.95352			6
2024.02.26	01:30:55.191	0.95351	0.95351			6
2024.02.26	01:30:55.524	0.95352	0.95352			6
2024.02.26	01:30:56.164	0.95353	0.95353			6
2024.02.26	01:30:56.223	0.95352	0.95352			6
2024.02.26	01:30:57.643	0.95351	0.95351			6
2024.02.26	01:30:57.793	0.95352	0.95352			6
2024.02.26	01:30:58.325	0.95351	0.95351			6
2024.02.26	01:30:58.904	0.95352	0.95352			6
2024.02.26	01:30:59.150	0.95351	0.95351			6
2024.02.26	01:31:00.144	0.95352	0.95352			6
2024.02.26	01:31:01.501	0.95351	0.95351			6
2024.02.26	01:31:08.996	0.95352	0.95352			6
2024.02.26	01:31:09.086	0.95351	0.95351			6
2024.02.26	01:31:10.169	0.95350	0.95350			6
2024.02.26	01:31:10.471	0.95351	0.95351			6
2024.02.26	01:31:18.516	0.95350	0.95350			6
2024.02.26	01:31:21.943	0.95347	0.95347			6
2024.02.26	01:31:21.974	0.95344	0.95344			6
2024.02.26	01:31:22.470	0.95345	0.95345			6
2024.02.26	01:31:26.382	0.95344	0.95344			6
2024.02.26	01:31:26.867	0.95343	0.95343			6
2024.02.26	01:31:28.972	0.95344	0.95344			6
2024.02.26	01:31:30.875	0.95343	0.95343			6
2024.02.26	01:31:31.175	0.95342	0.95342			6
2024.02.26	01:31:40.118	0.95343	0.95343			6
2024.02.26	01:31:40.420	0.95344	0.95344			6
2024.02.26	01:31:41.373	0.95343	0.95343			6
2024.02.26	01:31:45.215	0.95345	0.95345			6
2024.02.26	01:31:48.023	0.95346	0.95346			6
2024.02.26	01:31:50.170	0.95348	0.95348			6
2024.02.26	01:31:52.648	0.95350	0.95350			6
2024.02.26	01:31:52.817	0.95351	0.95351			6
2024.02.26	01:31:53.444	0.95350	0.95350			6
2024.02.26	01:31:54.152	0.95351	0.95351			6
2024.02.26	01:31:54.183	0.95350	0.95350			6
2024.02.26	01:31:54.719	0.95351	0.95351			6
2024.02.26	01:31:54.749	0.95353	0.95353			6
2024.02.26	01:31:57.811	0.95352	0.95352			6
2024.02.26	01:31:59.166	0.95351	0.95351			6
2024.02.26	01:31:59.196	0.95349	0.95349			6
2024.02.26	01:31:59.586	0.95350	0.95350			6
2024.02.26	01:32:08.765	0.95349	0.95349			6
2024.02.26	01:32:09.246	0.95348	0.95348			6
2024.02.26	01:32:09.723	0.95350	0.95350			6
2024.02.26	01:32:15.386	0.95348	0.95348			6
2024.02.26	01:32:15.444	0.95349	0.95349			6
2024.02.26	01:32:18.014	0.95346	0.95346			6
2024.02.26	01:32:18.504	0.95347	0.95347			6
2024.02.26	01:32:18.911	0.95346	0.95346			6
2024.02.26	01:32:19.122	0.95348	0.95348			6
2024.02.26	01:32:19.517	0.95349	0.95349			6
2024.02.26	01:32:20.652	0.95348	0.95348			6
2024.02.26	01:32:20.683	0.95347	0.95347			6
2024.02.26	01:32:20.742	0.95346	0.95346			6
2024.02.26	01:32:27.773	0.95347	0.95347			6
2024.02.26	01:32:28.787	0.95344	0.95344			6
2024.02.26	01:32:28.816	0.95343	0.95343			6
2024.02.26	01:32:30.174	0.95344	0.95344			6
2024.02.26	01:32:30.235	0.95345	0.95345			6
2024.02.26	01:32:30.724	0.95344	0.95344			6
2024.02.26	01:32:31.514	0.95345	0.95345			6
2024.02.26	01:32:31.545	0.95344	0.95344			6
2024.02.26	01:32:31.575	0.95345	0.95345			6
2024.02.26	01:32:31.697	0.95344	0.95344			6
2024.02.26	01:32:31.757	0.95345	0.95345			6
2024.02.26	01:32:32.584	0.95347	0.95347			6
2024.02.26	01:32:32.693	0.95346	0.95346			6
2024.02.26	01:32:32.844	0.95347	0.95347			6
2024.02.26	01:32:32.873	0.95348	0.95348			6
2024.02.26	01:32:32.934	0.95349	0.95349			6
2024.02.26	01:32:33.570	0.95348	0.95348			6
2024.02.26	01:32:34.080	0.95347	0.95347			6
2024.02.26	01:32:35.874	0.95348	0.95348			6
2024.02.26	01:32:36.083	0.95347	0.95347			6
2024.02.26	01:32:36.143	0.95346	0.95346			6
2024.02.26	01:32:39.845	0.95347	0.95347			6
2024.02.26	01:32:41.225	0.95346	0.95346			6
2024.02.26	01:32:49.562	0.95345	0.95345			6
2024.02.26	01:32:49.867	0.95346	0.95346			6
2024.02.26	01:32:51.698	0.95345	0.95345			6
2024.02.26	01:32:52.752	0.95346	0.95346			6
2024.02.26	01:33:00.289	0.95346				2
2024.02.26	01:33:02.283	0.95345	0.95345			6
2024.02.26	01:33:02.313	0.95344	0.95344			6
2024.02.26	01:33:05.988	0.95345	0.95345			6
2024.02.26	01:33:06.018	0.95346	0.95346			6
2024.02.26	01:33:06.168	0.95348	0.95348			6
2024.02.26	01:33:06.530	0.95347	0.95347			6
2024.02.26	01:33:07.344	0.95348	0.95348			6
2024.02.26	01:33:11.038	0.95347	0.95347			6
2024.02.26	01:33:11.609	0.95346	0.95346			6
2024.02.26	01:33:12.024	0.95347	0.95347			6
2024.02.26	01:33:13.057	0.95348	0.95348			6
2024.02.26	01:33:22.577	0.95347	0.95347			6
2024.02.26	01:33:23.633	0.95348	0.95348			6
2024.02.26	01:33:25.866	0.95345	0.95345			6
2024.02.26	01:33:25.896	0.95344	0.95344			6
2024.02.26	01:33:27.889	0.95345	0.95345			6
2024.02.26	01:33:29.131	0.95344	0.95344			6
2024.02.26	01:33:29.476	0.95345	0.95345			6
2024.02.26	01:33:30.368	0.95344	0.95344			6
2024.02.26	01:33:41.590	0.95345	0.95345			6
2024.02.26	01:33:41.649	0.95346	0.95346			6
2024.02.26	01:33:43.933	0.95347	0.95347			6
2024.02.26	01:33:48.863	0.95346	0.95346			6
2024.02.26	01:33:51.229	0.95347	0.95347			6
2024.02.26	01:33:51.862	0.95346	0.95346			6
2024.02.26	01:33:51.931	0.95347	0.95347			6
2024.02.26	01:33:52.127	0.95346	0.95346			6
2024.02.26	01:33:52.919	0.95347	0.95347			6
2024.02.26	01:33:53.298	0.95346	0.95346			6
2024.02.26	01:33:54.893	0.95347	0.95347			6
2024.02.26	01:33:55.487	0.95348	0.95348			6
2024.02.26	01:33:55.785	0.95347	0.95347			6
2024.02.26	01:33:58.740	0.95348	0.95348			6
2024.02.26	01:33:59.912	0.95347	0.95347			6
2024.02.26	01:34:00.221	0.95348	0.95348			6
2024.02.26	01:34:09.352	0.95352	0.95352			6
2024.02.26	01:34:11.239	0.95354	0.95354			6
2024.02.26	01:34:13.866	0.95356	0.95356			6
2024.02.26	01:34:13.896	0.95357	0.95357			6
2024.02.26	01:34:13.956	0.95356	0.95356			6
2024.02.26	01:34:19.823	0.95355	0.95355			6
2024.02.26	01:34:19.853	0.95354	0.95354			6
2024.02.26	01:34:19.882	0.95352	0.95352			6
2024.02.26	01:34:20.123	0.95353	0.95353			6
2024.02.26	01:34:20.654	0.95354	0.95354			6
2024.02.26	01:34:21.043	0.95353	0.95353			6
2024.02.26	01:34:26.982	0.95352	0.95352			6
2024.02.26	01:34:27.013	0.95354	0.95354			6
2024.02.26	01:34:27.370	0.95355	0.95355			6
2024.02.26	01:34:28.041	0.95354	0.95354			6
2024.02.26	01:34:28.997	0.95355	0.95355			6
2024.02.26	01:34:30.597	0.95354	0.95354			6
2024.02.26	01:34:31.112	0.95355	0.95355			6
2024.02.26	01:34:32.548	0.95354	0.95354			6
2024.02.26	01:34:42.362	0.95353	0.95353			6
2024.02.26	01:34:46.142	0.95352	0.95352			6
2024.02.26	01:34:48.246	0.95353	0.95353			6
2024.02.26	01:34:51.572	0.95354	0.95354			6
2024.02.26	01:35:00.886	0.95354				2
2024.02.26	01:35:08.643	0.95355	0.95355			6
2024.02.26	01:35:08.945	0.95354	0.95354			6
2024.02.26	01:35:09.864	0.95357	0.95357			6
2024.02.26	01:35:10.659	0.95356	0.95356			6
2024.02.26	01:35:10.960	0.95357	0.95357			6
2024.02.26	01:35:11.459	0.95358	0.95358			6
2024.02.26	01:35:14.790	0.95359	0.95359			6
2024.02.26	01:35:16.117	0.95361	0.95361			6
2024.02.26	01:35:16.329	0.95360	0.95360			6
2024.02.26	01:35:20.214	0.95361	0.95361			6
2024.02.26	01:35:20.244	0.95362	0.95362			6
2024.02.26	01:35:21.375	0.95363	0.95363			6
2024.02.26	01:35:22.311	0.95362	0.95362			6
2024.02.26	01:35:24.391	0.95363	0.95363			6
2024.02.26	01:35:25.788	0.95362	0.95362			6
2024.02.26	01:35:25.818	0.95359	0.95359			6
2024.02.26	01:35:26.779	0.95360	0.95360			6
2024.02.26	01:35:31.848	0.95359	0.95359			6
2024.02.26	01:35:32.443	0.95358	0.95358			6
2024.02.26	01:35:32.611	0.95359	0.95359			6
2024.02.26	01:35:37.539	0.95360	0.95360			6
2024.02.26	01:35:37.570	0.95361	0.95361			6
2024.02.26	01:35:37.721	0.95360	0.95360			6
2024.02.26	01:35:37.751	0.95361	0.95361			6
2024.02.26	01:35:37.961	0.95360	0.95360			6
2024.02.26	01:35:38.980	0.95359	0.95359			6
2024.02.26	01:35:40.234	0.95360	0.95360			6
2024.02.26	01:35:40.904	0.95362	0.95362			6
2024.02.26	01:35:45.389	0.95361	0.95361			6
2024.02.26	01:35:46.198	0.95362	0.95362			6
2024.02.26	01:35:46.438	0.95361	0.95361			6
2024.02.26	01:35:47.248	0.95362	0.95362			6
2024.02.26	01:35:50.484	0.95361	0.95361			6
2024.02.26	01:35:50.514	0.95363	0.95363			6
2024.02.26	01:35:50.545	0.95362	0.95362			6
2024.02.26	01:35:52.245	0.95361	0.95361			6
2024.02.26	01:35:52.275	0.95360	0.95360			6
2024.02.26	01:35:52.851	0.95359	0.95359			6
2024.02.26	01:35:53.927	0.95360	0.95360			6
2024.02.26	01:35:53.956	0.95359	0.95359			6
2024.02.26	01:35:55.103	0.95358	0.95358			6
2024.02.26	01:35:55.640	0.95360	0.95360			6
2024.02.26	01:35:55.731	0.95362	0.95362			6
2024.02.26	01:36:00.189	0.95364	0.95364			6
2024.02.26	01:36:00.764	0.95365	0.95365			6
2024.02.26	01:36:01.035	0.95364	0.95364			6
2024.02.26	01:36:01.183	0.95363	0.95363			6
2024.02.26	01:36:01.567	0.95364	0.95364			6
2024.02.26	01:36:05.101	0.95363	0.95363			6
2024.02.26	01:36:05.130	0.95362	0.95362			6
2024.02.26	01:36:05.612	0.95363	0.95363			6
2024.02.26	01:36:09.232	0.95362	0.95362			6
2024.02.26	01:36:09.743	0.95363	0.95363			6
2024.02.26	01:36:10.643	0.95362	0.95362			6
2024.02.26	01:36:13.879	0.95361	0.95361			6
2024.02.26	01:36:14.264	0.95362	0.95362			6
2024.02.26	01:36:20.175	0.95361	0.95361			6
2024.02.26	01:36:21.472	0.95362	0.95362			6
2024.02.26	01:36:24.252	0.95361	0.95361			6
2024.02.26	01:36:28.252	0.95362	0.95362			6
2024.02.26	01:36:28.401	0.95363	0.95363			6
2024.02.26	01:36:28.463	0.95361	0.95361			6
2024.02.26	01:36:28.492	0.95360	0.95360			6
2024.02.26	01:36:29.066	0.95359	0.95359			6
2024.02.26	01:36:29.350	0.95358	0.95358			6
2024.02.26	01:36:29.817	0.95359	0.95359			6
2024.02.26	01:36:29.877	0.95358	0.95358			6
2024.02.26	01:36:29.907	0.95357	0.95357			6
2024.02.26	01:36:30.481	0.95356	0.95356			6
2024.02.26	01:36:30.511	0.95355	0.95355			6
2024.02.26	01:36:31.153	0.95356	0.95356			6
2024.02.26	01:36:31.243	0.95358	0.95358			6
2024.02.26	01:36:31.602	0.95357	0.95357			6
2024.02.26	01:36:31.931	0.95358	0.95358			6
2024.02.26	01:36:34.203	0.95357	0.95357			6
2024.02.26	01:36:44.034	0.95356	0.95356			6
2024.02.26	01:36:44.494	0.95357	0.95357			6
2024.02.26	01:36:46.315	0.95358	0.95358			6
2024.02.26	01:36:46.524	0.95357	0.95357			6
2024.02.26	01:36:46.810	0.95355	0.95355			6
2024.02.26	01:36:55.181	0.95356	0.95356			6
2024.02.26	01:36:55.748	0.95355	0.95355			6
2024.02.26	01:36:57.293	0.95356	0.95356			6
2024.02.26	01:37:04.563	0.95355	0.95355			6
2024.02.26	01:37:10.679	0.95356	0.95356			6
2024.02.26	01:37:13.355	0.95355	0.95355			6
2024.02.26	01:37:13.718	0.95354	0.95354			6
2024.02.26	01:37:14.282	0.95352	0.95352			6
2024.02.26	01:37:15.251	0.95353	0.95353			6
2024.02.26	01:37:15.543	0.95351	0.95351			6
2024.02.26	01:37:16.247	0.95352	0.95352			6
2024.02.26	01:37:16.308	0.95351	0.95351			6
2024.02.26	01:37:16.537	0.95352	0.95352			6
2024.02.26	01:37:16.627	0.95351	0.95351			6
2024.02.26	01:37:18.162	0.95349	0.95349			6
2024.02.26	01:37:18.513	0.95351	0.95351			6
2024.02.26	01:37:22.707	0.95352	0.95352			6
2024.02.26	01:37:23.884	0.95351	0.95351			6
2024.02.26	01:37:26.397	0.95352	0.95352			6
2024.02.26	01:37:26.882	0.95351	0.95351			6
2024.02.26	01:37:26.914	0.95349	0.95349			6
2024.02.26	01:37:27.256	0.95350	0.95350			6
2024.02.26	01:37:27.721	0.95348	0.95348			6
2024.02.26	01:37:27.896	0.95349	0.95349			6
2024.02.26	01:37:27.987	0.95350	0.95350			6
2024.02.26	01:37:28.076	0.95349	0.95349			6
2024.02.26	01:37:28.174	0.95348	0.95348			6
2024.02.26	01:37:28.415	0.95349	0.95349			6
2024.02.26	01:37:29.193	0.95350	0.95350			6
2024.02.26	01:37:29.314	0.95352	0.95352			6
2024.02.26	01:37:29.961	0.95350	0.95350			6
2024.02.26	01:37:30.996	0.95349	0.95349			6
2024.02.26	01:37:31.669	0.95350	0.95350			6
2024.02.26	01:37:32.887	0.95351	0.95351			6
2024.02.26	01:37:32.916	0.95352	0.95352			6
2024.02.26	01:37:33.075	0.95354	0.95354			6
2024.02.26	01:37:33.384	0.95353	0.95353			6
2024.02.26	01:37:38.732	0.95354	0.95354			6
2024.02.26	01:37:39.765	0.95353	0.95353			6
2024.02.26	01:37:40.184	0.95354	0.95354			6
2024.02.26	01:37:42.514	0.95353	0.95353			6
2024.02.26	01:37:42.544	0.95355	0.95355			6
2024.02.26	01:37:42.575	0.95356	0.95356			6
2024.02.26	01:37:42.634	0.95354	0.95354			6
2024.02.26	01:37:42.994	0.95355	0.95355			6
2024.02.26	01:37:53.527	0.95354	0.95354			6
2024.02.26	01:37:56.496	0.95355	0.95355			6
2024.02.26	01:37:57.464	0.95354	0.95354			6
2024.02.26	01:37:58.194	0.95353	0.95353			6
2024.02.26	01:38:00.282	0.95354	0.95354			6
2024.02.26	01:38:04.011	0.95355	0.95355			6
2024.02.26	01:38:04.282	0.95354	0.95354			6
2024.02.26	01:38:05.384	0.95355	0.95355			6
2024.02.26	01:38:05.414	0.95357	0.95357			6
2024.02.26	01:38:07.243	0.95359	0.95359			6
2024.02.26	01:38:09.701	0.95360	0.95360			6
2024.02.26	01:38:10.213	0.95363	0.95363			6
2024.02.26	01:38:10.544	0.95362	0.95362			6
2024.02.26	01:38:10.574	0.95363	0.95363			6
2024.02.26	01:38:10.604	0.95362	0.95362			6
2024.02.26	01:38:11.522	0.95363	0.95363			6
2024.02.26	01:38:11.794	0.95362	0.95362			6
2024.02.26	01:38:12.052	0.95363	0.95363			6
2024.02.26	01:38:12.858	0.95367	0.95367			6
2024.02.26	01:38:13.805	0.95368	0.95368			6
2024.02.26	01:38:14.077	0.95367	0.95367			6
2024.02.26	01:38:20.831	0.95366	0.95366			6
2024.02.26	01:38:21.093	0.95367	0.95367			6
2024.02.26	01:38:23.756	0.95365	0.95365			6
2024.02.26	01:38:23.785	0.95362	0.95362			6
2024.02.26	01:38:25.379	0.95359	0.95359			6
2024.02.26	01:38:25.471	0.95358	0.95358			6
2024.02.26	01:38:28.377	0.95359	0.95359			6
2024.02.26	01:38:31.840	0.95360	0.95360			6
2024.02.26	01:38:31.899	0.95359	0.95359			6
2024.02.26	01:38:32.141	0.95358	0.95358			6
2024.02.26	01:38:32.572	0.95359	0.95359			6
2024.02.26	01:38:32.757	0.95358	0.95358			6
2024.02.26	01:38:33.754	0.95359	0.95359			6
2024.02.26	01:38:35.094	0.95358	0.95358			6
2024.02.26	01:38:35.274	0.95359	0.95359			6
2024.02.26	01:38:36.430	0.95358	0.95358			6
2024.02.26	01:38:36.593	0.95359	0.95359			6
2024.02.26	01:38:37.758	0.95358	0.95358			6
2024.02.26	01:38:38.044	0.95359	0.95359			6
2024.02.26	01:38:42.783	0.95358	0.95358			6
2024.02.26	01:38:43.204	0.95359	0.95359			6
2024.02.26	01:38:44.432	0.95358	0.95358			6
2024.02.26	01:38:44.708	0.95359	0.95359			6
2024.02.26	01:38:46.457	0.95358	0.95358			6
2024.02.26	01:38:49.513	0.95359	0.95359			6
2024.02.26	01:38:51.520	0.95358	0.95358			6
2024.02.26	01:38:51.549	0.95359	0.95359			6
2024.02.26	01:38:52.582	0.95358	0.95358			6
2024.02.26	01:39:00.111	0.95357	0.95357			6
2024.02.26	01:39:01.910	0.95358	0.95358			6
2024.02.26	01:39:02.031	0.95359	0.95359			6
2024.02.26	01:39:02.342	0.95358	0.95358			6
2024.02.26	01:39:02.974	0.95359	0.95359			6
2024.02.26	01:39:03.004	0.95358	0.95358			6
2024.02.26	01:39:03.395	0.95357	0.95357			6
2024.02.26	01:39:03.426	0.95359	0.95359			6
2024.02.26	01:39:03.888	0.95357	0.95357			6
2024.02.26	01:39:04.183	0.95358	0.95358			6
2024.02.26	01:39:07.267	0.95357	0.95357			6
2024.02.26	01:39:08.521	0.95358	0.95358			6
2024.02.26	01:39:30.274	0.95359	0.95359			6
2024.02.26	01:39:30.584	0.95358	0.95358			6
2024.02.26	01:39:33.059	0.95357	0.95357			6
2024.02.26	01:39:36.268	0.95355	0.95355			6
2024.02.26	01:39:43.575	0.95356	0.95356			6
2024.02.26	01:40:00.384	0.95355	0.95355			6
2024.02.26	01:40:00.924	0.95356	0.95356			6
2024.02.26	01:40:04.212	0.95355	0.95355			6
2024.02.26	01:40:04.782	0.95356	0.95356			6
2024.02.26	01:40:10.424	0.95355	0.95355			6
2024.02.26	01:40:13.163	0.95356	0.95356			6
2024.02.26	01:40:13.192	0.95358	0.95358			6
2024.02.26	01:40:13.223	0.95357	0.95357			6
2024.02.26	01:40:14.077	0.95356	0.95356			6
2024.02.26	01:40:14.167	0.95357	0.95357			6
2024.02.26	01:40:14.316	0.95356	0.95356			6
2024.02.26	01:40:14.970	0.95357	0.95357			6
2024.02.26	01:40:15.366	0.95356	0.95356			6
2024.02.26	01:40:15.916	0.95357	0.95357			6
2024.02.26	01:40:22.518	0.95358	0.95358			6
2024.02.26	01:40:23.662	0.95359	0.95359			6
2024.02.26	01:40:23.691	0.95361	0.95361			6
2024.02.26	01:40:23.722	0.95362	0.95362			6
2024.02.26	01:40:23.752	0.95363	0.95363			6
2024.02.26	01:40:30.552	0.95364	0.95364			6
2024.02.26	01:40:30.613	0.95363	0.95363			6
2024.02.26	01:40:30.642	0.95362	0.95362			6
2024.02.26	01:40:31.062	0.95363	0.95363			6
2024.02.26	01:40:32.012	0.95362	0.95362			6
2024.02.26	01:40:32.493	0.95359	0.95359			6
2024.02.26	01:40:32.704	0.95358	0.95358			6
2024.02.26	01:40:32.824	0.95357	0.95357			6
2024.02.26	01:40:32.855	0.95358	0.95358			6
2024.02.26	01:40:33.947	0.95357	0.95357			6
2024.02.26	01:40:33.976	0.95358	0.95358			6
2024.02.26	01:40:35.416	0.95355	0.95355			6
2024.02.26	01:40:36.825	0.95358	0.95358			6
2024.02.26	01:40:39.468	0.95359	0.95359			6
2024.02.26	01:40:40.773	0.95360	0.95360			6
2024.02.26	01:40:41.533	0.95361	0.95361			6
2024.02.26	01:40:42.658	0.95360	0.95360			6
2024.02.26	01:40:44.157	0.95359	0.95359			6
2024.02.26	01:40:47.456	0.95360	0.95360			6
2024.02.26	01:40:48.851	0.95359	0.95359			6
2024.02.26	01:40:48.980	0.95360	0.95360			6
2024.02.26	01:40:49.886	0.95359	0.95359			6
2024.02.26	01:40:50.014	0.95360	0.95360			6
2024.02.26	01:40:50.044	0.95359	0.95359			6
2024.02.26	01:40:50.074	0.95360	0.95360			6
2024.02.26	01:40:50.911	0.95359	0.95359			6
2024.02.26	01:40:51.134	0.95360	0.95360			6
2024.02.26	01:40:52.264	0.95359	0.95359			6
2024.02.26	01:40:52.582	0.95360	0.95360			6
2024.02.26	01:40:53.454	0.95359	0.95359			6
2024.02.26	01:40:58.786	0.95358	0.95358			6
2024.02.26	01:40:59.183	0.95359	0.95359			6
2024.02.26	01:40:59.921	0.95358	0.95358			6
2024.02.26	01:41:00.130	0.95358				2
2024.02.26	01:41:00.220	0.95359	0.95359			6
2024.02.26	01:41:01.013	0.95358	0.95358			6
2024.02.26	01:41:01.273	0.95359	0.95359			6
2024.02.26	01:41:02.058	0.95358	0.95358			6
2024.02.26	01:41:02.450	0.95359	0.95359			6
2024.02.26	01:41:03.021	0.95358	0.95358			6
2024.02.26	01:41:03.330	0.95359	0.95359			6
2024.02.26	01:41:03.522	0.95360	0.95360			6
2024.02.26	01:41:04.301	0.95359	0.95359			6
2024.02.26	01:41:05.515	0.95360	0.95360			6
2024.02.26	01:41:05.935	0.95359	0.95359			6
2024.02.26	01:41:08.955	0.95358	0.95358			6
2024.02.26	01:41:15.153	0.95359	0.95359			6
2024.02.26	01:41:21.524	0.95358	0.95358			6
2024.02.26	01:41:23.303	0.95359	0.95359			6
2024.02.26	01:41:23.542	0.95358	0.95358			6
2024.02.26	01:41:29.403	0.95359	0.95359			6
2024.02.26	01:41:29.522	0.95357	0.95357			6
2024.02.26	01:41:34.547	0.95358	0.95358			6
2024.02.26	01:41:35.610	0.95359	0.95359			6
2024.02.26	01:41:37.776	0.95358	0.95358			6
2024.02.26	01:41:41.198	0.95359	0.95359			6
2024.02.26	01:41:41.875	0.95358	0.95358			6
2024.02.26	01:41:58.837	0.95356	0.95356			6
2024.02.26	01:41:59.261	0.95357	0.95357			6
2024.02.26	01:42:01.662	0.95356	0.95356			6
2024.02.26	01:42:19.358	0.95354	0.95354			6
2024.02.26	01:42:20.882	0.95353	0.95353			6
2024.02.26	01:42:20.912	0.95354	0.95354			6
2024.02.26	01:42:31.127	0.95355	0.95355			6
2024.02.26	01:42:33.228	0.95356	0.95356			6
2024.02.26	01:42:35.527	0.95355	0.95355			6
2024.02.26	01:42:35.557	0.95354	0.95354			6
2024.02.26	01:42:35.738	0.95355	0.95355			6
2024.02.26	01:42:37.635	0.95354	0.95354			6
2024.02.26	01:42:38.381	0.95351	0.95351			6
2024.02.26	01:42:38.651	0.95350	0.95350			6
2024.02.26	01:42:38.680	0.95351	0.95351			6
2024.02.26	01:42:39.132	0.95350	0.95350			6
2024.02.26	01:42:39.471	0.95351	0.95351			6
2024.02.26	01:42:40.171	0.95350	0.95350			6
2024.02.26	01:42:40.351	0.95351	0.95351			6
2024.02.26	01:42:40.511	0.95350	0.95350			6
2024.02.26	01:42:40.899	0.95351	0.95351			6
2024.02.26	01:43:02.403	0.95352	0.95352			6
2024.02.26	01:43:10.998	0.95351	0.95351			6
2024.02.26	01:43:11.299	0.95352	0.95352			6
2024.02.26	01:43:11.755	0.95351	0.95351			6
2024.02.26	01:43:11.972	0.95352	0.95352			6
2024.02.26	01:43:12.003	0.95351	0.95351			6
2024.02.26	01:43:12.188	0.95352	0.95352			6
2024.02.26	01:43:13.010	0.95351	0.95351			6
2024.02.26	01:43:13.099	0.95350	0.95350			6
2024.02.26	01:43:13.239	0.95351	0.95351			6
2024.02.26	01:43:13.269	0.95352	0.95352			6
2024.02.26	01:43:14.064	0.95351	0.95351			6
2024.02.26	01:43:14.344	0.95352	0.95352			6
2024.02.26	01:43:14.637	0.95351	0.95351			6
2024.02.26	01:43:14.963	0.95352	0.95352			6
2024.02.26	01:43:15.183	0.95351	0.95351			6
2024.02.26	01:43:15.213	0.95350	0.95350			6
2024.02.26	01:43:15.305	0.95351	0.95351			6
2024.02.26	01:43:19.066	0.95354	0.95354			6
2024.02.26	01:43:19.095	0.95353	0.95353			6
2024.02.26	01:43:19.155	0.95354	0.95354			6
2024.02.26	01:43:26.264	0.95353	0.95353			6
2024.02.26	01:43:31.688	0.95352	0.95352			6
2024.02.26	01:43:31.718	0.95351	0.95351			6
2024.02.26	01:43:32.051	0.95350	0.95350			6
2024.02.26	01:43:32.172	0.95351	0.95351			6
2024.02.26	01:43:32.322	0.95350	0.95350			6
2024.02.26	01:43:34.195	0.95349	0.95349			6
2024.02.26	01:43:35.683	0.95350	0.95350			6
2024.02.26	01:43:37.961	0.95349	0.95349			6
2024.02.26	01:43:37.990	0.95348	0.95348			6
2024.02.26	01:43:42.725	0.95350	0.95350			6
2024.02.26	01:43:42.755	0.95351	0.95351			6
2024.02.26	01:43:53.184	0.95354	0.95354			6
2024.02.26	01:43:53.305	0.95355	0.95355			6
2024.02.26	01:43:55.377	0.95354	0.95354			6
2024.02.26	01:43:59.886	0.95353	0.95353			6
2024.02.26	01:44:00.134	0.95354	0.95354			6
2024.02.26	01:44:07.945	0.95355	0.95355			6
2024.02.26	01:44:07.976	0.95354	0.95354			6
2024.02.26	01:44:08.154	0.95355	0.95355			6
2024.02.26	01:44:08.215	0.95354	0.95354			6
2024.02.26	01:44:08.425	0.95355	0.95355			6
2024.02.26	01:44:19.871	0.95354	0.95354			6
2024.02.26	01:44:27.623	0.95353	0.95353			6
2024.02.26	01:44:27.848	0.95354	0.95354			6
2024.02.26	01:44:28.170	0.95353	0.95353			6
2024.02.26	01:44:28.201	0.95352	0.95352			6
2024.02.26	01:44:28.469	0.95351	0.95351			6
2024.02.26	01:44:42.382	0.95350	0.95350			6
2024.02.26	01:44:42.411	0.95351	0.95351			6
2024.02.26	01:44:44.168	0.95350	0.95350			6
2024.02.26	01:44:44.943	0.95351	0.95351			6
2024.02.26	01:44:46.293	0.95350	0.95350			6
2024.02.26	01:44:46.324	0.95351	0.95351			6
2024.02.26	01:44:46.353	0.95353	0.95353			6
2024.02.26	01:44:46.591	0.95354	0.95354			6
2024.02.26	01:44:46.692	0.95353	0.95353			6
2024.02.26	01:44:48.925	0.95354	0.95354			6
2024.02.26	01:44:56.343	0.95353	0.95353			6
2024.02.26	01:44:56.536	0.95354	0.95354			6
2024.02.26	01:44:57.171	0.95353	0.95353			6
2024.02.26	01:44:58.183	0.95354	0.95354			6
2024.02.26	01:44:58.490	0.95353	0.95353			6
2024.02.26	01:44:58.883	0.95354	0.95354			6
2024.02.26	01:44:59.174	0.95353	0.95353			6
2024.02.26	01:44:59.885	0.95354	0.95354			6
2024.02.26	01:45:00.106	0.95354				2
2024.02.26	01:45:00.406	0.95353	0.95353			6
2024.02.26	01:45:02.007	0.95354	0.95354			6
2024.02.26	01:45:02.786	0.95353	0.95353			6
2024.02.26	01:45:03.513	0.95354	0.95354			6
2024.02.26	01:45:04.342	0.95353	0.95353			6
2024.02.26	01:45:04.372	0.95355	0.95355			6
2024.02.26	01:45:06.342	0.95354	0.95354			6
2024.02.26	01:45:07.624	0.95355	0.95355			6
2024.02.26	01:45:07.684	0.95354	0.95354			6
2024.02.26	01:45:16.863	0.95355	0.95355			6
2024.02.26	01:45:16.892	0.95354	0.95354			6
2024.02.26	01:45:17.723	0.95356	0.95356			6
2024.02.26	01:45:17.754	0.95357	0.95357			6
2024.02.26	01:45:18.144	0.95356	0.95356			6
2024.02.26	01:45:20.129	0.95357	0.95357			6
2024.02.26	01:45:25.872	0.95356	0.95356			6
2024.02.26	01:45:26.335	0.95355	0.95355			6
2024.02.26	01:45:26.905	0.95354	0.95354			6
2024.02.26	01:45:30.096	0.95352	0.95352			6
2024.02.26	01:45:30.125	0.95353	0.95353			6
2024.02.26	01:45:30.395	0.95354	0.95354			6
2024.02.26	01:45:30.698	0.95353	0.95353			6
2024.02.26	01:45:31.503	0.95352	0.95352			6
2024.02.26	01:45:32.342	0.95353	0.95353			6
2024.02.26	01:45:32.402	0.95352	0.95352			6
2024.02.26	01:45:33.483	0.95353	0.95353			6
2024.02.26	01:45:36.245	0.95352	0.95352			6
2024.02.26	01:45:36.365	0.95351	0.95351			6
2024.02.26	01:45:36.545	0.95353	0.95353			6
2024.02.26	01:45:36.876	0.95352	0.95352			6
2024.02.26	01:45:38.653	0.95353	0.95353			6
2024.02.26	01:45:38.714	0.95352	0.95352			6
2024.02.26	01:45:39.524	0.95351	0.95351			6
2024.02.26	01:45:39.801	0.95352	0.95352			6
2024.02.26	01:45:40.351	0.95351	0.95351			6
2024.02.26	01:45:40.441	0.95350	0.95350			6
2024.02.26	01:45:44.472	0.95351	0.95351			6
2024.02.26	01:45:44.504	0.95350	0.95350			6
2024.02.26	01:45:44.563	0.95351	0.95351			6
2024.02.26	01:45:44.754	0.95350	0.95350			6
2024.02.26	01:45:51.725	0.95351	0.95351			6
2024.02.26	01:45:52.043	0.95350	0.95350			6
2024.02.26	01:45:52.073	0.95351	0.95351			6
2024.02.26	01:45:52.163	0.95350	0.95350			6
2024.02.26	01:45:52.244	0.95351	0.95351			6
2024.02.26	01:45:53.554	0.95350	0.95350			6
2024.02.26	01:45:53.584	0.95351	0.95351			6
2024.02.26	01:45:53.704	0.95350	0.95350			6
2024.02.26	01:45:54.094	0.95351	0.95351			6
2024.02.26	01:46:00.371	0.95350	0.95350			6
2024.02.26	01:46:00.461	0.95351	0.95351			6
2024.02.26	01:46:11.325	0.95352	0.95352			6
2024.02.26	01:46:11.415	0.95351	0.95351			6
2024.02.26	01:46:15.088	0.95350	0.95350			6
2024.02.26	01:46:23.347	0.95351	0.95351			6
2024.02.26	01:46:23.729	0.95350	0.95350			6
2024.02.26	01:46:24.291	0.95351	0.95351			6
2024.02.26	01:46:29.088	0.95353	0.95353			6
2024.02.26	01:46:29.117	0.95355	0.95355			6
2024.02.26	01:46:29.147	0.95354	0.95354			6
2024.02.26	01:46:29.208	0.95355	0.95355			6
2024.02.26	01:46:31.780	0.95356	0.95356			6
2024.02.26	01:46:33.995	0.95355	0.95355			6
2024.02.26	01:46:34.242	0.95356	0.95356			6
2024.02.26	01:46:34.272	0.95355	0.95355			6
2024.02.26	01:46:34.791	0.95354	0.95354			6
2024.02.26	01:46:34.851	0.95355	0.95355			6
2024.02.26	01:46:35.092	0.95356	0.95356			6
2024.02.26	01:46:35.123	0.95355	0.95355			6
2024.02.26	01:46:37.021	0.95356	0.95356			6
2024.02.26	01:46:37.944	0.95357	0.95357			6
2024.02.26	01:46:41.740	0.95356	0.95356			6
2024.02.26	01:46:42.203	0.95355	0.95355			6
2024.02.26	01:46:44.579	0.95354	0.95354			6
2024.02.26	01:46:47.180	0.95355	0.95355			6
2024.02.26	01:46:48.252	0.95354	0.95354			6
2024.02.26	01:47:02.144	0.95354				2
2024.02.26	01:47:10.633	0.95355	0.95355			6
2024.02.26	01:47:10.692	0.95354	0.95354			6
2024.02.26	01:47:13.755	0.95353	0.95353			6
2024.02.26	01:47:15.035	0.95355	0.95355			6
2024.02.26	01:47:27.248	0.95356	0.95356			6
2024.02.26	01:47:28.108	0.95355	0.95355			6
2024.02.26	01:47:30.348	0.95356	0.95356			6
2024.02.26	01:47:32.349	0.95355	0.95355			6
2024.02.26	01:47:35.145	0.95356	0.95356			6
2024.02.26	01:47:36.590	0.95355	0.95355			6
2024.02.26	01:47:46.364	0.95356	0.95356			6
2024.02.26	01:48:02.362	0.95355	0.95355			6
2024.02.26	01:48:02.392	0.95356	0.95356			6
2024.02.26	01:48:04.851	0.95357	0.95357			6
2024.02.26	01:48:05.236	0.95356	0.95356			6
2024.02.26	01:48:05.295	0.95357	0.95357			6
2024.02.26	01:48:08.067	0.95358	0.95358			6
2024.02.26	01:48:08.354	0.95359	0.95359			6
2024.02.26	01:48:10.143	0.95358	0.95358			6
2024.02.26	01:48:14.111	0.95357	0.95357			6
2024.02.26	01:48:15.823	0.95356	0.95356			6
2024.02.26	01:48:15.852	0.95357	0.95357			6
2024.02.26	01:48:16.566	0.95356	0.95356			6
2024.02.26	01:48:19.241	0.95355	0.95355			6
