<DATE>	<TIME>	<BID>	<ASK>	<LAST>	<VOLUME>	<FLAGS>
2024.07.10	00:00:00.062	0.97083	0.97083			6
2024.07.10	00:00:06.009	0.97086	0.97086			6
2024.07.10	00:00:07.040	0.97080	0.97080			6
2024.07.10	00:00:23.435	0.97073	0.97073			6
2024.07.10	00:00:32.209	0.97074	0.97074			6
2024.07.10	00:01:19.180	0.97071	0.97071			6
2024.07.10	00:01:19.209	0.97074	0.97074			6
2024.07.10	00:01:42.886	0.97075	0.97075			6
2024.07.10	00:04:03.016	0.97070	0.97070			6
2024.07.10	00:05:00.080	0.97075	0.97075			6
2024.07.10	00:05:01.132	0.97077	0.97077			6
2024.07.10	00:05:01.768	0.97074	0.97074			6
2024.07.10	00:05:02.927	0.97075	0.97075			6
2024.07.10	00:05:04.918	0.97076	0.97076			6
2024.07.10	00:05:06.078	0.97066	0.97066			6
2024.07.10	00:05:06.408	0.97065	0.97065			6
2024.07.10	00:05:10.188	0.97068	0.97068			6
2024.07.10	00:05:10.983	0.97069	0.97069			6
2024.07.10	00:05:18.108	0.97079	0.97079			6
2024.07.10	00:05:21.100	0.97085	0.97085			6
2024.07.10	00:05:34.447	0.97086	0.97086			6
2024.07.10	00:05:43.746	0.97087	0.97087			6
2024.07.10	00:05:49.103	0.97085	0.97085			6
2024.07.10	00:06:06.009	0.97084	0.97084			6
2024.07.10	00:06:34.381	0.97085	0.97085			6
2024.07.10	00:06:38.932	0.97084	0.97084			6
2024.07.10	00:06:49.378	0.97085	0.97085			6
2024.07.10	00:07:08.960	0.97084	0.97084			6
2024.07.10	00:07:15.877	0.97083	0.97083			6
2024.07.10	00:07:24.113	0.97085	0.97085			6
2024.07.10	00:07:24.948	0.97084	0.97084			6
2024.07.10	00:07:38.526	0.97094	0.97094			6
2024.07.10	00:07:48.414	0.97088	0.97088			6
2024.07.10	00:07:49.472	0.97087	0.97087			6
2024.07.10	00:07:51.977	0.97084	0.97084			6
2024.07.10	00:07:53.372	0.97085	0.97085			6
2024.07.10	00:07:54.576	0.97084	0.97084			6
2024.07.10	00:08:00.578	0.97085	0.97085			6
2024.07.10	00:08:02.083	0.97084	0.97084			6
2024.07.10	00:08:31.563	0.97085	0.97085			6
2024.07.10	00:09:38.416	0.97084	0.97084			6
2024.07.10	00:10:01.187	0.97085	0.97085			6
2024.07.10	00:11:34.469	0.97086	0.97086			6
2024.07.10	00:12:06.108	0.97085	0.97085			6
2024.07.10	00:12:08.417	0.97086	0.97086			6
2024.07.10	00:12:48.146	0.97087	0.97087			6
2024.07.10	00:13:06.348	0.97086	0.97086			6
2024.07.10	00:13:11.180	0.97085	0.97085			6
2024.07.10	00:14:13.171	0.97086	0.97086			6
2024.07.10	00:15:24.493	0.97085	0.97085			6
2024.07.10	00:15:31.022	0.97086	0.97086			6
2024.07.10	00:16:07.817	0.97087	0.97087			6
2024.07.10	00:16:07.848	0.97086	0.97086			6
2024.07.10	00:16:23.364	0.97087	0.97087			6
2024.07.10	00:16:40.101	0.97085	0.97085			6
2024.07.10	00:16:42.286	0.97086	0.97086			6
2024.07.10	00:16:50.549	0.97085	0.97085			6
2024.07.10	00:16:54.746	0.97086	0.97086			6
2024.07.10	00:18:21.945	0.97084	0.97084			6
2024.07.10	00:18:26.558	0.97085	0.97085			6
2024.07.10	00:18:27.368	0.97081	0.97081			6
2024.07.10	00:18:27.399	0.97071	0.97071			6
2024.07.10	00:18:28.978	0.97073	0.97073			6
2024.07.10	00:18:31.692	0.97072	0.97072			6
2024.07.10	00:18:31.753	0.97071	0.97071			6
2024.07.10	00:18:41.840	0.97078	0.97078			6
2024.07.10	00:18:41.870	0.97083	0.97083			6
2024.07.10	00:18:45.886	0.97082	0.97082			6
2024.07.10	00:19:11.988	0.97083	0.97083			6
2024.07.10	00:19:20.393	0.97082	0.97082			6
2024.07.10	00:19:34.171	0.97083	0.97083			6
2024.07.10	00:20:46.742	0.97081	0.97081			6
2024.07.10	00:21:15.972	0.97083	0.97083			6
2024.07.10	00:21:40.483	0.97082	0.97082			6
2024.07.10	00:21:42.595	0.97083	0.97083			6
2024.07.10	00:21:52.781	0.97084	0.97084			6
2024.07.10	00:21:55.266	0.97083	0.97083			6
2024.07.10	00:22:11.411	0.97084	0.97084			6
2024.07.10	00:22:14.970	0.97083	0.97083			6
2024.07.10	00:22:19.386	0.97085	0.97085			6
2024.07.10	00:22:24.596	0.97084	0.97084			6
2024.07.10	00:22:27.568	0.97085	0.97085			6
2024.07.10	00:22:31.801	0.97086	0.97086			6
2024.07.10	00:22:41.931	0.97087	0.97087			6
2024.07.10	00:23:35.075	0.97086	0.97086			6
2024.07.10	00:23:35.372	0.97087	0.97087			6
2024.07.10	00:25:15.081	0.97086	0.97086			6
2024.07.10	00:25:19.721	0.97085	0.97085			6
2024.07.10	00:25:20.039	0.97084	0.97084			6
2024.07.10	00:25:46.571	0.97076	0.97076			6
2024.07.10	00:26:03.625	0.97077	0.97077			6
2024.07.10	00:26:10.060	0.97076	0.97076			6
2024.07.10	00:26:11.095	0.97077	0.97077			6
2024.07.10	00:26:45.090	0.97076	0.97076			6
2024.07.10	00:26:52.197	0.97075	0.97075			6
2024.07.10	00:26:59.018	0.97073	0.97073			6
2024.07.10	00:27:00.293	0.97074	0.97074			6
2024.07.10	00:27:26.977	0.97075	0.97075			6
2024.07.10	00:27:38.677	0.97076	0.97076			6
2024.07.10	00:27:58.440	0.97077	0.97077			6
2024.07.10	00:27:58.829	0.97078	0.97078			6
2024.07.10	00:28:00.925	0.97077	0.97077			6
2024.07.10	00:28:30.620	0.97075	0.97075			6
2024.07.10	00:28:36.510	0.97078	0.97078			6
2024.07.10	00:28:36.539	0.97081	0.97081			6
2024.07.10	00:28:42.179	0.97082	0.97082			6
2024.07.10	00:29:04.767	0.97083	0.97083			6
2024.07.10	00:29:08.328	0.97084	0.97084			6
2024.07.10	00:29:17.827	0.97085	0.97085			6
2024.07.10	00:29:18.328	0.97083	0.97083			6
2024.07.10	00:29:18.357	0.97081	0.97081			6
2024.07.10	00:29:22.497	0.97080	0.97080			6
2024.07.10	00:29:26.146	0.97079	0.97079			6
2024.07.10	00:29:26.175	0.97075	0.97075			6
2024.07.10	00:29:32.641	0.97080	0.97080			6
2024.07.10	00:29:34.508	0.97079	0.97079			6
2024.07.10	00:29:36.848	0.97080	0.97080			6
2024.07.10	00:29:40.383	0.97081	0.97081			6
2024.07.10	00:30:00.006	0.97076	0.97076			6
2024.07.10	00:30:00.037	0.97081	0.97081			6
2024.07.10	00:30:07.137	0.97080	0.97080			6
2024.07.10	00:30:07.983	0.97081	0.97081			6
2024.07.10	00:30:21.098	0.97080	0.97080			6
2024.07.10	00:30:25.428	0.97084	0.97084			6
2024.07.10	00:30:27.882	0.97083	0.97083			6
2024.07.10	00:30:33.875	0.97082	0.97082			6
2024.07.10	00:30:34.053	0.97081	0.97081			6
2024.07.10	00:30:50.367	0.97080	0.97080			6
2024.07.10	00:30:57.881	0.97079	0.97079			6
2024.07.10	00:31:03.146	0.97081	0.97081			6
2024.07.10	00:31:03.866	0.97080	0.97080			6
2024.07.10	00:31:09.060	0.97078	0.97078			6
2024.07.10	00:31:09.121	0.97077	0.97077			6
2024.07.10	00:31:10.066	0.97078	0.97078			6
2024.07.10	00:31:11.468	0.97077	0.97077			6
2024.07.10	00:31:17.473	0.97078	0.97078			6
2024.07.10	00:31:18.512	0.97079	0.97079			6
2024.07.10	00:31:22.775	0.97080	0.97080			6
2024.07.10	00:31:23.570	0.97079	0.97079			6
2024.07.10	00:32:05.099	0.97078	0.97078			6
2024.07.10	00:32:06.598	0.97079	0.97079			6
2024.07.10	00:32:17.743	0.97080	0.97080			6
2024.07.10	00:32:23.551	0.97081	0.97081			6
2024.07.10	00:32:23.644	0.97080	0.97080			6
2024.07.10	00:32:23.705	0.97081	0.97081			6
2024.07.10	00:32:23.763	0.97080	0.97080			6
2024.07.10	00:32:23.848	0.97081	0.97081			6
2024.07.10	00:32:23.929	0.97080	0.97080			6
2024.07.10	00:32:23.989	0.97081	0.97081			6
2024.07.10	00:32:26.496	0.97082	0.97082			6
2024.07.10	00:32:29.411	0.97083	0.97083			6
2024.07.10	00:32:29.441	0.97082	0.97082			6
2024.07.10	00:32:29.517	0.97083	0.97083			6
2024.07.10	00:32:31.234	0.97082	0.97082			6
2024.07.10	00:32:58.512	0.97081	0.97081			6
2024.07.10	00:32:59.911	0.97078	0.97078			6
2024.07.10	00:33:04.092	0.97076	0.97076			6
2024.07.10	00:33:04.151	0.97075	0.97075			6
2024.07.10	00:33:09.981	0.97074	0.97074			6
2024.07.10	00:33:14.808	0.97070	0.97070			6
2024.07.10	00:33:14.838	0.97071	0.97071			6
2024.07.10	00:33:20.861	0.97073	0.97073			6
2024.07.10	00:33:20.891	0.97074	0.97074			6
2024.07.10	00:33:20.951	0.97076	0.97076			6
2024.07.10	00:33:25.100	0.97075	0.97075			6
2024.07.10	00:33:25.781	0.97077	0.97077			6
2024.07.10	00:33:25.810	0.97078	0.97078			6
2024.07.10	00:33:41.195	0.97079	0.97079			6
2024.07.10	00:33:41.225	0.97080	0.97080			6
2024.07.10	00:34:03.267	0.97081	0.97081			6
2024.07.10	00:35:04.627	0.97080	0.97080			6
2024.07.10	00:35:07.470	0.97081	0.97081			6
2024.07.10	00:35:36.190	0.97080	0.97080			6
2024.07.10	00:35:36.580	0.97081	0.97081			6
2024.07.10	00:35:48.123	0.97080	0.97080			6
2024.07.10	00:36:01.922	0.97081	0.97081			6
2024.07.10	00:36:06.876	0.97082	0.97082			6
2024.07.10	00:36:11.664	0.97081	0.97081			6
2024.07.10	00:36:16.028	0.97082	0.97082			6
2024.07.10	00:37:05.085	0.97083	0.97083			6
2024.07.10	00:37:05.577	0.97082	0.97082			6
2024.07.10	00:37:16.234	0.97083	0.97083			6
2024.07.10	00:37:26.280	0.97082	0.97082			6
2024.07.10	00:37:36.642	0.97083	0.97083			6
2024.07.10	00:37:47.398	0.97082	0.97082			6
2024.07.10	00:37:58.765	0.97083	0.97083			6
2024.07.10	00:38:02.172	0.97082	0.97082			6
2024.07.10	00:38:06.121	0.97083	0.97083			6
2024.07.10	00:38:15.266	0.97082	0.97082			6
2024.07.10	00:38:21.098	0.97083	0.97083			6
2024.07.10	00:38:32.268	0.97080	0.97080			6
2024.07.10	00:38:32.328	0.97081	0.97081			6
2024.07.10	00:38:33.297	0.97080	0.97080			6
2024.07.10	00:38:36.107	0.97081	0.97081			6
2024.07.10	00:38:46.235	0.97080	0.97080			6
2024.07.10	00:38:48.580	0.97081	0.97081			6
2024.07.10	00:39:31.262	0.97080	0.97080			6
2024.07.10	00:39:45.881	0.97081	0.97081			6
2024.07.10	00:39:46.104	0.97080	0.97080			6
2024.07.10	00:39:46.134	0.97078	0.97078			6
2024.07.10	00:40:18.879	0.97079	0.97079			6
2024.07.10	00:40:18.939	0.97078	0.97078			6
2024.07.10	00:40:38.481	0.97077	0.97077			6
2024.07.10	00:40:38.959	0.97076	0.97076			6
2024.07.10	00:40:39.025	0.97077	0.97077			6
2024.07.10	00:40:41.001	0.97076	0.97076			6
2024.07.10	00:40:46.222	0.97077	0.97077			6
2024.07.10	00:40:55.842	0.97076	0.97076			6
2024.07.10	00:40:56.385	0.97078	0.97078			6
2024.07.10	00:40:56.415	0.97080	0.97080			6
2024.07.10	00:40:57.195	0.97079	0.97079			6
2024.07.10	00:40:57.225	0.97078	0.97078			6
2024.07.10	00:40:57.255	0.97079	0.97079			6
2024.07.10	00:40:59.284	0.97080	0.97080			6
2024.07.10	00:41:12.246	0.97079	0.97079			6
2024.07.10	00:41:16.187	0.97080	0.97080			6
2024.07.10	00:41:42.504	0.97082	0.97082			6
2024.07.10	00:41:44.942	0.97083	0.97083			6
2024.07.10	00:42:01.068	0.97082	0.97082			6
2024.07.10	00:42:02.788	0.97083	0.97083			6
2024.07.10	00:42:08.481	0.97084	0.97084			6
2024.07.10	00:42:18.064	0.97085	0.97085			6
2024.07.10	00:42:21.013	0.97084	0.97084			6
2024.07.10	00:42:33.117	0.97085	0.97085			6
2024.07.10	00:42:35.991	0.97084	0.97084			6
2024.07.10	00:42:36.398	0.97085	0.97085			6
2024.07.10	00:42:38.667	0.97084	0.97084			6
2024.07.10	00:42:43.465	0.97085	0.97085			6
2024.07.10	00:42:49.133	0.97083	0.97083			6
2024.07.10	00:42:52.447	0.97084	0.97084			6
2024.07.10	00:42:54.877	0.97083	0.97083			6
2024.07.10	00:43:01.779	0.97084	0.97084			6
2024.07.10	00:44:26.434	0.97085	0.97085			6
2024.07.10	00:44:26.464	0.97084	0.97084			6
2024.07.10	00:45:02.340	0.97080	0.97080			6
2024.07.10	00:45:13.788	0.97077	0.97077			6
2024.07.10	00:45:13.879	0.97078	0.97078			6
2024.07.10	00:45:15.795	0.97079	0.97079			6
2024.07.10	00:45:16.336	0.97078	0.97078			6
2024.07.10	00:45:23.469	0.97073	0.97073			6
2024.07.10	00:45:42.051	0.97074	0.97074			6
2024.07.10	00:45:42.658	0.97073	0.97073			6
2024.07.10	00:45:42.688	0.97074	0.97074			6
2024.07.10	00:45:42.955	0.97073	0.97073			6
2024.07.10	00:45:42.985	0.97074	0.97074			6
2024.07.10	00:45:43.034	0.97073	0.97073			6
2024.07.10	00:45:43.108	0.97074	0.97074			6
2024.07.10	00:45:43.194	0.97073	0.97073			6
2024.07.10	00:45:43.266	0.97074	0.97074			6
2024.07.10	00:45:43.297	0.97073	0.97073			6
2024.07.10	00:45:43.340	0.97074	0.97074			6
2024.07.10	00:45:43.370	0.97073	0.97073			6
2024.07.10	00:45:43.431	0.97074	0.97074			6
2024.07.10	00:45:43.461	0.97073	0.97073			6
2024.07.10	00:45:43.497	0.97074	0.97074			6
2024.07.10	00:45:43.527	0.97073	0.97073			6
2024.07.10	00:45:43.659	0.97074	0.97074			6
2024.07.10	00:45:43.689	0.97073	0.97073			6
2024.07.10	00:45:43.777	0.97074	0.97074			6
2024.07.10	00:45:43.840	0.97073	0.97073			6
2024.07.10	00:45:43.881	0.97074	0.97074			6
2024.07.10	00:45:43.912	0.97073	0.97073			6
2024.07.10	00:45:43.942	0.97074	0.97074			6
2024.07.10	00:45:43.973	0.97073	0.97073			6
2024.07.10	00:45:44.033	0.97074	0.97074			6
2024.07.10	00:45:44.062	0.97073	0.97073			6
2024.07.10	00:45:44.095	0.97074	0.97074			6
2024.07.10	00:45:44.133	0.97073	0.97073			6
2024.07.10	00:45:44.167	0.97074	0.97074			6
2024.07.10	00:45:44.224	0.97073	0.97073			6
2024.07.10	00:45:44.285	0.97074	0.97074			6
2024.07.10	00:45:44.346	0.97073	0.97073			6
2024.07.10	00:45:44.377	0.97074	0.97074			6
2024.07.10	00:45:44.406	0.97073	0.97073			6
2024.07.10	00:45:44.495	0.97074	0.97074			6
2024.07.10	00:45:44.559	0.97073	0.97073			6
2024.07.10	00:45:44.620	0.97074	0.97074			6
2024.07.10	00:45:44.651	0.97073	0.97073			6
2024.07.10	00:45:44.782	0.97074	0.97074			6
2024.07.10	00:45:44.811	0.97073	0.97073			6
2024.07.10	00:45:44.871	0.97074	0.97074			6
2024.07.10	00:45:44.931	0.97073	0.97073			6
2024.07.10	00:45:44.961	0.97074	0.97074			6
2024.07.10	00:45:45.021	0.97073	0.97073			6
2024.07.10	00:45:45.062	0.97074	0.97074			6
2024.07.10	00:45:45.092	0.97073	0.97073			6
2024.07.10	00:45:45.125	0.97074	0.97074			6
2024.07.10	00:45:48.118	0.97073	0.97073			6
2024.07.10	00:45:48.186	0.97074	0.97074			6
2024.07.10	00:45:56.492	0.97076	0.97076			6
2024.07.10	00:46:04.034	0.97075	0.97075			6
2024.07.10	00:46:12.842	0.97076	0.97076			6
2024.07.10	00:46:30.711	0.97075	0.97075			6
2024.07.10	00:47:07.567	0.97080	0.97080			6
2024.07.10	00:47:09.726	0.97079	0.97079			6
2024.07.10	00:47:19.485	0.97075	0.97075			6
2024.07.10	00:47:19.571	0.97079	0.97079			6
2024.07.10	00:47:23.480	0.97078	0.97078			6
2024.07.10	00:47:32.795	0.97079	0.97079			6
2024.07.10	00:47:48.190	0.97078	0.97078			6
2024.07.10	00:48:31.202	0.97077	0.97077			6
2024.07.10	00:49:20.340	0.97075	0.97075			6
2024.07.10	00:49:20.676	0.97076	0.97076			6
2024.07.10	00:49:20.860	0.97077	0.97077			6
2024.07.10	00:49:22.307	0.97076	0.97076			6
2024.07.10	00:49:23.468	0.97077	0.97077			6
2024.07.10	00:49:27.040	0.97076	0.97076			6
2024.07.10	00:49:29.207	0.97077	0.97077			6
2024.07.10	00:49:29.236	0.97070	0.97070			6
2024.07.10	00:49:29.304	0.97069	0.97069			6
2024.07.10	00:49:29.422	0.97070	0.97070			6
2024.07.10	00:49:29.483	0.97071	0.97071			6
2024.07.10	00:49:29.763	0.97073	0.97073			6
2024.07.10	00:49:29.793	0.97069	0.97069			6
2024.07.10	00:49:29.853	0.97070	0.97070			6
2024.07.10	00:49:29.884	0.97069	0.97069			6
2024.07.10	00:49:30.460	0.97070	0.97070			6
2024.07.10	00:49:30.520	0.97071	0.97071			6
2024.07.10	00:49:30.641	0.97069	0.97069			6
2024.07.10	00:49:30.671	0.97070	0.97070			6
2024.07.10	00:49:30.701	0.97069	0.97069			6
2024.07.10	00:49:31.762	0.97070	0.97070			6
2024.07.10	00:49:31.852	0.97071	0.97071			6
2024.07.10	00:49:33.528	0.97074	0.97074			6
2024.07.10	00:49:34.602	0.97075	0.97075			6
2024.07.10	00:49:35.006	0.97074	0.97074			6
2024.07.10	00:49:35.206	0.97075	0.97075			6
2024.07.10	00:49:36.102	0.97078	0.97078			6
2024.07.10	00:49:43.800	0.97077	0.97077			6
2024.07.10	00:49:43.980	0.97078	0.97078			6
2024.07.10	00:49:44.009	0.97077	0.97077			6
2024.07.10	00:50:00.327	0.97076	0.97076			6
2024.07.10	00:50:00.357	0.97077	0.97077			6
2024.07.10	00:50:00.447	0.97074	0.97074			6
2024.07.10	00:50:00.507	0.97075	0.97075			6
2024.07.10	00:50:00.537	0.97073	0.97073			6
2024.07.10	00:50:00.567	0.97075	0.97075			6
2024.07.10	00:50:00.627	0.97074	0.97074			6
2024.07.10	00:50:00.855	0.97075	0.97075			6
2024.07.10	00:50:00.945	0.97074	0.97074			6
2024.07.10	00:50:03.079	0.97075	0.97075			6
2024.07.10	00:50:05.572	0.97076	0.97076			6
2024.07.10	00:50:07.220	0.97075	0.97075			6
2024.07.10	00:50:07.730	0.97076	0.97076			6
2024.07.10	00:50:07.881	0.97077	0.97077			6
2024.07.10	00:50:07.911	0.97076	0.97076			6
2024.07.10	00:50:08.123	0.97077	0.97077			6
2024.07.10	00:50:08.214	0.97076	0.97076			6
2024.07.10	00:50:09.096	0.97077	0.97077			6
2024.07.10	00:50:12.804	0.97076	0.97076			6
2024.07.10	00:50:13.745	0.97075	0.97075			6
2024.07.10	00:50:17.470	0.97076	0.97076			6
2024.07.10	00:50:20.909	0.97075	0.97075			6
2024.07.10	00:50:20.999	0.97076	0.97076			6
2024.07.10	00:50:22.448	0.97075	0.97075			6
2024.07.10	00:50:24.635	0.97076	0.97076			6
2024.07.10	00:50:30.586	0.97075	0.97075			6
2024.07.10	00:50:31.205	0.97074	0.97074			6
2024.07.10	00:50:32.373	0.97075	0.97075			6
2024.07.10	00:50:35.182	0.97074	0.97074			6
2024.07.10	00:50:35.631	0.97075	0.97075			6
2024.07.10	00:50:39.864	0.97074	0.97074			6
2024.07.10	00:50:41.316	0.97075	0.97075			6
2024.07.10	00:50:41.347	0.97074	0.97074			6
2024.07.10	00:50:41.377	0.97075	0.97075			6
2024.07.10	00:50:41.845	0.97074	0.97074			6
2024.07.10	00:50:42.085	0.97075	0.97075			6
2024.07.10	00:50:42.145	0.97074	0.97074			6
2024.07.10	00:50:43.658	0.97075	0.97075			6
2024.07.10	00:50:43.687	0.97076	0.97076			6
2024.07.10	00:50:44.239	0.97075	0.97075			6
2024.07.10	00:50:44.268	0.97076	0.97076			6
2024.07.10	00:50:44.329	0.97075	0.97075			6
2024.07.10	00:50:44.937	0.97074	0.97074			6
2024.07.10	00:50:44.967	0.97075	0.97075			6
2024.07.10	00:50:46.975	0.97074	0.97074			6
2024.07.10	00:50:47.094	0.97075	0.97075			6
2024.07.10	00:50:54.337	0.97076	0.97076			6
2024.07.10	00:51:02.141	0.97075	0.97075			6
2024.07.10	00:51:02.172	0.97076	0.97076			6
2024.07.10	00:51:02.368	0.97075	0.97075			6
2024.07.10	00:51:02.397	0.97076	0.97076			6
2024.07.10	00:51:02.458	0.97075	0.97075			6
2024.07.10	00:51:02.487	0.97076	0.97076			6
2024.07.10	00:51:02.517	0.97075	0.97075			6
2024.07.10	00:51:02.547	0.97076	0.97076			6
2024.07.10	00:51:02.653	0.97077	0.97077			6
2024.07.10	00:51:07.189	0.97076	0.97076			6
2024.07.10	00:51:08.770	0.97077	0.97077			6
2024.07.10	00:51:08.830	0.97076	0.97076			6
2024.07.10	00:51:08.979	0.97077	0.97077			6
2024.07.10	00:51:09.010	0.97076	0.97076			6
2024.07.10	00:51:09.168	0.97077	0.97077			6
2024.07.10	00:51:09.318	0.97076	0.97076			6
2024.07.10	00:51:09.349	0.97072	0.97072			6
2024.07.10	00:51:09.379	0.97073	0.97073			6
2024.07.10	00:51:09.408	0.97072	0.97072			6
2024.07.10	00:51:09.829	0.97073	0.97073			6
2024.07.10	00:51:09.975	0.97071	0.97071			6
2024.07.10	00:51:10.004	0.97072	0.97072			6
2024.07.10	00:51:10.034	0.97073	0.97073			6
2024.07.10	00:51:10.878	0.97072	0.97072			6
2024.07.10	00:51:11.801	0.97073	0.97073			6
2024.07.10	00:51:11.968	0.97074	0.97074			6
2024.07.10	00:51:11.998	0.97073	0.97073			6
2024.07.10	00:51:12.148	0.97074	0.97074			6
2024.07.10	00:51:12.239	0.97073	0.97073			6
2024.07.10	00:51:12.329	0.97072	0.97072			6
2024.07.10	00:51:12.366	0.97073	0.97073			6
2024.07.10	00:51:13.830	0.97074	0.97074			6
2024.07.10	00:51:13.981	0.97073	0.97073			6
2024.07.10	00:51:14.012	0.97074	0.97074			6
2024.07.10	00:51:15.083	0.97073	0.97073			6
2024.07.10	00:51:15.145	0.97074	0.97074			6
2024.07.10	00:51:15.205	0.97073	0.97073			6
2024.07.10	00:51:15.235	0.97072	0.97072			6
2024.07.10	00:51:15.294	0.97071	0.97071			6
2024.07.10	00:51:15.324	0.97070	0.97070			6
2024.07.10	00:51:15.354	0.97071	0.97071			6
2024.07.10	00:51:16.637	0.97072	0.97072			6
2024.07.10	00:51:16.667	0.97071	0.97071			6
2024.07.10	00:51:17.577	0.97072	0.97072			6
2024.07.10	00:51:17.943	0.97073	0.97073			6
2024.07.10	00:51:17.974	0.97072	0.97072			6
2024.07.10	00:51:18.093	0.97073	0.97073			6
2024.07.10	00:51:18.124	0.97072	0.97072			6
2024.07.10	00:51:20.676	0.97071	0.97071			6
2024.07.10	00:51:22.140	0.97072	0.97072			6
2024.07.10	00:51:22.200	0.97073	0.97073			6
2024.07.10	00:51:22.320	0.97074	0.97074			6
2024.07.10	00:51:22.350	0.97073	0.97073			6
2024.07.10	00:51:22.472	0.97072	0.97072			6
2024.07.10	00:51:22.501	0.97073	0.97073			6
2024.07.10	00:51:22.801	0.97072	0.97072			6
2024.07.10	00:51:23.241	0.97073	0.97073			6
2024.07.10	00:51:23.272	0.97072	0.97072			6
2024.07.10	00:51:23.332	0.97073	0.97073			6
2024.07.10	00:51:24.693	0.97074	0.97074			6
2024.07.10	00:51:25.205	0.97075	0.97075			6
2024.07.10	00:51:26.066	0.97074	0.97074			6
2024.07.10	00:51:26.156	0.97073	0.97073			6
2024.07.10	00:51:26.674	0.97074	0.97074			6
2024.07.10	00:51:27.145	0.97073	0.97073			6
2024.07.10	00:51:27.205	0.97074	0.97074			6
2024.07.10	00:51:27.235	0.97073	0.97073			6
2024.07.10	00:51:27.295	0.97074	0.97074			6
2024.07.10	00:51:27.355	0.97073	0.97073			6
2024.07.10	00:51:27.385	0.97074	0.97074			6
2024.07.10	00:51:27.445	0.97073	0.97073			6
2024.07.10	00:51:29.139	0.97074	0.97074			6
2024.07.10	00:51:29.574	0.97073	0.97073			6
2024.07.10	00:51:29.634	0.97072	0.97072			6
2024.07.10	00:51:29.664	0.97074	0.97074			6
2024.07.10	00:51:29.694	0.97073	0.97073			6
2024.07.10	00:51:29.755	0.97074	0.97074			6
2024.07.10	00:51:30.049	0.97073	0.97073			6
2024.07.10	00:51:30.170	0.97074	0.97074			6
2024.07.10	00:51:30.952	0.97075	0.97075			6
2024.07.10	00:51:31.185	0.97074	0.97074			6
2024.07.10	00:51:31.486	0.97073	0.97073			6
2024.07.10	00:51:31.756	0.97071	0.97071			6
2024.07.10	00:51:31.787	0.97072	0.97072			6
2024.07.10	00:51:31.993	0.97073	0.97073			6
2024.07.10	00:51:32.054	0.97072	0.97072			6
2024.07.10	00:51:32.143	0.97073	0.97073			6
2024.07.10	00:51:32.715	0.97072	0.97072			6
2024.07.10	00:51:32.895	0.97073	0.97073			6
2024.07.10	00:51:33.046	0.97074	0.97074			6
2024.07.10	00:51:33.076	0.97073	0.97073			6
2024.07.10	00:51:35.130	0.97074	0.97074			6
2024.07.10	00:51:35.161	0.97073	0.97073			6
2024.07.10	00:51:35.220	0.97072	0.97072			6
2024.07.10	00:51:35.249	0.97073	0.97073			6
2024.07.10	00:51:35.340	0.97072	0.97072			6
2024.07.10	00:51:35.791	0.97071	0.97071			6
2024.07.10	00:51:35.832	0.97072	0.97072			6
2024.07.10	00:51:36.580	0.97073	0.97073			6
2024.07.10	00:51:36.639	0.97072	0.97072			6
2024.07.10	00:51:36.819	0.97073	0.97073			6
2024.07.10	00:51:37.579	0.97072	0.97072			6
2024.07.10	00:51:38.072	0.97073	0.97073			6
2024.07.10	00:51:38.646	0.97072	0.97072			6
2024.07.10	00:51:38.766	0.97073	0.97073			6
2024.07.10	00:51:39.074	0.97074	0.97074			6
2024.07.10	00:51:39.163	0.97073	0.97073			6
2024.07.10	00:51:39.225	0.97072	0.97072			6
2024.07.10	00:51:39.293	0.97073	0.97073			6
2024.07.10	00:51:39.323	0.97074	0.97074			6
2024.07.10	00:51:39.414	0.97073	0.97073			6
2024.07.10	00:51:39.586	0.97074	0.97074			6
2024.07.10	00:51:39.677	0.97073	0.97073			6
2024.07.10	00:51:39.736	0.97072	0.97072			6
2024.07.10	00:51:39.825	0.97073	0.97073			6
2024.07.10	00:51:40.216	0.97072	0.97072			6
2024.07.10	00:51:40.354	0.97073	0.97073			6
2024.07.10	00:51:40.414	0.97072	0.97072			6
2024.07.10	00:51:40.485	0.97073	0.97073			6
2024.07.10	00:51:40.570	0.97072	0.97072			6
2024.07.10	00:51:40.660	0.97073	0.97073			6
2024.07.10	00:51:43.687	0.97074	0.97074			6
2024.07.10	00:51:43.716	0.97073	0.97073			6
2024.07.10	00:51:46.552	0.97072	0.97072			6
2024.07.10	00:51:46.621	0.97073	0.97073			6
2024.07.10	00:51:46.893	0.97072	0.97072			6
2024.07.10	00:51:46.922	0.97074	0.97074			6
2024.07.10	00:51:47.012	0.97073	0.97073			6
2024.07.10	00:51:47.074	0.97074	0.97074			6
2024.07.10	00:51:47.194	0.97073	0.97073			6
2024.07.10	00:51:47.224	0.97074	0.97074			6
2024.07.10	00:51:47.313	0.97073	0.97073			6
2024.07.10	00:51:47.353	0.97074	0.97074			6
2024.07.10	00:51:47.414	0.97073	0.97073			6
2024.07.10	00:51:47.484	0.97074	0.97074			6
2024.07.10	00:51:47.559	0.97073	0.97073			6
2024.07.10	00:51:47.898	0.97074	0.97074			6
2024.07.10	00:51:50.359	0.97073	0.97073			6
2024.07.10	00:51:50.450	0.97074	0.97074			6
2024.07.10	00:51:50.481	0.97073	0.97073			6
2024.07.10	00:51:52.079	0.97074	0.97074			6
2024.07.10	00:51:52.263	0.97073	0.97073			6
2024.07.10	00:51:52.311	0.97074	0.97074			6
2024.07.10	00:51:57.833	0.97075	0.97075			6
2024.07.10	00:51:58.262	0.97074	0.97074			6
2024.07.10	00:51:58.534	0.97072	0.97072			6
2024.07.10	00:51:58.564	0.97073	0.97073			6
2024.07.10	00:51:59.329	0.97074	0.97074			6
2024.07.10	00:51:59.600	0.97073	0.97073			6
2024.07.10	00:51:59.630	0.97074	0.97074			6
2024.07.10	00:51:59.660	0.97072	0.97072			6
2024.07.10	00:51:59.690	0.97071	0.97071			6
2024.07.10	00:51:59.720	0.97073	0.97073			6
2024.07.10	00:51:59.781	0.97072	0.97072			6
2024.07.10	00:51:59.813	0.97073	0.97073			6
2024.07.10	00:52:03.028	0.97072	0.97072			6
2024.07.10	00:52:03.088	0.97073	0.97073			6
2024.07.10	00:52:03.902	0.97074	0.97074			6
2024.07.10	00:52:04.851	0.97073	0.97073			6
2024.07.10	00:52:04.940	0.97074	0.97074			6
2024.07.10	00:52:08.946	0.97073	0.97073			6
2024.07.10	00:52:13.736	0.97072	0.97072			6
2024.07.10	00:52:13.766	0.97073	0.97073			6
2024.07.10	00:52:13.796	0.97072	0.97072			6
2024.07.10	00:52:14.486	0.97073	0.97073			6
2024.07.10	00:52:14.944	0.97072	0.97072			6
2024.07.10	00:52:15.064	0.97073	0.97073			6
2024.07.10	00:52:16.143	0.97072	0.97072			6
2024.07.10	00:52:16.173	0.97073	0.97073			6
2024.07.10	00:52:16.309	0.97072	0.97072			6
2024.07.10	00:52:16.340	0.97073	0.97073			6
2024.07.10	00:52:16.544	0.97072	0.97072			6
2024.07.10	00:52:16.604	0.97073	0.97073			6
2024.07.10	00:52:16.634	0.97072	0.97072			6
2024.07.10	00:52:16.693	0.97073	0.97073			6
2024.07.10	00:52:16.724	0.97072	0.97072			6
2024.07.10	00:52:16.753	0.97073	0.97073			6
2024.07.10	00:52:16.784	0.97071	0.97071			6
2024.07.10	00:52:16.815	0.97072	0.97072			6
2024.07.10	00:52:16.873	0.97073	0.97073			6
2024.07.10	00:52:16.934	0.97072	0.97072			6
2024.07.10	00:52:16.964	0.97073	0.97073			6
2024.07.10	00:52:21.598	0.97072	0.97072			6
2024.07.10	00:52:21.660	0.97073	0.97073			6
2024.07.10	00:52:21.690	0.97072	0.97072			6
2024.07.10	00:52:21.720	0.97073	0.97073			6
2024.07.10	00:52:21.749	0.97072	0.97072			6
2024.07.10	00:52:22.134	0.97071	0.97071			6
2024.07.10	00:52:22.344	0.97072	0.97072			6
2024.07.10	00:52:22.434	0.97071	0.97071			6
2024.07.10	00:52:22.973	0.97072	0.97072			6
2024.07.10	00:52:23.311	0.97071	0.97071			6
2024.07.10	00:52:23.462	0.97072	0.97072			6
2024.07.10	00:52:24.152	0.97071	0.97071			6
2024.07.10	00:52:24.212	0.97072	0.97072			6
2024.07.10	00:52:26.324	0.97071	0.97071			6
2024.07.10	00:52:26.354	0.97072	0.97072			6
2024.07.10	00:52:26.893	0.97073	0.97073			6
2024.07.10	00:52:26.984	0.97072	0.97072			6
2024.07.10	00:52:27.014	0.97073	0.97073			6
2024.07.10	00:52:27.044	0.97072	0.97072			6
2024.07.10	00:52:27.135	0.97071	0.97071			6
2024.07.10	00:52:27.588	0.97072	0.97072			6
2024.07.10	00:52:28.453	0.97073	0.97073			6
2024.07.10	00:52:28.979	0.97072	0.97072			6
2024.07.10	00:52:29.726	0.97071	0.97071			6
2024.07.10	00:52:29.756	0.97072	0.97072			6
2024.07.10	00:52:29.786	0.97071	0.97071			6
2024.07.10	00:52:41.208	0.97072	0.97072			6
2024.07.10	00:52:41.267	0.97071	0.97071			6
2024.07.10	00:52:41.416	0.97070	0.97070			6
2024.07.10	00:52:41.478	0.97071	0.97071			6
2024.07.10	00:52:42.730	0.97072	0.97072			6
2024.07.10	00:52:43.946	0.97071	0.97071			6
2024.07.10	00:52:44.096	0.97072	0.97072			6
2024.07.10	00:52:44.156	0.97071	0.97071			6
2024.07.10	00:52:44.250	0.97072	0.97072			6
2024.07.10	00:52:45.362	0.97071	0.97071			6
2024.07.10	00:52:45.571	0.97072	0.97072			6
2024.07.10	00:52:45.602	0.97071	0.97071			6
2024.07.10	00:52:45.632	0.97070	0.97070			6
2024.07.10	00:52:45.661	0.97071	0.97071			6
2024.07.10	00:52:45.691	0.97070	0.97070			6
2024.07.10	00:52:45.722	0.97071	0.97071			6
2024.07.10	00:52:46.083	0.97072	0.97072			6
2024.07.10	00:52:46.202	0.97071	0.97071			6
2024.07.10	00:52:46.232	0.97072	0.97072			6
2024.07.10	00:52:46.262	0.97071	0.97071			6
2024.07.10	00:52:46.291	0.97072	0.97072			6
2024.07.10	00:52:51.193	0.97073	0.97073			6
2024.07.10	00:52:51.313	0.97072	0.97072			6
2024.07.10	00:52:51.373	0.97071	0.97071			6
2024.07.10	00:52:51.613	0.97070	0.97070			6
2024.07.10	00:52:51.643	0.97071	0.97071			6
2024.07.10	00:52:51.674	0.97070	0.97070			6
2024.07.10	00:52:51.704	0.97071	0.97071			6
2024.07.10	00:52:51.765	0.97070	0.97070			6
2024.07.10	00:52:51.796	0.97071	0.97071			6
2024.07.10	00:52:51.825	0.97070	0.97070			6
2024.07.10	00:52:51.855	0.97071	0.97071			6
2024.07.10	00:52:52.587	0.97072	0.97072			6
2024.07.10	00:52:56.801	0.97073	0.97073			6
2024.07.10	00:52:57.305	0.97072	0.97072			6
2024.07.10	00:52:57.364	0.97073	0.97073			6
2024.07.10	00:52:59.329	0.97072	0.97072			6
2024.07.10	00:52:59.959	0.97071	0.97071			6
2024.07.10	00:53:00.051	0.97072	0.97072			6
2024.07.10	00:53:08.488	0.97073	0.97073			6
2024.07.10	00:53:08.518	0.97072	0.97072			6
2024.07.10	00:53:08.593	0.97073	0.97073			6
2024.07.10	00:53:08.869	0.97072	0.97072			6
2024.07.10	00:53:29.101	0.97073	0.97073			6
2024.07.10	00:53:45.651	0.97072	0.97072			6
2024.07.10	00:53:45.681	0.97073	0.97073			6
2024.07.10	00:53:45.831	0.97072	0.97072			6
2024.07.10	00:53:45.892	0.97071	0.97071			6
2024.07.10	00:53:45.952	0.97073	0.97073			6
2024.07.10	00:53:45.982	0.97072	0.97072			6
2024.07.10	00:53:47.576	0.97076	0.97076			6
2024.07.10	00:53:47.658	0.97072	0.97072			6
2024.07.10	00:53:58.760	0.97073	0.97073			6
2024.07.10	00:53:58.851	0.97072	0.97072			6
2024.07.10	00:54:00.259	0.97071	0.97071			6
2024.07.10	00:54:00.319	0.97072	0.97072			6
2024.07.10	00:54:00.907	0.97073	0.97073			6
2024.07.10	00:54:00.938	0.97072	0.97072			6
2024.07.10	00:54:01.422	0.97071	0.97071			6
2024.07.10	00:54:01.451	0.97072	0.97072			6
2024.07.10	00:54:01.481	0.97071	0.97071			6
2024.07.10	00:54:02.866	0.97072	0.97072			6
2024.07.10	00:54:02.987	0.97071	0.97071			6
2024.07.10	00:54:04.752	0.97072	0.97072			6
2024.07.10	00:54:10.019	0.97071	0.97071			6
2024.07.10	00:54:10.049	0.97072	0.97072			6
2024.07.10	00:54:11.975	0.97073	0.97073			6
2024.07.10	00:54:12.004	0.97072	0.97072			6
2024.07.10	00:54:12.185	0.97073	0.97073			6
2024.07.10	00:54:12.275	0.97072	0.97072			6
2024.07.10	00:54:17.336	0.97073	0.97073			6
2024.07.10	00:54:17.366	0.97072	0.97072			6
2024.07.10	00:54:17.681	0.97073	0.97073			6
2024.07.10	00:54:18.083	0.97072	0.97072			6
2024.07.10	00:54:24.280	0.97073	0.97073			6
2024.07.10	00:54:24.309	0.97072	0.97072			6
2024.07.10	00:54:29.523	0.97073	0.97073			6
2024.07.10	00:54:29.553	0.97072	0.97072			6
2024.07.10	00:54:29.919	0.97073	0.97073			6
2024.07.10	00:54:29.979	0.97072	0.97072			6
2024.07.10	00:54:31.208	0.97070	0.97070			6
2024.07.10	00:54:46.107	0.97085	0.97085			6
2024.07.10	00:54:52.187	0.97091	0.97091			6
2024.07.10	00:54:56.284	0.97092	0.97092			6
2024.07.10	00:55:01.456	0.97095	0.97095			6
2024.07.10	00:55:17.819	0.97070	0.97070			6
2024.07.10	00:55:19.787	0.97071	0.97071			6
2024.07.10	00:55:22.139	0.97072	0.97072			6
2024.07.10	00:55:31.217	0.97074	0.97074			6
2024.07.10	00:55:31.424	0.97073	0.97073			6
2024.07.10	00:55:31.454	0.97074	0.97074			6
2024.07.10	00:55:31.484	0.97073	0.97073			6
2024.07.10	00:55:34.364	0.97072	0.97072			6
2024.07.10	00:55:38.660	0.97071	0.97071			6
2024.07.10	00:55:39.535	0.97072	0.97072			6
2024.07.10	00:55:39.873	0.97073	0.97073			6
2024.07.10	00:55:39.903	0.97072	0.97072			6
2024.07.10	00:55:39.962	0.97073	0.97073			6
2024.07.10	00:55:40.054	0.97072	0.97072			6
2024.07.10	00:55:41.236	0.97073	0.97073			6
2024.07.10	00:55:41.267	0.97072	0.97072			6
2024.07.10	00:55:41.298	0.97070	0.97070			6
2024.07.10	00:55:41.358	0.97073	0.97073			6
2024.07.10	00:55:41.418	0.97070	0.97070			6
2024.07.10	00:55:41.447	0.97071	0.97071			6
2024.07.10	00:55:41.477	0.97072	0.97072			6
2024.07.10	00:55:41.688	0.97073	0.97073			6
2024.07.10	00:55:42.802	0.97074	0.97074			6
2024.07.10	00:55:42.832	0.97076	0.97076			6
2024.07.10	00:55:42.892	0.97077	0.97077			6
2024.07.10	00:55:45.123	0.97078	0.97078			6
2024.07.10	00:55:45.211	0.97077	0.97077			6
2024.07.10	00:55:46.545	0.97078	0.97078			6
2024.07.10	00:55:47.463	0.97082	0.97082			6
2024.07.10	00:55:47.524	0.97081	0.97081			6
2024.07.10	00:55:48.697	0.97082	0.97082			6
2024.07.10	00:55:49.110	0.97083	0.97083			6
2024.07.10	00:55:50.005	0.97084	0.97084			6
2024.07.10	00:55:53.704	0.97085	0.97085			6
2024.07.10	00:55:53.854	0.97084	0.97084			6
2024.07.10	00:55:53.973	0.97085	0.97085			6
2024.07.10	00:55:56.010	0.97084	0.97084			6
2024.07.10	00:55:59.442	0.97085	0.97085			6
2024.07.10	00:56:01.064	0.97084	0.97084			6
2024.07.10	00:56:01.094	0.97081	0.97081			6
2024.07.10	00:56:02.055	0.97080	0.97080			6
2024.07.10	00:56:02.145	0.97081	0.97081			6
2024.07.10	00:56:02.415	0.97080	0.97080			6
2024.07.10	00:56:02.444	0.97081	0.97081			6
2024.07.10	00:56:02.630	0.97080	0.97080			6
2024.07.10	00:56:03.130	0.97079	0.97079			6
2024.07.10	00:56:03.220	0.97080	0.97080			6
2024.07.10	00:56:04.146	0.97079	0.97079			6
2024.07.10	00:56:04.176	0.97080	0.97080			6
2024.07.10	00:56:04.668	0.97078	0.97078			6
2024.07.10	00:56:04.698	0.97079	0.97079			6
2024.07.10	00:56:04.728	0.97076	0.97076			6
2024.07.10	00:56:04.788	0.97078	0.97078			6
2024.07.10	00:56:05.089	0.97079	0.97079			6
2024.07.10	00:56:05.149	0.97078	0.97078			6
2024.07.10	00:56:05.179	0.97079	0.97079			6
2024.07.10	00:56:05.487	0.97078	0.97078			6
2024.07.10	00:56:05.547	0.97077	0.97077			6
2024.07.10	00:56:08.668	0.97076	0.97076			6
2024.07.10	00:56:08.728	0.97077	0.97077			6
2024.07.10	00:56:09.151	0.97076	0.97076			6
2024.07.10	00:56:09.685	0.97077	0.97077			6
2024.07.10	00:56:10.038	0.97076	0.97076			6
2024.07.10	00:56:10.157	0.97075	0.97075			6
2024.07.10	00:56:10.187	0.97076	0.97076			6
2024.07.10	00:56:11.169	0.97075	0.97075			6
2024.07.10	00:56:11.686	0.97076	0.97076			6
2024.07.10	00:56:12.429	0.97074	0.97074			6
2024.07.10	00:56:12.623	0.97076	0.97076			6
2024.07.10	00:56:12.690	0.97075	0.97075			6
2024.07.10	00:56:13.501	0.97074	0.97074			6
2024.07.10	00:56:14.992	0.97073	0.97073			6
2024.07.10	00:56:15.145	0.97074	0.97074			6
2024.07.10	00:56:15.989	0.97073	0.97073			6
2024.07.10	00:56:16.048	0.97074	0.97074			6
2024.07.10	00:56:20.385	0.97075	0.97075			6
2024.07.10	00:56:21.600	0.97074	0.97074			6
2024.07.10	00:56:21.725	0.97073	0.97073			6
2024.07.10	00:56:21.755	0.97075	0.97075			6
2024.07.10	00:56:22.487	0.97074	0.97074			6
2024.07.10	00:56:23.417	0.97075	0.97075			6
2024.07.10	00:56:23.447	0.97074	0.97074			6
2024.07.10	00:56:23.926	0.97075	0.97075			6
2024.07.10	00:56:23.956	0.97073	0.97073			6
2024.07.10	00:56:24.018	0.97074	0.97074			6
2024.07.10	00:56:24.627	0.97075	0.97075			6
2024.07.10	00:56:24.657	0.97076	0.97076			6
2024.07.10	00:56:24.686	0.97077	0.97077			6
2024.07.10	00:56:24.716	0.97076	0.97076			6
2024.07.10	00:56:24.746	0.97077	0.97077			6
2024.07.10	00:56:25.388	0.97076	0.97076			6
2024.07.10	00:56:25.458	0.97077	0.97077			6
2024.07.10	00:56:25.754	0.97076	0.97076			6
2024.07.10	00:56:25.784	0.97075	0.97075			6
2024.07.10	00:56:25.814	0.97076	0.97076			6
2024.07.10	00:56:25.874	0.97075	0.97075			6
2024.07.10	00:56:25.904	0.97077	0.97077			6
2024.07.10	00:56:25.934	0.97075	0.97075			6
2024.07.10	00:56:25.964	0.97076	0.97076			6
2024.07.10	00:56:25.994	0.97077	0.97077			6
2024.07.10	00:56:26.024	0.97078	0.97078			6
2024.07.10	00:56:26.232	0.97077	0.97077			6
2024.07.10	00:56:26.261	0.97078	0.97078			6
2024.07.10	00:56:27.136	0.97079	0.97079			6
2024.07.10	00:56:27.231	0.97076	0.97076			6
2024.07.10	00:56:27.261	0.97077	0.97077			6
2024.07.10	00:56:27.351	0.97076	0.97076			6
2024.07.10	00:56:27.800	0.97075	0.97075			6
2024.07.10	00:56:28.227	0.97076	0.97076			6
2024.07.10	00:56:28.318	0.97077	0.97077			6
2024.07.10	00:56:28.733	0.97078	0.97078			6
2024.07.10	00:56:28.882	0.97079	0.97079			6
2024.07.10	00:56:28.912	0.97081	0.97081			6
2024.07.10	00:56:29.201	0.97082	0.97082			6
2024.07.10	00:56:30.107	0.97083	0.97083			6
2024.07.10	00:56:30.203	0.97082	0.97082			6
2024.07.10	00:56:30.816	0.97081	0.97081			6
2024.07.10	00:56:30.846	0.97085	0.97085			6
2024.07.10	00:56:30.998	0.97084	0.97084			6
2024.07.10	00:56:32.174	0.97083	0.97083			6
2024.07.10	00:56:33.107	0.97084	0.97084			6
2024.07.10	00:57:04.374	0.97085	0.97085			6
2024.07.10	00:57:04.436	0.97084	0.97084			6
2024.07.10	00:57:04.497	0.97085	0.97085			6
2024.07.10	00:57:04.618	0.97084	0.97084			6
2024.07.10	00:57:04.771	0.97085	0.97085			6
2024.07.10	00:57:04.832	0.97084	0.97084			6
2024.07.10	00:57:04.892	0.97085	0.97085			6
2024.07.10	00:57:04.992	0.97084	0.97084			6
2024.07.10	00:57:05.060	0.97085	0.97085			6
2024.07.10	00:57:05.106	0.97084	0.97084			6
2024.07.10	00:57:05.197	0.97085	0.97085			6
2024.07.10	00:57:05.259	0.97084	0.97084			6
2024.07.10	00:57:05.534	0.97085	0.97085			6
2024.07.10	00:57:05.623	0.97084	0.97084			6
2024.07.10	00:57:05.749	0.97085	0.97085			6
2024.07.10	00:57:06.575	0.97084	0.97084			6
2024.07.10	00:57:06.635	0.97085	0.97085			6
2024.07.10	00:57:06.695	0.97084	0.97084			6
2024.07.10	00:57:06.850	0.97085	0.97085			6
2024.07.10	00:57:06.915	0.97084	0.97084			6
2024.07.10	00:57:07.005	0.97085	0.97085			6
2024.07.10	00:57:07.155	0.97084	0.97084			6
2024.07.10	00:57:07.277	0.97085	0.97085			6
2024.07.10	00:57:07.351	0.97084	0.97084			6
2024.07.10	00:57:07.430	0.97085	0.97085			6
2024.07.10	00:57:07.591	0.97084	0.97084			6
2024.07.10	00:57:07.681	0.97085	0.97085			6
2024.07.10	00:57:07.756	0.97084	0.97084			6
2024.07.10	00:57:07.839	0.97085	0.97085			6
2024.07.10	00:57:07.920	0.97084	0.97084			6
2024.07.10	00:57:08.042	0.97085	0.97085			6
2024.07.10	00:57:08.194	0.97084	0.97084			6
2024.07.10	00:57:08.224	0.97085	0.97085			6
2024.07.10	00:57:08.441	0.97084	0.97084			6
2024.07.10	00:57:09.495	0.97085	0.97085			6
2024.07.10	00:57:18.031	0.97084	0.97084			6
2024.07.10	00:57:31.057	0.97085	0.97085			6
2024.07.10	00:57:32.184	0.97086	0.97086			6
2024.07.10	00:57:33.201	0.97084	0.97084			6
2024.07.10	00:57:33.291	0.97083	0.97083			6
2024.07.10	00:57:33.674	0.97082	0.97082			6
2024.07.10	00:57:36.922	0.97081	0.97081			6
2024.07.10	00:57:37.372	0.97080	0.97080			6
2024.07.10	00:57:37.432	0.97079	0.97079			6
2024.07.10	00:57:37.964	0.97078	0.97078			6
2024.07.10	00:57:40.213	0.97077	0.97077			6
2024.07.10	00:57:41.993	0.97076	0.97076			6
2024.07.10	00:57:43.467	0.97077	0.97077			6
2024.07.10	00:57:45.255	0.97080	0.97080			6
2024.07.10	00:57:45.556	0.97081	0.97081			6
2024.07.10	00:57:45.987	0.97080	0.97080			6
2024.07.10	00:57:46.018	0.97081	0.97081			6
2024.07.10	00:57:47.463	0.97082	0.97082			6
2024.07.10	00:57:47.553	0.97079	0.97079			6
2024.07.10	00:57:48.598	0.97082	0.97082			6
2024.07.10	00:57:49.138	0.97083	0.97083			6
2024.07.10	00:57:49.439	0.97082	0.97082			6
2024.07.10	00:57:49.468	0.97083	0.97083			6
2024.07.10	00:57:52.336	0.97081	0.97081			6
2024.07.10	00:57:52.366	0.97080	0.97080			6
2024.07.10	00:57:53.377	0.97079	0.97079			6
2024.07.10	00:57:53.520	0.97080	0.97080			6
2024.07.10	00:57:53.550	0.97082	0.97082			6
2024.07.10	00:57:59.368	0.97083	0.97083			6
2024.07.10	00:57:59.901	0.97084	0.97084			6
2024.07.10	00:58:00.398	0.97083	0.97083			6
2024.07.10	00:58:02.664	0.97084	0.97084			6
2024.07.10	00:58:02.888	0.97083	0.97083			6
2024.07.10	00:58:08.099	0.97084	0.97084			6
2024.07.10	00:58:08.160	0.97083	0.97083			6
2024.07.10	00:58:09.693	0.97084	0.97084			6
2024.07.10	00:58:13.770	0.97085	0.97085			6
2024.07.10	00:58:17.674	0.97084	0.97084			6
2024.07.10	00:58:17.734	0.97083	0.97083			6
2024.07.10	00:58:17.826	0.97081	0.97081			6
2024.07.10	00:58:21.234	0.97079	0.97079			6
2024.07.10	00:58:21.264	0.97078	0.97078			6
2024.07.10	00:58:21.326	0.97076	0.97076			6
2024.07.10	00:58:21.823	0.97077	0.97077			6
2024.07.10	00:58:22.161	0.97076	0.97076			6
2024.07.10	00:58:22.252	0.97075	0.97075			6
2024.07.10	00:58:22.282	0.97076	0.97076			6
2024.07.10	00:58:22.780	0.97075	0.97075			6
2024.07.10	00:58:22.809	0.97076	0.97076			6
2024.07.10	00:58:23.066	0.97073	0.97073			6
2024.07.10	00:58:23.126	0.97076	0.97076			6
2024.07.10	00:58:24.134	0.97077	0.97077			6
2024.07.10	00:58:24.163	0.97074	0.97074			6
2024.07.10	00:58:24.223	0.97073	0.97073			6
2024.07.10	00:58:24.252	0.97072	0.97072			6
2024.07.10	00:58:24.283	0.97069	0.97069			6
2024.07.10	00:58:24.634	0.97072	0.97072			6
2024.07.10	00:58:24.664	0.97069	0.97069			6
2024.07.10	00:58:24.693	0.97071	0.97071			6
2024.07.10	00:58:24.723	0.97072	0.97072			6
2024.07.10	00:58:24.794	0.97073	0.97073			6
2024.07.10	00:58:28.049	0.97074	0.97074			6
2024.07.10	00:58:28.139	0.97073	0.97073			6
2024.07.10	00:58:28.199	0.97072	0.97072			6
2024.07.10	00:58:29.097	0.97073	0.97073			6
2024.07.10	00:58:29.475	0.97072	0.97072			6
2024.07.10	00:58:29.506	0.97074	0.97074			6
2024.07.10	00:58:29.597	0.97072	0.97072			6
2024.07.10	00:58:29.686	0.97071	0.97071			6
2024.07.10	00:58:30.067	0.97072	0.97072			6
2024.07.10	00:58:30.158	0.97071	0.97071			6
2024.07.10	00:58:30.248	0.97072	0.97072			6
2024.07.10	00:58:30.400	0.97071	0.97071			6
2024.07.10	00:58:30.717	0.97072	0.97072			6
2024.07.10	00:58:31.583	0.97074	0.97074			6
2024.07.10	00:58:35.474	0.97073	0.97073			6
2024.07.10	00:58:38.577	0.97074	0.97074			6
2024.07.10	00:58:41.241	0.97073	0.97073			6
2024.07.10	00:58:41.487	0.97072	0.97072			6
2024.07.10	00:58:42.448	0.97071	0.97071			6
2024.07.10	00:58:42.478	0.97072	0.97072			6
2024.07.10	00:58:42.509	0.97071	0.97071			6
2024.07.10	00:58:43.231	0.97075	0.97075			6
2024.07.10	00:58:43.836	0.97071	0.97071			6
2024.07.10	00:58:43.940	0.97075	0.97075			6
2024.07.10	00:58:44.001	0.97071	0.97071			6
2024.07.10	00:58:45.285	0.97074	0.97074			6
2024.07.10	00:58:45.345	0.97071	0.97071			6
2024.07.10	00:58:45.448	0.97074	0.97074			6
2024.07.10	00:58:45.509	0.97071	0.97071			6
2024.07.10	00:58:45.689	0.97070	0.97070			6
2024.07.10	00:58:47.247	0.97071	0.97071			6
2024.07.10	00:58:48.283	0.97073	0.97073			6
2024.07.10	00:58:48.798	0.97071	0.97071			6
2024.07.10	00:58:48.950	0.97069	0.97069			6
2024.07.10	00:58:49.185	0.97071	0.97071			6
2024.07.10	00:58:49.215	0.97072	0.97072			6
2024.07.10	00:58:49.574	0.97073	0.97073			6
2024.07.10	00:58:50.171	0.97074	0.97074			6
2024.07.10	00:58:50.200	0.97073	0.97073			6
2024.07.10	00:58:50.231	0.97070	0.97070			6
2024.07.10	00:58:50.260	0.97068	0.97068			6
2024.07.10	00:58:50.290	0.97072	0.97072			6
2024.07.10	00:58:50.320	0.97073	0.97073			6
2024.07.10	00:58:50.350	0.97074	0.97074			6
2024.07.10	00:58:50.411	0.97070	0.97070			6
2024.07.10	00:58:50.441	0.97069	0.97069			6
2024.07.10	00:58:50.471	0.97072	0.97072			6
2024.07.10	00:58:50.501	0.97071	0.97071			6
2024.07.10	00:58:50.531	0.97073	0.97073			6
2024.07.10	00:58:50.561	0.97071	0.97071			6
2024.07.10	00:58:50.621	0.97073	0.97073			6
2024.07.10	00:58:50.681	0.97072	0.97072			6
2024.07.10	00:58:50.767	0.97073	0.97073			6
2024.07.10	00:58:51.117	0.97067	0.97067			6
2024.07.10	00:58:51.148	0.97069	0.97069			6
2024.07.10	00:58:51.178	0.97068	0.97068			6
2024.07.10	00:58:51.208	0.97069	0.97069			6
2024.07.10	00:58:51.409	0.97071	0.97071			6
2024.07.10	00:58:51.439	0.97072	0.97072			6
2024.07.10	00:58:51.470	0.97073	0.97073			6
2024.07.10	00:58:52.084	0.97077	0.97077			6
2024.07.10	00:58:52.144	0.97076	0.97076			6
2024.07.10	00:58:52.786	0.97077	0.97077			6
2024.07.10	00:58:54.480	0.97076	0.97076			6
2024.07.10	00:58:54.757	0.97075	0.97075			6
2024.07.10	00:59:00.716	0.97072	0.97072			6
2024.07.10	00:59:00.808	0.97071	0.97071			6
2024.07.10	00:59:01.048	0.97070	0.97070			6
2024.07.10	00:59:01.138	0.97071	0.97071			6
2024.07.10	00:59:01.227	0.97069	0.97069			6
2024.07.10	00:59:01.287	0.97071	0.97071			6
2024.07.10	00:59:01.864	0.97070	0.97070			6
2024.07.10	00:59:01.924	0.97071	0.97071			6
2024.07.10	00:59:01.985	0.97070	0.97070			6
2024.07.10	00:59:02.087	0.97071	0.97071			6
2024.07.10	00:59:02.149	0.97070	0.97070			6
2024.07.10	00:59:02.361	0.97071	0.97071			6
2024.07.10	00:59:02.421	0.97070	0.97070			6
2024.07.10	00:59:02.451	0.97071	0.97071			6
2024.07.10	00:59:13.340	0.97070	0.97070			6
2024.07.10	00:59:16.129	0.97071	0.97071			6
2024.07.10	00:59:24.992	0.97072	0.97072			6
2024.07.10	00:59:27.094	0.97073	0.97073			6
2024.07.10	00:59:27.124	0.97074	0.97074			6
2024.07.10	00:59:27.213	0.97071	0.97071			6
2024.07.10	00:59:27.244	0.97074	0.97074			6
2024.07.10	00:59:27.594	0.97075	0.97075			6
2024.07.10	00:59:27.685	0.97076	0.97076			6
2024.07.10	00:59:27.745	0.97077	0.97077			6
2024.07.10	00:59:27.806	0.97076	0.97076			6
2024.07.10	00:59:27.836	0.97077	0.97077			6
2024.07.10	00:59:27.895	0.97076	0.97076			6
2024.07.10	00:59:27.955	0.97077	0.97077			6
2024.07.10	00:59:27.985	0.97075	0.97075			6
2024.07.10	00:59:28.046	0.97073	0.97073			6
2024.07.10	00:59:28.106	0.97076	0.97076			6
2024.07.10	00:59:28.135	0.97074	0.97074			6
2024.07.10	00:59:28.166	0.97075	0.97075			6
2024.07.10	00:59:28.226	0.97074	0.97074			6
2024.07.10	00:59:28.255	0.97073	0.97073			6
2024.07.10	00:59:28.285	0.97072	0.97072			6
2024.07.10	00:59:28.315	0.97071	0.97071			6
2024.07.10	00:59:28.345	0.97074	0.97074			6
2024.07.10	00:59:28.376	0.97072	0.97072			6
2024.07.10	00:59:28.405	0.97074	0.97074			6
2024.07.10	00:59:28.496	0.97075	0.97075			6
2024.07.10	00:59:28.556	0.97074	0.97074			6
2024.07.10	00:59:28.586	0.97075	0.97075			6
2024.07.10	00:59:28.615	0.97074	0.97074			6
2024.07.10	00:59:29.199	0.97075	0.97075			6
2024.07.10	00:59:29.268	0.97076	0.97076			6
2024.07.10	00:59:29.327	0.97075	0.97075			6
2024.07.10	00:59:29.356	0.97076	0.97076			6
2024.07.10	00:59:29.631	0.97077	0.97077			6
2024.07.10	00:59:30.050	0.97078	0.97078			6
2024.07.10	00:59:30.235	0.97079	0.97079			6
2024.07.10	00:59:30.326	0.97078	0.97078			6
2024.07.10	00:59:30.858	0.97079	0.97079			6
2024.07.10	00:59:31.832	0.97078	0.97078			6
2024.07.10	00:59:31.892	0.97079	0.97079			6
2024.07.10	00:59:32.192	0.97078	0.97078			6
2024.07.10	00:59:32.281	0.97076	0.97076			6
2024.07.10	00:59:32.312	0.97075	0.97075			6
2024.07.10	00:59:32.342	0.97076	0.97076			6
2024.07.10	00:59:32.372	0.97074	0.97074			6
2024.07.10	00:59:32.401	0.97075	0.97075			6
2024.07.10	00:59:32.431	0.97076	0.97076			6
2024.07.10	00:59:32.462	0.97079	0.97079			6
2024.07.10	00:59:32.612	0.97078	0.97078			6
2024.07.10	00:59:32.727	0.97080	0.97080			6
2024.07.10	00:59:34.711	0.97091	0.97091			6
2024.07.10	00:59:35.981	0.97092	0.97092			6
2024.07.10	00:59:36.177	0.97094	0.97094			6
2024.07.10	00:59:37.726	0.97093	0.97093			6
2024.07.10	00:59:39.530	0.97092	0.97092			6
2024.07.10	00:59:39.805	0.97093	0.97093			6
2024.07.10	00:59:39.836	0.97092	0.97092			6
2024.07.10	00:59:39.865	0.97093	0.97093			6
2024.07.10	00:59:40.151	0.97096	0.97096			6
2024.07.10	00:59:42.681	0.97095	0.97095			6
2024.07.10	00:59:42.711	0.97094	0.97094			6
2024.07.10	00:59:42.740	0.97093	0.97093			6
2024.07.10	00:59:42.831	0.97094	0.97094			6
2024.07.10	00:59:43.088	0.97093	0.97093			6
2024.07.10	00:59:43.855	0.97092	0.97092			6
2024.07.10	00:59:44.794	0.97094	0.97094			6
2024.07.10	00:59:45.466	0.97081	0.97081			6
2024.07.10	00:59:45.527	0.97080	0.97080			6
2024.07.10	00:59:45.587	0.97079	0.97079			6
2024.07.10	00:59:45.617	0.97077	0.97077			6
2024.07.10	00:59:45.647	0.97075	0.97075			6
2024.07.10	00:59:45.677	0.97077	0.97077			6
2024.07.10	00:59:46.509	0.97078	0.97078			6
2024.07.10	00:59:47.000	0.97077	0.97077			6
2024.07.10	00:59:47.030	0.97078	0.97078			6
2024.07.10	00:59:47.641	0.97079	0.97079			6
2024.07.10	00:59:47.689	0.97078	0.97078			6
2024.07.10	00:59:47.947	0.97077	0.97077			6
2024.07.10	00:59:47.977	0.97078	0.97078			6
2024.07.10	00:59:48.017	0.97077	0.97077			6
2024.07.10	00:59:48.112	0.97078	0.97078			6
2024.07.10	00:59:48.172	0.97077	0.97077			6
2024.07.10	00:59:49.790	0.97078	0.97078			6
2024.07.10	00:59:49.849	0.97077	0.97077			6
2024.07.10	00:59:49.880	0.97078	0.97078			6
2024.07.10	00:59:49.909	0.97077	0.97077			6
2024.07.10	00:59:49.939	0.97078	0.97078			6
2024.07.10	00:59:51.038	0.97077	0.97077			6
2024.07.10	00:59:52.757	0.97076	0.97076			6
2024.07.10	00:59:52.788	0.97077	0.97077			6
2024.07.10	00:59:52.848	0.97076	0.97076			6
2024.07.10	00:59:52.908	0.97077	0.97077			6
2024.07.10	00:59:52.938	0.97076	0.97076			6
2024.07.10	00:59:52.969	0.97077	0.97077			6
2024.07.10	00:59:52.997	0.97076	0.97076			6
2024.07.10	00:59:53.071	0.97077	0.97077			6
2024.07.10	00:59:54.170	0.97076	0.97076			6
2024.07.10	00:59:54.229	0.97077	0.97077			6
2024.07.10	00:59:54.290	0.97076	0.97076			6
2024.07.10	00:59:55.182	0.97077	0.97077			6
2024.07.10	00:59:55.212	0.97080	0.97080			6
2024.07.10	00:59:55.331	0.97081	0.97081			6
2024.07.10	00:59:55.391	0.97082	0.97082			6
2024.07.10	00:59:55.422	0.97083	0.97083			6
2024.07.10	00:59:55.482	0.97084	0.97084			6
2024.07.10	00:59:55.512	0.97083	0.97083			6
2024.07.10	00:59:55.607	0.97084	0.97084			6
2024.07.10	00:59:56.845	0.97083	0.97083			6
2024.07.10	00:59:57.150	0.97084	0.97084			6
2024.07.10	00:59:57.180	0.97085	0.97085			6
2024.07.10	00:59:57.968	0.97087	0.97087			6
2024.07.10	00:59:59.988	0.97088	0.97088			6
2024.07.10	01:00:00.048	0.97090	0.97090			6
2024.07.10	01:00:00.079	0.97088	0.97088			6
2024.07.10	01:00:00.109	0.97083	0.97083			6
2024.07.10	01:00:00.139	0.97078	0.97078			6
2024.07.10	01:00:00.170	0.97076	0.97076			6
2024.07.10	01:00:00.198	0.97082	0.97082			6
2024.07.10	01:00:00.257	0.97079	0.97079			6
2024.07.10	01:00:00.296	0.97082	0.97082			6
2024.07.10	01:00:00.437	0.97084	0.97084			6
2024.07.10	01:00:00.498	0.97083	0.97083			6
2024.07.10	01:00:00.529	0.97082	0.97082			6
2024.07.10	01:00:00.619	0.97083	0.97083			6
2024.07.10	01:00:00.648	0.97082	0.97082			6
2024.07.10	01:00:01.159	0.97079	0.97079			6
2024.07.10	01:00:01.189	0.97078	0.97078			6
2024.07.10	01:00:01.219	0.97079	0.97079			6
2024.07.10	01:00:01.338	0.97078	0.97078			6
2024.07.10	01:00:01.367	0.97079	0.97079			6
2024.07.10	01:00:02.148	0.97082	0.97082			6
2024.07.10	01:00:02.209	0.97083	0.97083			6
2024.07.10	01:00:02.301	0.97084	0.97084			6
2024.07.10	01:00:02.329	0.97083	0.97083			6
2024.07.10	01:00:02.360	0.97084	0.97084			6
2024.07.10	01:00:02.420	0.97085	0.97085			6
2024.07.10	01:00:02.480	0.97084	0.97084			6
2024.07.10	01:00:02.512	0.97085	0.97085			6
2024.07.10	01:00:02.571	0.97084	0.97084			6
2024.07.10	01:00:02.751	0.97083	0.97083			6
2024.07.10	01:00:02.781	0.97084	0.97084			6
2024.07.10	01:00:02.931	0.97085	0.97085			6
2024.07.10	01:00:03.083	0.97084	0.97084			6
2024.07.10	01:00:03.562	0.97085	0.97085			6
2024.07.10	01:00:05.007	0.97084	0.97084			6
2024.07.10	01:00:05.161	0.97081	0.97081			6
2024.07.10	01:00:05.643	0.97082	0.97082			6
2024.07.10	01:00:05.673	0.97081	0.97081			6
2024.07.10	01:00:05.935	0.97080	0.97080			6
2024.07.10	01:00:06.055	0.97081	0.97081			6
2024.07.10	01:00:06.085	0.97080	0.97080			6
2024.07.10	01:00:06.235	0.97081	0.97081			6
2024.07.10	01:00:06.660	0.97082	0.97082			6
2024.07.10	01:00:06.990	0.97081	0.97081			6
2024.07.10	01:00:07.140	0.97080	0.97080			6
2024.07.10	01:00:07.171	0.97081	0.97081			6
2024.07.10	01:00:07.201	0.97082	0.97082			6
2024.07.10	01:00:07.231	0.97081	0.97081			6
2024.07.10	01:00:07.505	0.97082	0.97082			6
2024.07.10	01:00:07.715	0.97081	0.97081			6
2024.07.10	01:00:07.985	0.97084	0.97084			6
2024.07.10	01:00:08.227	0.97085	0.97085			6
2024.07.10	01:00:08.257	0.97084	0.97084			6
2024.07.10	01:00:08.436	0.97085	0.97085			6
2024.07.10	01:00:08.588	0.97084	0.97084			6
2024.07.10	01:00:08.737	0.97085	0.97085			6
2024.07.10	01:00:08.766	0.97084	0.97084			6
2024.07.10	01:00:08.886	0.97085	0.97085			6
2024.07.10	01:00:09.037	0.97086	0.97086			6
2024.07.10	01:00:09.097	0.97084	0.97084			6
2024.07.10	01:00:09.348	0.97083	0.97083			6
2024.07.10	01:00:10.218	0.97082	0.97082			6
2024.07.10	01:00:10.248	0.97084	0.97084			6
2024.07.10	01:00:10.278	0.97081	0.97081			6
2024.07.10	01:00:10.309	0.97082	0.97082			6
2024.07.10	01:00:10.338	0.97081	0.97081			6
2024.07.10	01:00:10.399	0.97082	0.97082			6
2024.07.10	01:00:10.459	0.97081	0.97081			6
2024.07.10	01:00:10.489	0.97080	0.97080			6
2024.07.10	01:00:10.520	0.97083	0.97083			6
2024.07.10	01:00:10.580	0.97081	0.97081			6
2024.07.10	01:00:10.610	0.97082	0.97082			6
2024.07.10	01:00:10.639	0.97083	0.97083			6
2024.07.10	01:00:10.670	0.97080	0.97080			6
2024.07.10	01:00:10.700	0.97082	0.97082			6
2024.07.10	01:00:10.730	0.97081	0.97081			6
2024.07.10	01:00:10.790	0.97083	0.97083			6
2024.07.10	01:00:10.820	0.97082	0.97082			6
2024.07.10	01:00:10.850	0.97081	0.97081			6
2024.07.10	01:00:10.881	0.97080	0.97080			6
2024.07.10	01:00:10.910	0.97081	0.97081			6
2024.07.10	01:00:10.939	0.97080	0.97080			6
2024.07.10	01:00:10.970	0.97081	0.97081			6
2024.07.10	01:00:11.060	0.97080	0.97080			6
2024.07.10	01:00:11.090	0.97079	0.97079			6
2024.07.10	01:00:11.149	0.97080	0.97080			6
2024.07.10	01:00:11.360	0.97079	0.97079			6
2024.07.10	01:00:11.390	0.97078	0.97078			6
2024.07.10	01:00:11.449	0.97081	0.97081			6
2024.07.10	01:00:11.509	0.97080	0.97080			6
2024.07.10	01:00:11.540	0.97082	0.97082			6
2024.07.10	01:00:11.601	0.97081	0.97081			6
2024.07.10	01:00:11.630	0.97083	0.97083			6
2024.07.10	01:00:11.660	0.97082	0.97082			6
2024.07.10	01:00:11.719	0.97081	0.97081			6
2024.07.10	01:00:11.780	0.97079	0.97079			6
2024.07.10	01:00:11.811	0.97080	0.97080			6
2024.07.10	01:00:11.900	0.97081	0.97081			6
2024.07.10	01:00:11.930	0.97079	0.97079			6
2024.07.10	01:00:11.961	0.97080	0.97080			6
2024.07.10	01:00:12.051	0.97081	0.97081			6
2024.07.10	01:00:12.352	0.97082	0.97082			6
2024.07.10	01:00:12.412	0.97081	0.97081			6
2024.07.10	01:00:12.473	0.97083	0.97083			6
2024.07.10	01:00:12.503	0.97082	0.97082			6
2024.07.10	01:00:12.592	0.97081	0.97081			6
2024.07.10	01:00:12.623	0.97083	0.97083			6
2024.07.10	01:00:12.653	0.97082	0.97082			6
2024.07.10	01:00:12.774	0.97080	0.97080			6
2024.07.10	01:00:12.804	0.97082	0.97082			6
2024.07.10	01:00:12.833	0.97083	0.97083			6
2024.07.10	01:00:12.924	0.97082	0.97082			6
2024.07.10	01:00:12.984	0.97083	0.97083			6
2024.07.10	01:00:13.014	0.97082	0.97082			6
2024.07.10	01:00:13.339	0.97081	0.97081			6
2024.07.10	01:00:13.429	0.97082	0.97082			6
2024.07.10	01:00:13.490	0.97080	0.97080			6
2024.07.10	01:00:13.520	0.97079	0.97079			6
2024.07.10	01:00:13.550	0.97078	0.97078			6
2024.07.10	01:00:13.969	0.97079	0.97079			6
2024.07.10	01:00:14.483	0.97081	0.97081			6
2024.07.10	01:00:14.513	0.97082	0.97082			6
2024.07.10	01:00:14.664	0.97081	0.97081			6
2024.07.10	01:00:14.694	0.97082	0.97082			6
2024.07.10	01:00:14.724	0.97083	0.97083			6
2024.07.10	01:00:14.754	0.97082	0.97082			6
2024.07.10	01:00:14.844	0.97083	0.97083			6
2024.07.10	01:00:14.934	0.97084	0.97084			6
2024.07.10	01:00:15.025	0.97085	0.97085			6
2024.07.10	01:00:15.397	0.97086	0.97086			6
2024.07.10	01:00:16.234	0.97087	0.97087			6
2024.07.10	01:00:17.138	0.97086	0.97086			6
2024.07.10	01:00:17.732	0.97087	0.97087			6
2024.07.10	01:00:18.400	0.97086	0.97086			6
2024.07.10	01:00:18.430	0.97087	0.97087			6
2024.07.10	01:00:18.490	0.97086	0.97086			6
2024.07.10	01:00:18.640	0.97085	0.97085			6
2024.07.10	01:00:18.699	0.97084	0.97084			6
2024.07.10	01:00:18.730	0.97085	0.97085			6
2024.07.10	01:00:18.790	0.97083	0.97083			6
2024.07.10	01:00:18.849	0.97084	0.97084			6
2024.07.10	01:00:19.060	0.97085	0.97085			6
2024.07.10	01:00:19.091	0.97082	0.97082			6
2024.07.10	01:00:19.121	0.97085	0.97085			6
2024.07.10	01:00:19.150	0.97082	0.97082			6
2024.07.10	01:00:19.181	0.97083	0.97083			6
2024.07.10	01:00:19.271	0.97080	0.97080			6
2024.07.10	01:00:19.331	0.97081	0.97081			6
2024.07.10	01:00:19.706	0.97082	0.97082			6
2024.07.10	01:00:19.735	0.97081	0.97081			6
2024.07.10	01:00:20.174	0.97083	0.97083			6
2024.07.10	01:00:20.791	0.97085	0.97085			6
2024.07.10	01:00:20.880	0.97083	0.97083			6
2024.07.10	01:00:20.940	0.97084	0.97084			6
2024.07.10	01:00:21.217	0.97085	0.97085			6
2024.07.10	01:00:21.608	0.97084	0.97084			6
2024.07.10	01:00:21.668	0.97083	0.97083			6
2024.07.10	01:00:21.789	0.97081	0.97081			6
2024.07.10	01:00:21.938	0.97083	0.97083			6
2024.07.10	01:00:21.970	0.97081	0.97081			6
2024.07.10	01:00:22.151	0.97083	0.97083			6
2024.07.10	01:00:22.398	0.97084	0.97084			6
2024.07.10	01:00:22.429	0.97083	0.97083			6
2024.07.10	01:00:22.879	0.97081	0.97081			6
2024.07.10	01:00:22.969	0.97082	0.97082			6
2024.07.10	01:00:23.029	0.97085	0.97085			6
2024.07.10	01:00:23.059	0.97088	0.97088			6
2024.07.10	01:00:23.088	0.97081	0.97081			6
2024.07.10	01:00:23.118	0.97083	0.97083			6
2024.07.10	01:00:23.148	0.97084	0.97084			6
2024.07.10	01:00:23.299	0.97081	0.97081			6
2024.07.10	01:00:23.596	0.97082	0.97082			6
2024.07.10	01:00:23.716	0.97081	0.97081			6
2024.07.10	01:00:23.870	0.97080	0.97080			6
2024.07.10	01:00:23.927	0.97081	0.97081			6
2024.07.10	01:00:23.958	0.97079	0.97079			6
2024.07.10	01:00:23.989	0.97081	0.97081			6
2024.07.10	01:00:24.287	0.97080	0.97080			6
2024.07.10	01:00:25.375	0.97084	0.97084			6
2024.07.10	01:00:25.406	0.97082	0.97082			6
2024.07.10	01:00:25.435	0.97080	0.97080			6
2024.07.10	01:00:25.496	0.97079	0.97079			6
2024.07.10	01:00:25.749	0.97078	0.97078			6
2024.07.10	01:00:26.019	0.97079	0.97079			6
2024.07.10	01:00:26.199	0.97086	0.97086			6
2024.07.10	01:00:26.501	0.97083	0.97083			6
2024.07.10	01:00:26.752	0.97084	0.97084			6
2024.07.10	01:00:27.053	0.97083	0.97083			6
2024.07.10	01:00:27.083	0.97084	0.97084			6
2024.07.10	01:00:27.962	0.97083	0.97083			6
2024.07.10	01:00:28.080	0.97085	0.97085			6
2024.07.10	01:00:28.509	0.97086	0.97086			6
2024.07.10	01:00:29.527	0.97085	0.97085			6
2024.07.10	01:00:30.133	0.97084	0.97084			6
2024.07.10	01:00:36.026	0.97083	0.97083			6
2024.07.10	01:00:36.057	0.97082	0.97082			6
2024.07.10	01:00:36.146	0.97084	0.97084			6
2024.07.10	01:00:40.300	0.97085	0.97085			6
2024.07.10	01:00:51.808	0.97086	0.97086			6
2024.07.10	01:00:51.839	0.97087	0.97087			6
2024.07.10	01:01:02.793	0.97086	0.97086			6
2024.07.10	01:01:02.853	0.97084	0.97084			6
2024.07.10	01:01:02.890	0.97087	0.97087			6
2024.07.10	01:01:03.009	0.97086	0.97086			6
2024.07.10	01:01:03.100	0.97087	0.97087			6
2024.07.10	01:01:03.231	0.97086	0.97086			6
2024.07.10	01:01:03.321	0.97087	0.97087			6
2024.07.10	01:01:03.430	0.97086	0.97086			6
2024.07.10	01:01:03.468	0.97084	0.97084			6
2024.07.10	01:01:03.528	0.97087	0.97087			6
2024.07.10	01:01:03.630	0.97086	0.97086			6
2024.07.10	01:01:03.659	0.97084	0.97084			6
2024.07.10	01:01:03.749	0.97087	0.97087			6
2024.07.10	01:01:03.840	0.97086	0.97086			6
2024.07.10	01:01:03.949	0.97087	0.97087			6
2024.07.10	01:01:07.679	0.97086	0.97086			6
2024.07.10	01:01:08.144	0.97085	0.97085			6
2024.07.10	01:01:26.381	0.97086	0.97086			6
2024.07.10	01:01:31.147	0.97085	0.97085			6
2024.07.10	01:01:32.742	0.97081	0.97081			6
2024.07.10	01:01:36.667	0.97082	0.97082			6
2024.07.10	01:01:36.697	0.97083	0.97083			6
2024.07.10	01:01:36.727	0.97081	0.97081			6
2024.07.10	01:01:44.244	0.97082	0.97082			6
2024.07.10	01:01:46.172	0.97083	0.97083			6
2024.07.10	01:01:51.826	0.97082	0.97082			6
2024.07.10	01:02:02.175	0.97085	0.97085			6
2024.07.10	01:02:04.138	0.97088	0.97088			6
2024.07.10	01:02:10.715	0.97089	0.97089			6
2024.07.10	01:02:11.329	0.97086	0.97086			6
2024.07.10	01:02:11.599	0.97088	0.97088			6
2024.07.10	01:02:11.659	0.97087	0.97087			6
2024.07.10	01:02:11.748	0.97088	0.97088			6
2024.07.10	01:02:12.493	0.97086	0.97086			6
2024.07.10	01:02:15.293	0.97089	0.97089			6
2024.07.10	01:02:17.878	0.97086	0.97086			6
2024.07.10	01:02:18.232	0.97089	0.97089			6
2024.07.10	01:02:19.196	0.97088	0.97088			6
2024.07.10	01:02:20.172	0.97084	0.97084			6
2024.07.10	01:02:22.522	0.97085	0.97085			6
2024.07.10	01:02:26.700	0.97084	0.97084			6
2024.07.10	01:02:42.191	0.97085	0.97085			6
2024.07.10	01:03:00.034	0.97084	0.97084			6
2024.07.10	01:03:00.154	0.97083	0.97083			6
2024.07.10	01:03:02.074	0.97082	0.97082			6
2024.07.10	01:03:02.497	0.97081	0.97081			6
2024.07.10	01:03:06.651	0.97080	0.97080			6
2024.07.10	01:03:07.759	0.97079	0.97079			6
2024.07.10	01:03:29.076	0.97081	0.97081			6
2024.07.10	01:03:34.441	0.97083	0.97083			6
2024.07.10	01:03:55.257	0.97085	0.97085			6
2024.07.10	01:03:57.762	0.97084	0.97084			6
2024.07.10	01:04:09.786	0.97083	0.97083			6
2024.07.10	01:04:13.827	0.97084	0.97084			6
2024.07.10	01:04:25.999	0.97082	0.97082			6
2024.07.10	01:04:56.389	0.97083	0.97083			6
2024.07.10	01:04:56.490	0.97082	0.97082			6
2024.07.10	01:04:56.598	0.97083	0.97083			6
2024.07.10	01:04:56.681	0.97082	0.97082			6
2024.07.10	01:04:56.811	0.97083	0.97083			6
2024.07.10	01:04:56.903	0.97082	0.97082			6
2024.07.10	01:04:57.022	0.97083	0.97083			6
2024.07.10	01:04:57.099	0.97082	0.97082			6
2024.07.10	01:04:57.207	0.97083	0.97083			6
2024.07.10	01:04:57.343	0.97082	0.97082			6
2024.07.10	01:04:57.444	0.97083	0.97083			6
2024.07.10	01:05:00.141	0.97082	0.97082			6
2024.07.10	01:05:23.399	0.97081	0.97081			6
2024.07.10	01:05:42.281	0.97082	0.97082			6
2024.07.10	01:05:42.640	0.97083	0.97083			6
2024.07.10	01:05:51.147	0.97084	0.97084			6
2024.07.10	01:06:03.908	0.97083	0.97083			6
2024.07.10	01:07:12.529	0.97083	0.97083			6
2024.07.10	01:07:22.780	0.97082	0.97082			6
2024.07.10	01:07:26.379	0.97083	0.97083			6
2024.07.10	01:07:29.746	0.97082	0.97082			6
2024.07.10	01:07:31.819	0.97083	0.97083			6
2024.07.10	01:07:34.165	0.97082	0.97082			6
2024.07.10	01:08:01.259	0.97079	0.97079			6
2024.07.10	01:08:08.096	0.97080	0.97080			6
2024.07.10	01:10:00.050	0.97080	0.97080			6
2024.07.10	01:10:17.286	0.97078	0.97078			6
2024.07.10	01:10:17.345	0.97080	0.97080			6
2024.07.10	01:10:30.561	0.97079	0.97079			6
2024.07.10	01:10:51.286	0.97078	0.97078			6
2024.07.10	01:10:51.346	0.97079	0.97079			6
2024.07.10	01:10:52.781	0.97078	0.97078			6
2024.07.10	01:10:58.319	0.97079	0.97079			6
2024.07.10	01:11:02.086	0.97078	0.97078			6
2024.07.10	01:11:06.294	0.97079	0.97079			6
2024.07.10	01:11:14.680	0.97081	0.97081			6
2024.07.10	01:11:14.709	0.97082	0.97082			6
2024.07.10	01:11:15.424	0.97081	0.97081			6
2024.07.10	01:11:40.658	0.97082	0.97082			6
2024.07.10	01:11:58.657	0.97081	0.97081			6
2024.07.10	01:12:09.705	0.97082	0.97082			6
2024.07.10	01:12:25.933	0.97081	0.97081			6
2024.07.10	01:12:26.073	0.97082	0.97082			6
2024.07.10	01:12:29.974	0.97083	0.97083			6
2024.07.10	01:12:34.284	0.97079	0.97079			6
2024.07.10	01:12:34.657	0.97078	0.97078			6
2024.07.10	01:13:06.454	0.97078				2
2024.07.10	01:13:06.718	0.97076	0.97076			6
2024.07.10	01:13:42.261	0.97075	0.97075			6
2024.07.10	01:13:42.351	0.97076	0.97076			6
2024.07.10	01:14:18.304	0.97077	0.97077			6
2024.07.10	01:14:23.362	0.97076	0.97076			6
2024.07.10	01:14:37.934	0.97077	0.97077			6
2024.07.10	01:14:40.109	0.97076	0.97076			6
2024.07.10	01:14:44.004	0.97077	0.97077			6
2024.07.10	01:14:51.277	0.97074	0.97074			6
2024.07.10	01:14:55.779	0.97073	0.97073			6
2024.07.10	01:14:57.935	0.97074	0.97074			6
2024.07.10	01:14:57.965	0.97076	0.97076			6
2024.07.10	01:15:00.006	0.97077	0.97077			6
2024.07.10	01:15:00.037	0.97076	0.97076			6
2024.07.10	01:15:00.067	0.97077	0.97077			6
2024.07.10	01:15:10.605	0.97076	0.97076			6
2024.07.10	01:15:11.003	0.97077	0.97077			6
2024.07.10	01:15:12.311	0.97076	0.97076			6
2024.07.10	01:15:23.702	0.97077	0.97077			6
2024.07.10	01:15:23.958	0.97076	0.97076			6
2024.07.10	01:15:28.787	0.97077	0.97077			6
2024.07.10	01:15:29.627	0.97076	0.97076			6
2024.07.10	01:15:40.850	0.97080	0.97080			6
2024.07.10	01:15:40.880	0.97082	0.97082			6
2024.07.10	01:15:42.317	0.97081	0.97081			6
2024.07.10	01:15:42.704	0.97082	0.97082			6
2024.07.10	01:15:43.054	0.97081	0.97081			6
2024.07.10	01:15:45.136	0.97083	0.97083			6
2024.07.10	01:15:45.409	0.97081	0.97081			6
2024.07.10	01:15:46.410	0.97082	0.97082			6
2024.07.10	01:15:47.180	0.97083	0.97083			6
2024.07.10	01:15:48.229	0.97082	0.97082			6
2024.07.10	01:15:48.593	0.97083	0.97083			6
2024.07.10	01:15:48.623	0.97082	0.97082			6
2024.07.10	01:15:48.779	0.97081	0.97081			6
2024.07.10	01:15:49.448	0.97082	0.97082			6
2024.07.10	01:15:49.487	0.97083	0.97083			6
2024.07.10	01:15:49.687	0.97082	0.97082			6
2024.07.10	01:15:50.103	0.97083	0.97083			6
2024.07.10	01:15:51.715	0.97081	0.97081			6
2024.07.10	01:15:52.117	0.97083	0.97083			6
2024.07.10	01:15:52.373	0.97082	0.97082			6
2024.07.10	01:15:53.361	0.97083	0.97083			6
2024.07.10	01:15:55.618	0.97082	0.97082			6
2024.07.10	01:15:56.550	0.97083	0.97083			6
2024.07.10	01:15:56.650	0.97082	0.97082			6
2024.07.10	01:15:57.600	0.97083	0.97083			6
2024.07.10	01:15:57.808	0.97082	0.97082			6
2024.07.10	01:15:59.278	0.97080	0.97080			6
2024.07.10	01:15:59.308	0.97082	0.97082			6
2024.07.10	01:15:59.555	0.97081	0.97081			6
2024.07.10	01:16:00.273	0.97082	0.97082			6
2024.07.10	01:16:00.635	0.97081	0.97081			6
2024.07.10	01:16:02.381	0.97080	0.97080			6
2024.07.10	01:16:04.303	0.97081	0.97081			6
2024.07.10	01:16:09.303	0.97082	0.97082			6
2024.07.10	01:16:09.519	0.97083	0.97083			6
2024.07.10	01:16:09.549	0.97082	0.97082			6
2024.07.10	01:16:16.496	0.97084	0.97084			6
2024.07.10	01:16:16.542	0.97085	0.97085			6
2024.07.10	01:16:16.679	0.97084	0.97084			6
2024.07.10	01:16:16.870	0.97085	0.97085			6
2024.07.10	01:16:19.502	0.97086	0.97086			6
2024.07.10	01:16:20.303	0.97085	0.97085			6
2024.07.10	01:16:20.334	0.97086	0.97086			6
2024.07.10	01:16:23.555	0.97085	0.97085			6
2024.07.10	01:16:23.615	0.97084	0.97084			6
2024.07.10	01:16:27.783	0.97083	0.97083			6
2024.07.10	01:16:34.285	0.97082	0.97082			6
2024.07.10	01:16:34.315	0.97083	0.97083			6
2024.07.10	01:17:03.466	0.97083				2
2024.07.10	01:17:08.267	0.97082	0.97082			6
2024.07.10	01:17:08.297	0.97081	0.97081			6
2024.07.10	01:17:09.661	0.97082	0.97082			6
2024.07.10	01:17:10.379	0.97081	0.97081			6
2024.07.10	01:17:17.504	0.97082	0.97082			6
2024.07.10	01:17:42.281	0.97080	0.97080			6
2024.07.10	01:17:42.604	0.97081	0.97081			6
2024.07.10	01:17:54.126	0.97080	0.97080			6
2024.07.10	01:17:54.470	0.97081	0.97081			6
2024.07.10	01:17:55.302	0.97080	0.97080			6
2024.07.10	01:17:56.315	0.97081	0.97081			6
2024.07.10	01:18:01.539	0.97080	0.97080			6
2024.07.10	01:18:02.303	0.97081	0.97081			6
2024.07.10	01:18:03.394	0.97082	0.97082			6
2024.07.10	01:18:15.202	0.97083	0.97083			6
2024.07.10	01:18:15.667	0.97082	0.97082			6
2024.07.10	01:18:25.642	0.97083	0.97083			6
2024.07.10	01:18:26.225	0.97082	0.97082			6
2024.07.10	01:18:26.579	0.97083	0.97083			6
2024.07.10	01:18:27.456	0.97082	0.97082			6
2024.07.10	01:18:27.596	0.97083	0.97083			6
2024.07.10	01:18:29.911	0.97082	0.97082			6
2024.07.10	01:18:31.848	0.97083	0.97083			6
2024.07.10	01:18:32.226	0.97082	0.97082			6
2024.07.10	01:18:32.893	0.97083	0.97083			6
2024.07.10	01:18:33.147	0.97082	0.97082			6
2024.07.10	01:18:33.970	0.97083	0.97083			6
2024.07.10	01:18:34.339	0.97082	0.97082			6
2024.07.10	01:18:34.966	0.97083	0.97083			6
2024.07.10	01:18:35.370	0.97082	0.97082			6
2024.07.10	01:18:36.001	0.97083	0.97083			6
2024.07.10	01:18:36.632	0.97082	0.97082			6
2024.07.10	01:18:37.054	0.97083	0.97083			6
2024.07.10	01:18:37.607	0.97082	0.97082			6
2024.07.10	01:18:37.973	0.97083	0.97083			6
2024.07.10	01:18:38.688	0.97082	0.97082			6
2024.07.10	01:18:39.018	0.97083	0.97083			6
2024.07.10	01:18:39.401	0.97082	0.97082			6
2024.07.10	01:18:44.555	0.97083	0.97083			6
2024.07.10	01:18:44.896	0.97082	0.97082			6
2024.07.10	01:18:45.527	0.97083	0.97083			6
2024.07.10	01:18:49.067	0.97082	0.97082			6
2024.07.10	01:18:49.600	0.97083	0.97083			6
2024.07.10	01:18:50.112	0.97082	0.97082			6
2024.07.10	01:18:50.639	0.97083	0.97083			6
2024.07.10	01:18:51.134	0.97082	0.97082			6
2024.07.10	01:19:03.187	0.97083	0.97083			6
2024.07.10	01:19:03.598	0.97082	0.97082			6
2024.07.10	01:19:04.230	0.97083	0.97083			6
2024.07.10	01:19:04.636	0.97082	0.97082			6
2024.07.10	01:19:05.264	0.97083	0.97083			6
2024.07.10	01:19:05.656	0.97082	0.97082			6
2024.07.10	01:19:06.294	0.97083	0.97083			6
2024.07.10	01:19:06.692	0.97082	0.97082			6
2024.07.10	01:19:07.334	0.97083	0.97083			6
2024.07.10	01:19:07.732	0.97082	0.97082			6
2024.07.10	01:19:08.349	0.97083	0.97083			6
2024.07.10	01:19:08.780	0.97082	0.97082			6
2024.07.10	01:19:09.396	0.97083	0.97083			6
2024.07.10	01:19:10.840	0.97082	0.97082			6
2024.07.10	01:19:11.480	0.97083	0.97083			6
2024.07.10	01:19:11.770	0.97082	0.97082			6
2024.07.10	01:19:11.801	0.97084	0.97084			6
2024.07.10	01:19:11.830	0.97083	0.97083			6
2024.07.10	01:19:11.859	0.97084	0.97084			6
2024.07.10	01:19:11.889	0.97083	0.97083			6
2024.07.10	01:19:12.227	0.97084	0.97084			6
2024.07.10	01:19:12.486	0.97083	0.97083			6
2024.07.10	01:19:12.914	0.97084	0.97084			6
2024.07.10	01:19:15.935	0.97085	0.97085			6
2024.07.10	01:19:18.854	0.97084	0.97084			6
2024.07.10	01:19:25.293	0.97083	0.97083			6
2024.07.10	01:19:28.186	0.97082	0.97082			6
2024.07.10	01:19:32.167	0.97083	0.97083			6
2024.07.10	01:19:32.498	0.97082	0.97082			6
2024.07.10	01:19:54.604	0.97080	0.97080			6
2024.07.10	01:19:54.902	0.97081	0.97081			6
2024.07.10	01:19:59.326	0.97079	0.97079			6
2024.07.10	01:19:59.357	0.97080	0.97080			6
2024.07.10	01:20:04.560	0.97081	0.97081			6
2024.07.10	01:20:07.772	0.97077	0.97077			6
2024.07.10	01:20:08.565	0.97076	0.97076			6
2024.07.10	01:20:09.266	0.97077	0.97077			6
2024.07.10	01:21:04.229	0.97078	0.97078			6
2024.07.10	01:21:08.275	0.97077	0.97077			6
2024.07.10	01:21:08.924	0.97076	0.97076			6
2024.07.10	01:21:18.891	0.97077	0.97077			6
2024.07.10	01:21:19.286	0.97076	0.97076			6
2024.07.10	01:21:22.447	0.97077	0.97077			6
2024.07.10	01:21:23.673	0.97076	0.97076			6
2024.07.10	01:21:24.872	0.97077	0.97077			6
2024.07.10	01:21:25.556	0.97078	0.97078			6
2024.07.10	01:21:26.339	0.97077	0.97077			6
2024.07.10	01:21:26.588	0.97076	0.97076			6
2024.07.10	01:21:27.371	0.97077	0.97077			6
2024.07.10	01:21:27.674	0.97076	0.97076			6
2024.07.10	01:21:27.889	0.97077	0.97077			6
2024.07.10	01:21:37.920	0.97078	0.97078			6
2024.07.10	01:21:37.952	0.97079	0.97079			6
2024.07.10	01:21:38.496	0.97078	0.97078			6
2024.07.10	01:21:42.278	0.97077	0.97077			6
2024.07.10	01:21:44.989	0.97078	0.97078			6
2024.07.10	01:21:46.838	0.97077	0.97077			6
2024.07.10	01:21:47.995	0.97078	0.97078			6
2024.07.10	01:21:48.920	0.97077	0.97077			6
2024.07.10	01:22:11.593	0.97078	0.97078			6
2024.07.10	01:22:15.712	0.97077	0.97077			6
2024.07.10	01:22:16.775	0.97078	0.97078			6
2024.07.10	01:22:17.301	0.97077	0.97077			6
2024.07.10	01:22:17.732	0.97078	0.97078			6
2024.07.10	01:22:17.852	0.97080	0.97080			6
2024.07.10	01:22:18.731	0.97081	0.97081			6
2024.07.10	01:22:20.964	0.97080	0.97080			6
2024.07.10	01:22:23.955	0.97081	0.97081			6
2024.07.10	01:22:25.177	0.97082	0.97082			6
2024.07.10	01:22:28.085	0.97081	0.97081			6
2024.07.10	01:22:28.703	0.97082	0.97082			6
2024.07.10	01:22:29.343	0.97081	0.97081			6
2024.07.10	01:23:25.275	0.97080	0.97080			6
2024.07.10	01:23:59.284	0.97079	0.97079			6
2024.07.10	01:23:59.681	0.97078	0.97078			6
2024.07.10	01:24:01.525	0.97076	0.97076			6
2024.07.10	01:24:02.351	0.97077	0.97077			6
2024.07.10	01:24:07.931	0.97076	0.97076			6
2024.07.10	01:24:09.533	0.97077	0.97077			6
2024.07.10	01:24:12.572	0.97076	0.97076			6
2024.07.10	01:24:14.085	0.97077	0.97077			6
2024.07.10	01:24:18.544	0.97076	0.97076			6
2024.07.10	01:24:19.276	0.97077	0.97077			6
2024.07.10	01:24:26.738	0.97076	0.97076			6
2024.07.10	01:24:28.661	0.97077	0.97077			6
2024.07.10	01:24:33.106	0.97076	0.97076			6
2024.07.10	01:24:38.059	0.97077	0.97077			6
2024.07.10	01:24:46.471	0.97076	0.97076			6
2024.07.10	01:24:49.150	0.97077	0.97077			6
2024.07.10	01:24:54.908	0.97076	0.97076			6
2024.07.10	01:25:09.340	0.97077	0.97077			6
2024.07.10	01:25:11.553	0.97078	0.97078			6
2024.07.10	01:25:12.632	0.97077	0.97077			6
2024.07.10	01:25:19.271	0.97078	0.97078			6
2024.07.10	01:25:21.264	0.97079	0.97079			6
2024.07.10	01:25:29.392	0.97080	0.97080			6
2024.07.10	01:25:36.055	0.97081	0.97081			6
2024.07.10	01:25:37.363	0.97080	0.97080			6
2024.07.10	01:25:41.178	0.97082	0.97082			6
2024.07.10	01:25:42.294	0.97079	0.97079			6
2024.07.10	01:25:42.749	0.97080	0.97080			6
2024.07.10	01:25:43.568	0.97079	0.97079			6
2024.07.10	01:26:17.293	0.97078	0.97078			6
2024.07.10	01:26:17.865	0.97077	0.97077			6
2024.07.10	01:26:26.395	0.97076	0.97076			6
2024.07.10	01:26:26.947	0.97077	0.97077			6
2024.07.10	01:26:27.023	0.97076	0.97076			6
2024.07.10	01:26:31.106	0.97077	0.97077			6
2024.07.10	01:27:25.281	0.97076	0.97076			6
2024.07.10	01:27:25.925	0.97077	0.97077			6
2024.07.10	01:27:40.271	0.97078	0.97078			6
2024.07.10	01:27:44.378	0.97077	0.97077			6
2024.07.10	01:27:45.963	0.97078	0.97078			6
2024.07.10	01:27:47.153	0.97077	0.97077			6
2024.07.10	01:28:26.177	0.97076	0.97076			6
2024.07.10	01:28:31.454	0.97077	0.97077			6
2024.07.10	01:28:34.293	0.97076	0.97076			6
2024.07.10	01:28:39.284	0.97077	0.97077			6
2024.07.10	01:29:08.295	0.97076	0.97076			6
2024.07.10	01:29:09.868	0.97077	0.97077			6
2024.07.10	01:29:42.279	0.97076	0.97076			6
2024.07.10	01:29:50.600	0.97077	0.97077			6
2024.07.10	01:30:00.037	0.97077				2
2024.07.10	01:30:00.605	0.97076	0.97076			6
2024.07.10	01:30:01.757	0.97077	0.97077			6
2024.07.10	01:30:19.679	0.97078	0.97078			6
2024.07.10	01:30:20.171	0.97077	0.97077			6
2024.07.10	01:31:52.659	0.97076	0.97076			6
2024.07.10	01:31:53.671	0.97077	0.97077			6
2024.07.10	01:32:00.602	0.97077				2
2024.07.10	01:32:31.378	0.97076	0.97076			6
2024.07.10	01:33:09.063	0.97075	0.97075			6
2024.07.10	01:33:09.430	0.97076	0.97076			6
2024.07.10	01:33:09.781	0.97075	0.97075			6
2024.07.10	01:33:15.569	0.97076	0.97076			6
2024.07.10	01:33:15.844	0.97075	0.97075			6
2024.07.10	01:33:16.668	0.97076	0.97076			6
2024.07.10	01:33:22.033	0.97077	0.97077			6
2024.07.10	01:33:22.094	0.97076	0.97076			6
2024.07.10	01:33:22.154	0.97072	0.97072			6
2024.07.10	01:33:22.363	0.97073	0.97073			6
2024.07.10	01:33:22.394	0.97074	0.97074			6
2024.07.10	01:33:27.901	0.97075	0.97075			6
2024.07.10	01:33:30.589	0.97074	0.97074			6
2024.07.10	01:33:33.570	0.97075	0.97075			6
2024.07.10	01:33:39.030	0.97073	0.97073			6
2024.07.10	01:33:39.304	0.97075	0.97075			6
2024.07.10	01:33:57.570	0.97074	0.97074			6
2024.07.10	01:34:00.864	0.97075	0.97075			6
2024.07.10	01:34:08.189	0.97074	0.97074			6
2024.07.10	01:34:09.176	0.97073	0.97073			6
2024.07.10	01:34:10.582	0.97074	0.97074			6
2024.07.10	01:34:16.043	0.97073	0.97073			6
2024.07.10	01:34:35.077	0.97074	0.97074			6
2024.07.10	01:34:48.556	0.97073	0.97073			6
2024.07.10	01:35:01.771	0.97074	0.97074			6
2024.07.10	01:35:02.473	0.97073	0.97073			6
2024.07.10	01:35:05.170	0.97074	0.97074			6
2024.07.10	01:35:05.260	0.97073	0.97073			6
2024.07.10	01:35:05.321	0.97074	0.97074			6
2024.07.10	01:35:05.590	0.97072	0.97072			6
2024.07.10	01:35:11.289	0.97073	0.97073			6
2024.07.10	01:35:11.563	0.97072	0.97072			6
2024.07.10	01:35:12.289	0.97073	0.97073			6
2024.07.10	01:35:13.304	0.97072	0.97072			6
2024.07.10	01:35:23.743	0.97073	0.97073			6
2024.07.10	01:35:52.225	0.97074	0.97074			6
2024.07.10	01:35:53.055	0.97075	0.97075			6
2024.07.10	01:36:00.445	0.97074	0.97074			6
2024.07.10	01:36:00.634	0.97073	0.97073			6
2024.07.10	01:36:03.406	0.97074	0.97074			6
2024.07.10	01:36:03.556	0.97075	0.97075			6
2024.07.10	01:36:05.713	0.97073	0.97073			6
2024.07.10	01:36:10.129	0.97074	0.97074			6
2024.07.10	01:36:10.161	0.97073	0.97073			6
2024.07.10	01:36:10.481	0.97074	0.97074			6
2024.07.10	01:36:10.618	0.97075	0.97075			6
2024.07.10	01:36:11.278	0.97074	0.97074			6
2024.07.10	01:36:34.976	0.97073	0.97073			6
2024.07.10	01:36:35.124	0.97074	0.97074			6
2024.07.10	01:37:00.358	0.97073	0.97073			6
2024.07.10	01:37:01.019	0.97072	0.97072			6
2024.07.10	01:37:01.256	0.97071	0.97071			6
2024.07.10	01:37:19.010	0.97072	0.97072			6
2024.07.10	01:37:19.041	0.97073	0.97073			6
2024.07.10	01:37:30.249	0.97072	0.97072			6
2024.07.10	01:37:47.923	0.97070	0.97070			6
2024.07.10	01:37:47.953	0.97068	0.97068			6
2024.07.10	01:37:48.012	0.97069	0.97069			6
2024.07.10	01:37:48.172	0.97070	0.97070			6
2024.07.10	01:37:56.260	0.97069	0.97069			6
2024.07.10	01:38:02.500	0.97065	0.97065			6
2024.07.10	01:38:02.561	0.97064	0.97064			6
2024.07.10	01:38:02.650	0.97065	0.97065			6
2024.07.10	01:38:02.742	0.97066	0.97066			6
2024.07.10	01:38:08.746	0.97065	0.97065			6
2024.07.10	01:38:16.823	0.97064	0.97064			6
2024.07.10	01:38:20.977	0.97065	0.97065			6
2024.07.10	01:39:01.768	0.97065				2
2024.07.10	01:39:02.570	0.97066	0.97066			6
2024.07.10	01:39:02.600	0.97070	0.97070			6
2024.07.10	01:39:02.750	0.97069	0.97069			6
2024.07.10	01:39:02.780	0.97070	0.97070			6
2024.07.10	01:39:02.980	0.97071	0.97071			6
2024.07.10	01:39:03.300	0.97070	0.97070			6
2024.07.10	01:39:03.360	0.97071	0.97071			6
2024.07.10	01:39:04.762	0.97070	0.97070			6
2024.07.10	01:39:06.823	0.97071	0.97071			6
2024.07.10	01:39:09.628	0.97070	0.97070			6
2024.07.10	01:39:12.676	0.97071	0.97071			6
2024.07.10	01:39:13.475	0.97070	0.97070			6
2024.07.10	01:39:13.783	0.97071	0.97071			6
2024.07.10	01:39:14.698	0.97070	0.97070			6
2024.07.10	01:39:19.832	0.97068	0.97068			6
2024.07.10	01:39:19.860	0.97069	0.97069			6
2024.07.10	01:39:19.950	0.97070	0.97070			6
2024.07.10	01:39:20.208	0.97069	0.97069			6
2024.07.10	01:39:41.041	0.97070	0.97070			6
2024.07.10	01:39:41.100	0.97071	0.97071			6
2024.07.10	01:39:42.230	0.97070	0.97070			6
2024.07.10	01:39:45.415	0.97071	0.97071			6
2024.07.10	01:39:52.791	0.97073	0.97073			6
2024.07.10	01:39:52.822	0.97075	0.97075			6
2024.07.10	01:39:53.129	0.97076	0.97076			6
2024.07.10	01:39:57.764	0.97075	0.97075			6
2024.07.10	01:40:02.473	0.97074	0.97074			6
2024.07.10	01:40:02.798	0.97075	0.97075			6
2024.07.10	01:40:14.440	0.97072	0.97072			6
2024.07.10	01:40:14.629	0.97070	0.97070			6
2024.07.10	01:40:14.693	0.97071	0.97071			6
2024.07.10	01:40:31.441	0.97070	0.97070			6
2024.07.10	01:40:32.478	0.97071	0.97071			6
2024.07.10	01:40:35.577	0.97070	0.97070			6
2024.07.10	01:40:36.624	0.97071	0.97071			6
2024.07.10	01:40:56.097	0.97069	0.97069			6
2024.07.10	01:40:57.758	0.97070	0.97070			6
2024.07.10	01:41:01.101	0.97069	0.97069			6
2024.07.10	01:41:08.355	0.97070	0.97070			6
2024.07.10	01:41:10.610	0.97066	0.97066			6
2024.07.10	01:41:10.814	0.97064	0.97064			6
2024.07.10	01:41:11.838	0.97063	0.97063			6
2024.07.10	01:41:11.909	0.97064	0.97064			6
2024.07.10	01:41:12.843	0.97063	0.97063			6
2024.07.10	01:41:12.998	0.97064	0.97064			6
2024.07.10	01:41:13.028	0.97063	0.97063			6
2024.07.10	01:41:14.228	0.97064	0.97064			6
2024.07.10	01:41:15.930	0.97065	0.97065			6
2024.07.10	01:41:15.991	0.97066	0.97066			6
2024.07.10	01:41:16.693	0.97067	0.97067			6
2024.07.10	01:41:16.752	0.97066	0.97066			6
2024.07.10	01:41:16.805	0.97067	0.97067			6
2024.07.10	01:41:17.823	0.97066	0.97066			6
2024.07.10	01:41:18.249	0.97067	0.97067			6
2024.07.10	01:41:19.322	0.97066	0.97066			6
2024.07.10	01:41:21.382	0.97067	0.97067			6
2024.07.10	01:41:21.922	0.97066	0.97066			6
2024.07.10	01:41:22.610	0.97069	0.97069			6
2024.07.10	01:41:22.729	0.97070	0.97070			6
2024.07.10	01:41:24.451	0.97069	0.97069			6
2024.07.10	01:41:25.724	0.97070	0.97070			6
2024.07.10	01:41:46.760	0.97069	0.97069			6
2024.07.10	01:41:46.850	0.97071	0.97071			6
2024.07.10	01:41:49.238	0.97072	0.97072			6
2024.07.10	01:41:50.970	0.97071	0.97071			6
2024.07.10	01:42:00.106	0.97070	0.97070			6
2024.07.10	01:42:00.225	0.97069	0.97069			6
2024.07.10	01:42:16.472	0.97070	0.97070			6
2024.07.10	01:42:16.561	0.97069	0.97069			6
2024.07.10	01:42:31.571	0.97070	0.97070			6
2024.07.10	01:42:40.658	0.97072	0.97072			6
2024.07.10	01:42:40.692	0.97071	0.97071			6
2024.07.10	01:42:40.747	0.97070	0.97070			6
2024.07.10	01:42:41.661	0.97069	0.97069			6
2024.07.10	01:42:46.338	0.97070	0.97070			6
2024.07.10	01:42:50.844	0.97069	0.97069			6
2024.07.10	01:42:51.622	0.97070	0.97070			6
2024.07.10	01:42:53.465	0.97069	0.97069			6
2024.07.10	01:42:56.369	0.97070	0.97070			6
2024.07.10	01:43:17.503	0.97072	0.97072			6
2024.07.10	01:43:29.881	0.97076	0.97076			6
2024.07.10	01:43:29.910	0.97077	0.97077			6
2024.07.10	01:43:29.971	0.97079	0.97079			6
2024.07.10	01:43:30.266	0.97080	0.97080			6
2024.07.10	01:43:31.849	0.97081	0.97081			6
2024.07.10	01:43:37.764	0.97080	0.97080			6
2024.07.10	01:43:38.914	0.97081	0.97081			6
2024.07.10	01:44:03.287	0.97082	0.97082			6
2024.07.10	01:44:04.361	0.97081	0.97081			6
2024.07.10	01:44:10.772	0.97079	0.97079			6
2024.07.10	01:44:21.302	0.97080	0.97080			6
2024.07.10	01:44:26.057	0.97078	0.97078			6
2024.07.10	01:44:58.327	0.97079	0.97079			6
2024.07.10	01:45:00.411	0.97080	0.97080			6
2024.07.10	01:45:00.442	0.97079	0.97079			6
2024.07.10	01:45:03.750	0.97080	0.97080			6
2024.07.10	01:45:03.840	0.97079	0.97079			6
2024.07.10	01:45:04.029	0.97080	0.97080			6
2024.07.10	01:45:04.873	0.97079	0.97079			6
2024.07.10	01:45:05.059	0.97080	0.97080			6
2024.07.10	01:45:05.860	0.97079	0.97079			6
2024.07.10	01:45:15.461	0.97082	0.97082			6
2024.07.10	01:45:15.491	0.97081	0.97081			6
2024.07.10	01:45:16.192	0.97082	0.97082			6
2024.07.10	01:45:16.551	0.97083	0.97083			6
2024.07.10	01:45:22.744	0.97082	0.97082			6
2024.07.10	01:45:23.466	0.97084	0.97084			6
2024.07.10	01:45:23.646	0.97083	0.97083			6
2024.07.10	01:45:23.676	0.97081	0.97081			6
2024.07.10	01:45:49.572	0.97082	0.97082			6
2024.07.10	01:45:49.632	0.97081	0.97081			6
2024.07.10	01:45:49.662	0.97082	0.97082			6
2024.07.10	01:45:50.066	0.97081	0.97081			6
2024.07.10	01:45:51.828	0.97080	0.97080			6
2024.07.10	01:45:52.522	0.97078	0.97078			6
2024.07.10	01:45:52.552	0.97077	0.97077			6
2024.07.10	01:45:52.823	0.97076	0.97076			6
2024.07.10	01:45:52.946	0.97077	0.97077			6
2024.07.10	01:45:53.814	0.97076	0.97076			6
2024.07.10	01:45:53.844	0.97077	0.97077			6
2024.07.10	01:45:56.899	0.97076	0.97076			6
2024.07.10	01:45:56.960	0.97077	0.97077			6
2024.07.10	01:46:00.964	0.97078	0.97078			6
2024.07.10	01:46:05.150	0.97077	0.97077			6
2024.07.10	01:46:12.613	0.97078	0.97078			6
2024.07.10	01:46:13.991	0.97077	0.97077			6
2024.07.10	01:46:14.674	0.97078	0.97078			6
2024.07.10	01:46:16.743	0.97077	0.97077			6
2024.07.10	01:46:16.773	0.97078	0.97078			6
2024.07.10	01:46:17.555	0.97077	0.97077			6
2024.07.10	01:46:17.848	0.97078	0.97078			6
2024.07.10	01:46:18.545	0.97077	0.97077			6
2024.07.10	01:46:18.819	0.97078	0.97078			6
2024.07.10	01:46:19.559	0.97077	0.97077			6
2024.07.10	01:46:24.665	0.97076	0.97076			6
2024.07.10	01:46:27.206	0.97077	0.97077			6
2024.07.10	01:46:30.096	0.97076	0.97076			6
2024.07.10	01:46:30.222	0.97077	0.97077			6
2024.07.10	01:46:31.823	0.97078	0.97078			6
2024.07.10	01:46:50.794	0.97077	0.97077			6
2024.07.10	01:46:52.189	0.97078	0.97078			6
2024.07.10	01:46:55.289	0.97077	0.97077			6
2024.07.10	01:46:58.335	0.97078	0.97078			6
2024.07.10	01:46:58.868	0.97077	0.97077			6
2024.07.10	01:47:00.510	0.97078	0.97078			6
2024.07.10	01:47:00.935	0.97077	0.97077			6
2024.07.10	01:47:01.629	0.97078	0.97078			6
2024.07.10	01:47:02.412	0.97077	0.97077			6
2024.07.10	01:47:03.459	0.97078	0.97078			6
2024.07.10	01:47:03.681	0.97079	0.97079			6
2024.07.10	01:47:05.598	0.97078	0.97078			6
2024.07.10	01:47:05.810	0.97079	0.97079			6
2024.07.10	01:47:07.903	0.97077	0.97077			6
2024.07.10	01:47:07.933	0.97076	0.97076			6
2024.07.10	01:47:07.963	0.97077	0.97077			6
2024.07.10	01:47:08.054	0.97078	0.97078			6
2024.07.10	01:47:08.201	0.97077	0.97077			6
2024.07.10	01:47:08.506	0.97078	0.97078			6
2024.07.10	01:47:08.565	0.97077	0.97077			6
2024.07.10	01:47:08.625	0.97078	0.97078			6
2024.07.10	01:47:08.686	0.97077	0.97077			6
2024.07.10	01:47:08.851	0.97078	0.97078			6
2024.07.10	01:47:09.069	0.97077	0.97077			6
2024.07.10	01:47:09.099	0.97078	0.97078			6
2024.07.10	01:47:18.735	0.97079	0.97079			6
2024.07.10	01:47:39.697	0.97078	0.97078			6
2024.07.10	01:47:39.726	0.97079	0.97079			6
2024.07.10	01:47:41.709	0.97080	0.97080			6
2024.07.10	01:47:44.647	0.97079	0.97079			6
2024.07.10	01:47:55.215	0.97078	0.97078			6
2024.07.10	01:47:55.389	0.97079	0.97079			6
2024.07.10	01:48:06.066	0.97079				2
2024.07.10	01:48:07.323	0.97078	0.97078			6
2024.07.10	01:48:07.648	0.97077	0.97077			6
2024.07.10	01:48:09.695	0.97078	0.97078			6
2024.07.10	01:48:09.725	0.97077	0.97077			6
2024.07.10	01:48:09.882	0.97078	0.97078			6
2024.07.10	01:48:10.747	0.97077	0.97077			6
2024.07.10	01:48:11.726	0.97078	0.97078			6
2024.07.10	01:48:12.835	0.97077	0.97077			6
2024.07.10	01:48:12.996	0.97078	0.97078			6
2024.07.10	01:48:13.871	0.97077	0.97077			6
2024.07.10	01:48:14.009	0.97078	0.97078			6
2024.07.10	01:48:14.909	0.97077	0.97077			6
2024.07.10	01:48:15.065	0.97078	0.97078			6
2024.07.10	01:48:15.780	0.97077	0.97077			6
2024.07.10	01:48:19.018	0.97078	0.97078			6
2024.07.10	01:48:20.078	0.97077	0.97077			6
2024.07.10	01:48:20.295	0.97078	0.97078			6
2024.07.10	01:48:21.124	0.97077	0.97077			6
2024.07.10	01:48:21.270	0.97078	0.97078			6
2024.07.10	01:48:22.162	0.97077	0.97077			6
2024.07.10	01:48:22.318	0.97078	0.97078			6
2024.07.10	01:48:23.199	0.97077	0.97077			6
2024.07.10	01:48:23.335	0.97078	0.97078			6
2024.07.10	01:48:24.223	0.97077	0.97077			6
2024.07.10	01:48:24.478	0.97078	0.97078			6
2024.07.10	01:48:25.281	0.97077	0.97077			6
2024.07.10	01:48:25.888	0.97078	0.97078			6
2024.07.10	01:48:26.258	0.97079	0.97079			6
2024.07.10	01:48:26.318	0.97078	0.97078			6
2024.07.10	01:48:26.506	0.97079	0.97079			6
2024.07.10	01:48:27.335	0.97078	0.97078			6
2024.07.10	01:48:27.488	0.97079	0.97079			6
2024.07.10	01:48:28.345	0.97078	0.97078			6
2024.07.10	01:48:28.566	0.97079	0.97079			6
2024.07.10	01:48:29.619	0.97078	0.97078			6
2024.07.10	01:48:29.739	0.97079	0.97079			6
2024.07.10	01:48:31.669	0.97078	0.97078			6
2024.07.10	01:48:31.854	0.97079	0.97079			6
2024.07.10	01:48:32.684	0.97078	0.97078			6
2024.07.10	01:48:32.834	0.97079	0.97079			6
2024.07.10	01:48:33.753	0.97078	0.97078			6
2024.07.10	01:48:33.882	0.97079	0.97079			6
2024.07.10	01:48:34.733	0.97078	0.97078			6
2024.07.10	01:48:34.763	0.97079	0.97079			6
2024.07.10	01:48:34.794	0.97078	0.97078			6
2024.07.10	01:48:34.913	0.97079	0.97079			6
2024.07.10	01:48:35.757	0.97078	0.97078			6
2024.07.10	01:48:35.788	0.97079	0.97079			6
2024.07.10	01:48:35.818	0.97078	0.97078			6
2024.07.10	01:48:35.940	0.97079	0.97079			6
2024.07.10	01:48:36.863	0.97078	0.97078			6
2024.07.10	01:48:37.043	0.97079	0.97079			6
2024.07.10	01:48:37.789	0.97078	0.97078			6
2024.07.10	01:48:37.879	0.97079	0.97079			6
2024.07.10	01:48:37.909	0.97078	0.97078			6
2024.07.10	01:48:38.028	0.97079	0.97079			6
2024.07.10	01:48:38.913	0.97078	0.97078			6
2024.07.10	01:48:39.859	0.97079	0.97079			6
2024.07.10	01:48:39.964	0.97078	0.97078			6
2024.07.10	01:48:40.055	0.97079	0.97079			6
2024.07.10	01:48:40.994	0.97078	0.97078			6
2024.07.10	01:48:41.212	0.97079	0.97079			6
2024.07.10	01:48:42.047	0.97078	0.97078			6
2024.07.10	01:48:42.166	0.97079	0.97079			6
2024.07.10	01:48:43.062	0.97078	0.97078			6
2024.07.10	01:48:43.205	0.97079	0.97079			6
2024.07.10	01:48:43.972	0.97078	0.97078			6
2024.07.10	01:48:46.141	0.97077	0.97077			6
2024.07.10	01:48:47.151	0.97078	0.97078			6
2024.07.10	01:48:49.012	0.97079	0.97079			6
2024.07.10	01:48:50.272	0.97078	0.97078			6
2024.07.10	01:48:55.427	0.97077	0.97077			6
2024.07.10	01:48:56.364	0.97078	0.97078			6
2024.07.10	01:48:58.679	0.97079	0.97079			6
2024.07.10	01:48:59.542	0.97078	0.97078			6
2024.07.10	01:49:05.989	0.97079	0.97079			6
2024.07.10	01:49:06.750	0.97078	0.97078			6
2024.07.10	01:49:32.859	0.97077	0.97077			6
2024.07.10	01:49:34.891	0.97078	0.97078			6
2024.07.10	01:49:35.767	0.97077	0.97077			6
2024.07.10	01:49:37.267	0.97078	0.97078			6
2024.07.10	01:49:37.883	0.97077	0.97077			6
2024.07.10	01:49:38.011	0.97078	0.97078			6
2024.07.10	01:49:46.312	0.97077	0.97077			6
2024.07.10	01:49:47.050	0.97078	0.97078			6
2024.07.10	01:49:48.234	0.97077	0.97077			6
2024.07.10	01:49:48.357	0.97078	0.97078			6
2024.07.10	01:49:49.264	0.97077	0.97077			6
2024.07.10	01:49:49.386	0.97078	0.97078			6
2024.07.10	01:49:50.304	0.97077	0.97077			6
2024.07.10	01:49:50.418	0.97078	0.97078			6
2024.07.10	01:49:51.334	0.97077	0.97077			6
2024.07.10	01:49:51.457	0.97078	0.97078			6
2024.07.10	01:49:52.382	0.97077	0.97077			6
2024.07.10	01:49:52.501	0.97078	0.97078			6
2024.07.10	01:49:53.410	0.97077	0.97077			6
2024.07.10	01:49:53.560	0.97078	0.97078			6
2024.07.10	01:49:54.457	0.97077	0.97077			6
2024.07.10	01:49:54.560	0.97078	0.97078			6
2024.07.10	01:49:55.490	0.97077	0.97077			6
2024.07.10	01:49:55.611	0.97078	0.97078			6
2024.07.10	01:49:56.504	0.97077	0.97077			6
2024.07.10	01:49:56.631	0.97078	0.97078			6
2024.07.10	01:49:56.691	0.97076	0.97076			6
2024.07.10	01:49:58.481	0.97077	0.97077			6
2024.07.10	01:50:01.026	0.97077				2
2024.07.10	01:50:04.005	0.97076	0.97076			6
2024.07.10	01:50:04.099	0.97077	0.97077			6
2024.07.10	01:50:14.848	0.97076	0.97076			6
2024.07.10	01:50:14.879	0.97077	0.97077			6
2024.07.10	01:50:15.568	0.97078	0.97078			6
2024.07.10	01:50:15.788	0.97077	0.97077			6
2024.07.10	01:50:15.915	0.97078	0.97078			6
2024.07.10	01:50:16.372	0.97077	0.97077			6
2024.07.10	01:50:18.744	0.97078	0.97078			6
2024.07.10	01:50:19.012	0.97077	0.97077			6
2024.07.10	01:50:22.634	0.97078	0.97078			6
2024.07.10	01:50:22.726	0.97077	0.97077			6
2024.07.10	01:50:27.082	0.97078	0.97078			6
2024.07.10	01:50:31.087	0.97077	0.97077			6
2024.07.10	01:50:52.965	0.97078	0.97078			6
2024.07.10	01:50:53.907	0.97077	0.97077			6
2024.07.10	01:50:54.022	0.97078	0.97078			6
2024.07.10	01:50:54.918	0.97077	0.97077			6
2024.07.10	01:50:55.029	0.97078	0.97078			6
2024.07.10	01:50:55.982	0.97077	0.97077			6
2024.07.10	01:50:56.119	0.97078	0.97078			6
2024.07.10	01:51:01.093	0.97078				2
2024.07.10	01:51:12.377	0.97077	0.97077			6
2024.07.10	01:51:21.901	0.97078	0.97078			6
2024.07.10	01:51:47.905	0.97077	0.97077			6
2024.07.10	01:51:53.095	0.97076	0.97076			6
2024.07.10	01:51:55.035	0.97077	0.97077			6
2024.07.10	01:51:56.205	0.97076	0.97076			6
2024.07.10	01:51:57.075	0.97077	0.97077			6
2024.07.10	01:51:57.225	0.97076	0.97076			6
2024.07.10	01:51:58.235	0.97077	0.97077			6
2024.07.10	01:51:58.265	0.97076	0.97076			6
2024.07.10	01:51:58.416	0.97077	0.97077			6
2024.07.10	01:51:58.505	0.97076	0.97076			6
2024.07.10	01:52:00.120	0.97076				2
2024.07.10	01:52:02.282	0.97077	0.97077			6
2024.07.10	01:52:03.191	0.97076	0.97076			6
2024.07.10	01:52:03.321	0.97077	0.97077			6
2024.07.10	01:52:06.422	0.97076	0.97076			6
2024.07.10	01:52:41.001	0.97074	0.97074			6
2024.07.10	01:52:41.297	0.97076	0.97076			6
2024.07.10	01:53:02.378	0.97075	0.97075			6
2024.07.10	01:53:58.536	0.97076	0.97076			6
2024.07.10	01:53:58.565	0.97075	0.97075			6
2024.07.10	01:53:58.685	0.97076	0.97076			6
2024.07.10	01:54:09.304	0.97075	0.97075			6
2024.07.10	01:54:09.334	0.97078	0.97078			6
2024.07.10	01:54:20.456	0.97077	0.97077			6
2024.07.10	01:54:24.267	0.97078	0.97078			6
2024.07.10	01:54:28.961	0.97079	0.97079			6
2024.07.10	01:54:29.348	0.97078	0.97078			6
2024.07.10	01:54:30.363	0.97079	0.97079			6
2024.07.10	01:54:31.691	0.97078	0.97078			6
2024.07.10	01:54:34.242	0.97077	0.97077			6
2024.07.10	01:54:34.331	0.97076	0.97076			6
2024.07.10	01:54:34.662	0.97075	0.97075			6
2024.07.10	01:54:36.848	0.97076	0.97076			6
2024.07.10	01:54:39.078	0.97077	0.97077			6
2024.07.10	01:54:40.249	0.97076	0.97076			6
2024.07.10	01:54:42.942	0.97077	0.97077			6
2024.07.10	01:54:44.321	0.97076	0.97076			6
2024.07.10	01:54:48.656	0.97077	0.97077			6
2024.07.10	01:54:56.367	0.97076	0.97076			6
2024.07.10	01:54:56.664	0.97075	0.97075			6
2024.07.10	01:54:57.345	0.97076	0.97076			6
2024.07.10	01:54:57.693	0.97075	0.97075			6
2024.07.10	01:54:58.348	0.97076	0.97076			6
2024.07.10	01:54:58.719	0.97075	0.97075			6
2024.07.10	01:55:00.425	0.97075				2
2024.07.10	01:55:03.925	0.97076	0.97076			6
2024.07.10	01:55:06.426	0.97075	0.97075			6
2024.07.10	01:55:07.373	0.97076	0.97076			6
2024.07.10	01:55:16.795	0.97075	0.97075			6
2024.07.10	01:55:19.388	0.97074	0.97074			6
2024.07.10	01:55:30.463	0.97075	0.97075			6
2024.07.10	01:55:50.492	0.97073	0.97073			6
2024.07.10	01:55:50.522	0.97072	0.97072			6
2024.07.10	01:55:50.643	0.97071	0.97071			6
2024.07.10	01:55:50.792	0.97069	0.97069			6
2024.07.10	01:55:56.566	0.97070	0.97070			6
2024.07.10	01:56:00.387	0.97070				2
2024.07.10	01:56:08.871	0.97071	0.97071			6
2024.07.10	01:56:22.857	0.97072	0.97072			6
2024.07.10	01:56:24.180	0.97071	0.97071			6
2024.07.10	01:56:43.486	0.97072	0.97072			6
2024.07.10	01:56:43.516	0.97073	0.97073			6
2024.07.10	01:56:48.970	0.97072	0.97072			6
2024.07.10	01:56:49.134	0.97071	0.97071			6
2024.07.10	01:56:50.867	0.97072	0.97072			6
2024.07.10	01:56:51.484	0.97071	0.97071			6
2024.07.10	01:56:51.543	0.97072	0.97072			6
2024.07.10	01:56:51.572	0.97071	0.97071			6
2024.07.10	01:56:51.721	0.97070	0.97070			6
2024.07.10	01:57:01.095	0.97071	0.97071			6
2024.07.10	01:57:01.154	0.97072	0.97072			6
2024.07.10	01:57:01.956	0.97074	0.97074			6
2024.07.10	01:57:02.262	0.97072	0.97072			6
2024.07.10	01:57:19.507	0.97074	0.97074			6
2024.07.10	01:57:26.333	0.97073	0.97073			6
2024.07.10	01:57:26.364	0.97074	0.97074			6
2024.07.10	01:57:41.202	0.97073	0.97073			6
2024.07.10	01:57:42.758	0.97071	0.97071			6
2024.07.10	01:57:42.787	0.97073	0.97073			6
2024.07.10	01:57:43.992	0.97072	0.97072			6
2024.07.10	01:57:44.541	0.97073	0.97073			6
2024.07.10	01:57:57.040	0.97072	0.97072			6
2024.07.10	01:57:57.130	0.97073	0.97073			6
2024.07.10	01:58:09.943	0.97075	0.97075			6
2024.07.10	01:58:10.248	0.97073	0.97073			6
2024.07.10	01:58:19.009	0.97072	0.97072			6
2024.07.10	01:58:19.039	0.97073	0.97073			6
2024.07.10	01:58:20.049	0.97072	0.97072			6
2024.07.10	01:58:20.079	0.97073	0.97073			6
2024.07.10	01:58:21.040	0.97072	0.97072			6
2024.07.10	01:58:22.066	0.97073	0.97073			6
2024.07.10	01:58:22.127	0.97072	0.97072			6
2024.07.10	01:58:22.186	0.97073	0.97073			6
2024.07.10	01:58:22.716	0.97072	0.97072			6
2024.07.10	01:58:23.165	0.97073	0.97073			6
2024.07.10	01:58:24.190	0.97072	0.97072			6
2024.07.10	01:58:24.221	0.97073	0.97073			6
2024.07.10	01:58:24.959	0.97072	0.97072			6
2024.07.10	01:58:25.270	0.97071	0.97071			6
2024.07.10	01:58:25.301	0.97072	0.97072			6
2024.07.10	01:58:26.288	0.97071	0.97071			6
2024.07.10	01:58:26.318	0.97072	0.97072			6
2024.07.10	01:58:28.366	0.97071	0.97071			6
2024.07.10	01:58:28.395	0.97072	0.97072			6
2024.07.10	01:58:35.905	0.97073	0.97073			6
2024.07.10	01:58:46.009	0.97072	0.97072			6
2024.07.10	01:58:46.255	0.97073	0.97073			6
2024.07.10	01:58:55.150	0.97072	0.97072			6
2024.07.10	01:58:55.604	0.97073	0.97073			6
2024.07.10	01:59:03.112	0.97072	0.97072			6
2024.07.10	01:59:03.717	0.97073	0.97073			6
2024.07.10	01:59:36.524	0.97071	0.97071			6
2024.07.10	01:59:37.057	0.97073	0.97073			6
2024.07.10	01:59:37.612	0.97071	0.97071			6
2024.07.10	01:59:39.015	0.97073	0.97073			6
2024.07.10	02:00:02.189	0.97072	0.97072			6
2024.07.10	02:00:02.278	0.97073	0.97073			6
2024.07.10	02:00:04.667	0.97072	0.97072			6
2024.07.10	02:00:06.146	0.97073	0.97073			6
2024.07.10	02:00:07.643	0.97072	0.97072			6
2024.07.10	02:00:09.183	0.97071	0.97071			6
2024.07.10	02:00:11.724	0.97072	0.97072			6
2024.07.10	02:00:51.364	0.97073	0.97073			6
2024.07.10	02:00:52.607	0.97074	0.97074			6
2024.07.10	02:00:58.964	0.97073	0.97073			6
2024.07.10	02:01:03.500	0.97072	0.97072			6
2024.07.10	02:01:03.561	0.97073	0.97073			6
2024.07.10	02:01:07.812	0.97072	0.97072			6
2024.07.10	02:01:08.092	0.97073	0.97073			6
2024.07.10	02:01:08.656	0.97072	0.97072			6
2024.07.10	02:01:08.952	0.97073	0.97073			6
2024.07.10	02:01:45.323	0.97074	0.97074			6
2024.07.10	02:01:59.716	0.97073	0.97073			6
2024.07.10	02:02:02.123	0.97074	0.97074			6
2024.07.10	02:02:06.011	0.97075	0.97075			6
2024.07.10	02:02:56.546	0.97076	0.97076			6
2024.07.10	02:02:59.835	0.97075	0.97075			6
2024.07.10	02:03:00.623	0.97075				2
2024.07.10	02:03:01.086	0.97076	0.97076			6
2024.07.10	02:03:01.340	0.97075	0.97075			6
2024.07.10	02:03:02.542	0.97076	0.97076			6
2024.07.10	02:03:02.842	0.97075	0.97075			6
2024.07.10	02:03:05.787	0.97076	0.97076			6
2024.07.10	02:03:10.934	0.97075	0.97075			6
2024.07.10	02:03:12.654	0.97076	0.97076			6
2024.07.10	02:03:14.119	0.97075	0.97075			6
2024.07.10	02:04:01.840	0.97074	0.97074			6
2024.07.10	02:04:01.870	0.97075	0.97075			6
2024.07.10	02:04:01.931	0.97074	0.97074			6
2024.07.10	02:04:02.051	0.97075	0.97075			6
2024.07.10	02:04:07.650	0.97074	0.97074			6
2024.07.10	02:04:12.145	0.97075	0.97075			6
2024.07.10	02:04:12.174	0.97074	0.97074			6
2024.07.10	02:04:54.987	0.97075	0.97075			6
2024.07.10	02:05:06.123	0.97075				2
2024.07.10	02:05:25.972	0.97076	0.97076			6
2024.07.10	02:06:02.079	0.97076				2
2024.07.10	02:06:15.399	0.97077	0.97077			6
2024.07.10	02:06:15.429	0.97078	0.97078			6
2024.07.10	02:06:15.459	0.97077	0.97077			6
2024.07.10	02:06:15.488	0.97078	0.97078			6
2024.07.10	02:06:15.578	0.97079	0.97079			6
2024.07.10	02:06:21.686	0.97078	0.97078			6
2024.07.10	02:06:21.793	0.97079	0.97079			6
2024.07.10	02:06:40.671	0.97080	0.97080			6
2024.07.10	02:06:40.701	0.97078	0.97078			6
2024.07.10	02:06:40.731	0.97079	0.97079			6
2024.07.10	02:07:03.158	0.97079				2
2024.07.10	02:07:08.106	0.97078	0.97078			6
2024.07.10	02:07:36.177	0.97079	0.97079			6
2024.07.10	02:08:01.094	0.97078	0.97078			6
2024.07.10	02:08:01.474	0.97077	0.97077			6
2024.07.10	02:08:16.929	0.97076	0.97076			6
2024.07.10	02:08:20.463	0.97077	0.97077			6
2024.07.10	02:09:18.012	0.97082	0.97082			6
2024.07.10	02:09:18.042	0.97083	0.97083			6
2024.07.10	02:09:18.131	0.97084	0.97084			6
2024.07.10	02:09:18.161	0.97083	0.97083			6
2024.07.10	02:09:18.647	0.97084	0.97084			6
2024.07.10	02:09:19.647	0.97083	0.97083			6
2024.07.10	02:09:19.953	0.97084	0.97084			6
2024.07.10	02:09:26.940	0.97085	0.97085			6
2024.07.10	02:09:27.309	0.97086	0.97086			6
2024.07.10	02:09:30.620	0.97085	0.97085			6
2024.07.10	02:09:31.096	0.97086	0.97086			6
2024.07.10	02:09:32.382	0.97087	0.97087			6
2024.07.10	02:09:32.470	0.97086	0.97086			6
2024.07.10	02:09:34.509	0.97088	0.97088			6
2024.07.10	02:09:34.810	0.97086	0.97086			6
2024.07.10	02:10:00.546	0.97086				2
2024.07.10	02:10:02.616	0.97087	0.97087			6
2024.07.10	02:10:04.449	0.97086	0.97086			6
2024.07.10	02:10:05.046	0.97087	0.97087			6
2024.07.10	02:10:12.839	0.97086	0.97086			6
2024.07.10	02:10:18.663	0.97087	0.97087			6
2024.07.10	02:10:20.116	0.97086	0.97086			6
2024.07.10	02:10:36.099	0.97087	0.97087			6
2024.07.10	02:10:51.359	0.97086	0.97086			6
2024.07.10	02:10:51.484	0.97087	0.97087			6
2024.07.10	02:10:59.030	0.97086	0.97086			6
2024.07.10	02:11:01.297	0.97086				2
2024.07.10	02:11:36.012	0.97084	0.97084			6
2024.07.10	02:12:14.624	0.97084				2
2024.07.10	02:12:35.837	0.97085	0.97085			6
2024.07.10	02:12:36.156	0.97083	0.97083			6
2024.07.10	02:12:49.455	0.97085	0.97085			6
2024.07.10	02:12:49.734	0.97083	0.97083			6
2024.07.10	02:13:35.786	0.97083				2
2024.07.10	02:13:50.636		0.97083			4
2024.07.10	02:13:52.917	0.97081	0.97081			6
2024.07.10	02:13:53.229	0.97083	0.97083			6
2024.07.10	02:14:13.214	0.97083				2
2024.07.10	02:14:48.351	0.97081	0.97081			6
2024.07.10	02:14:48.381	0.97080	0.97080			6
2024.07.10	02:15:15.670	0.97077	0.97077			6
2024.07.10	02:15:15.734	0.97078	0.97078			6
2024.07.10	02:15:15.762	0.97077	0.97077			6
2024.07.10	02:15:16.656	0.97076	0.97076			6
2024.07.10	02:15:23.513	0.97075	0.97075			6
2024.07.10	02:15:23.916	0.97076	0.97076			6
2024.07.10	02:15:28.331	0.97075	0.97075			6
2024.07.10	02:15:28.910	0.97076	0.97076			6
2024.07.10	02:15:55.572	0.97075	0.97075			6
2024.07.10	02:15:55.600	0.97077	0.97077			6
2024.07.10	02:15:55.749	0.97076	0.97076			6
2024.07.10	02:16:00.105	0.97076				2
