<DATE>	<TIME>	<BID>	<ASK>	<LAST>	<VOLUME>	<FLAGS>
2024.06.11	00:00:02.474	0.96508	0.96508			6
2024.06.11	00:00:03.602	0.96509	0.96509			6
2024.06.11	00:00:04.511	0.96508	0.96508			6
2024.06.11	00:00:04.511	0.96507	0.96507			6
2024.06.11	00:00:04.775	0.96515	0.96515			6
2024.06.11	00:00:08.223	0.96517	0.96517			6
2024.06.11	00:00:10.020	0.96518	0.96518			6
2024.06.11	00:00:30.670	0.96512	0.96512			6
2024.06.11	00:00:31.772	0.96516	0.96516			6
2024.06.11	00:02:45.219	0.96514	0.96514			6
2024.06.11	00:05:02.608	0.96515	0.96515			6
2024.06.11	00:05:03.117	0.96509	0.96509			6
2024.06.11	00:05:03.407	0.96505	0.96505			6
2024.06.11	00:05:04.923	0.96507	0.96507			6
2024.06.11	00:05:05.980	0.96510	0.96510			6
2024.06.11	00:05:06.574	0.96508	0.96508			6
2024.06.11	00:05:08.801	0.96496	0.96496			6
2024.06.11	00:05:08.859	0.96495	0.96495			6
2024.06.11	00:05:08.889	0.96504	0.96504			6
2024.06.11	00:05:09.215	0.96502	0.96502			6
2024.06.11	00:05:14.337	0.96509	0.96509			6
2024.06.11	00:05:21.007	0.96511	0.96511			6
2024.06.11	00:05:26.457	0.96509	0.96509			6
2024.06.11	00:05:27.721	0.96511	0.96511			6
2024.06.11	00:05:41.470	0.96509	0.96509			6
2024.06.11	00:05:54.250	0.96510	0.96510			6
2024.06.11	00:06:55.871	0.96509	0.96509			6
2024.06.11	00:06:59.585	0.96511	0.96511			6
2024.06.11	00:07:00.000	0.96509	0.96509			6
2024.06.11	00:07:14.944	0.96510	0.96510			6
2024.06.11	00:07:22.579	0.96509	0.96509			6
2024.06.11	00:08:01.738	0.96499	0.96499			6
2024.06.11	00:08:01.990	0.96502	0.96502			6
2024.06.11	00:08:02.368	0.96505	0.96505			6
2024.06.11	00:08:04.336	0.96506	0.96506			6
2024.06.11	00:08:04.549	0.96505	0.96505			6
2024.06.11	00:08:04.700	0.96506	0.96506			6
2024.06.11	00:08:08.011	0.96505	0.96505			6
2024.06.11	00:08:08.041	0.96506	0.96506			6
2024.06.11	00:08:10.633	0.96502	0.96502			6
2024.06.11	00:08:12.419	0.96461	0.96461			6
2024.06.11	00:08:20.501	0.96505	0.96505			6
2024.06.11	00:08:35.191	0.96496	0.96496			6
2024.06.11	00:08:35.716	0.96472	0.96472			6
2024.06.11	00:08:36.004	0.96476	0.96476			6
2024.06.11	00:08:36.134	0.96472	0.96472			6
2024.06.11	00:08:51.899	0.96468	0.96468			6
2024.06.11	00:09:05.103	0.96468				2
2024.06.11	00:09:30.003	0.96509	0.96509			6
2024.06.11	00:09:31.353	0.96507	0.96507			6
2024.06.11	00:09:43.792	0.96471	0.96471			6
2024.06.11	00:10:00.014	0.96470	0.96470			6
2024.06.11	00:10:08.952	0.96443	0.96443			6
2024.06.11	00:10:09.469	0.96450	0.96450			6
2024.06.11	00:10:30.581	0.96469	0.96469			6
2024.06.11	00:10:38.775	0.96474	0.96474			6
2024.06.11	00:10:55.709	0.96475	0.96475			6
2024.06.11	00:11:03.490	0.96473	0.96473			6
2024.06.11	00:11:04.392	0.96461	0.96461			6
2024.06.11	00:11:05.128	0.96473	0.96473			6
2024.06.11	00:11:21.684	0.96485	0.96485			6
2024.06.11	00:11:41.409	0.96495	0.96495			6
2024.06.11	00:11:41.438	0.96496	0.96496			6
2024.06.11	00:11:41.468	0.96495	0.96495			6
2024.06.11	00:11:44.281	0.96496	0.96496			6
2024.06.11	00:11:59.077	0.96495	0.96495			6
2024.06.11	00:11:59.562	0.96496	0.96496			6
2024.06.11	00:12:02.274	0.96497	0.96497			6
2024.06.11	00:12:03.846	0.96496	0.96496			6
2024.06.11	00:12:09.021	0.96498	0.96498			6
2024.06.11	00:12:19.456	0.96500	0.96500			6
2024.06.11	00:12:26.276	0.96498	0.96498			6
2024.06.11	00:12:29.752	0.96502	0.96502			6
2024.06.11	00:12:33.163	0.96500	0.96500			6
2024.06.11	00:12:36.641	0.96502	0.96502			6
2024.06.11	00:12:43.283	0.96497	0.96497			6
2024.06.11	00:12:43.313	0.96495	0.96495			6
2024.06.11	00:12:46.803	0.96496	0.96496			6
2024.06.11	00:12:47.908	0.96497	0.96497			6
2024.06.11	00:12:47.966	0.96503	0.96503			6
2024.06.11	00:13:15.816	0.96501	0.96501			6
2024.06.11	00:13:16.952	0.96500	0.96500			6
2024.06.11	00:13:24.602	0.96501	0.96501			6
2024.06.11	00:13:26.966	0.96502	0.96502			6
2024.06.11	00:13:33.078	0.96501	0.96501			6
2024.06.11	00:13:37.486	0.96502	0.96502			6
2024.06.11	00:13:37.808	0.96500	0.96500			6
2024.06.11	00:13:37.838	0.96502	0.96502			6
2024.06.11	00:13:43.690	0.96497	0.96497			6
2024.06.11	00:13:45.826	0.96495	0.96495			6
2024.06.11	00:13:46.186	0.96498	0.96498			6
2024.06.11	00:13:50.548	0.96497	0.96497			6
2024.06.11	00:13:58.957	0.96498	0.96498			6
2024.06.11	00:14:15.458	0.96497	0.96497			6
2024.06.11	00:14:19.751	0.96498	0.96498			6
2024.06.11	00:14:19.841	0.96493	0.96493			6
2024.06.11	00:14:19.871	0.96497	0.96497			6
2024.06.11	00:14:19.901	0.96493	0.96493			6
2024.06.11	00:14:19.932	0.96497	0.96497			6
2024.06.11	00:14:19.962	0.96493	0.96493			6
2024.06.11	00:14:19.992	0.96497	0.96497			6
2024.06.11	00:14:24.632	0.96495	0.96495			6
2024.06.11	00:14:24.692	0.96497	0.96497			6
2024.06.11	00:14:24.752	0.96492	0.96492			6
2024.06.11	00:14:24.813	0.96496	0.96496			6
2024.06.11	00:14:28.075	0.96494	0.96494			6
2024.06.11	00:14:32.577	0.96495	0.96495			6
2024.06.11	00:14:40.066	0.96497	0.96497			6
2024.06.11	00:14:45.188	0.96496	0.96496			6
2024.06.11	00:14:48.870	0.96497	0.96497			6
2024.06.11	00:15:01.461	0.96498	0.96498			6
2024.06.11	00:15:03.920	0.96494	0.96494			6
2024.06.11	00:15:04.009	0.96493	0.96493			6
2024.06.11	00:15:08.950	0.96491	0.96491			6
2024.06.11	00:15:08.980	0.96492	0.96492			6
2024.06.11	00:15:11.458	0.96493	0.96493			6
2024.06.11	00:15:12.094	0.96488	0.96488			6
2024.06.11	00:15:12.124	0.96491	0.96491			6
2024.06.11	00:15:13.369	0.96492	0.96492			6
2024.06.11	00:15:36.003	0.96491	0.96491			6
2024.06.11	00:15:36.032	0.96488	0.96488			6
2024.06.11	00:15:36.063	0.96493	0.96493			6
2024.06.11	00:15:36.092	0.96492	0.96492			6
2024.06.11	00:15:38.534	0.96491	0.96491			6
2024.06.11	00:15:38.821	0.96490	0.96490			6
2024.06.11	00:15:44.819	0.96489	0.96489			6
2024.06.11	00:15:44.910	0.96492	0.96492			6
2024.06.11	00:15:49.130	0.96489	0.96489			6
2024.06.11	00:15:51.523	0.96491	0.96491			6
2024.06.11	00:15:58.977	0.96493	0.96493			6
2024.06.11	00:16:02.919	0.96492	0.96492			6
2024.06.11	00:16:02.950	0.96490	0.96490			6
2024.06.11	00:16:13.067	0.96491	0.96491			6
2024.06.11	00:16:14.214	0.96489	0.96489			6
2024.06.11	00:16:14.243	0.96490	0.96490			6
2024.06.11	00:16:16.722	0.96491	0.96491			6
2024.06.11	00:16:18.504	0.96490	0.96490			6
2024.06.11	00:16:18.863	0.96489	0.96489			6
2024.06.11	00:16:25.392	0.96490	0.96490			6
2024.06.11	00:16:27.249	0.96487	0.96487			6
2024.06.11	00:16:27.279	0.96490	0.96490			6
2024.06.11	00:16:32.999	0.96488	0.96488			6
2024.06.11	00:16:33.029	0.96487	0.96487			6
2024.06.11	00:16:33.149	0.96486	0.96486			6
2024.06.11	00:16:37.066	0.96487	0.96487			6
2024.06.11	00:16:44.402	0.96485	0.96485			6
2024.06.11	00:16:44.463	0.96487	0.96487			6
2024.06.11	00:16:50.744	0.96484	0.96484			6
2024.06.11	00:16:50.774	0.96483	0.96483			6
2024.06.11	00:16:50.802	0.96482	0.96482			6
2024.06.11	00:16:50.863	0.96484	0.96484			6
2024.06.11	00:16:50.893	0.96485	0.96485			6
2024.06.11	00:16:55.345	0.96481	0.96481			6
2024.06.11	00:16:55.466	0.96484	0.96484			6
2024.06.11	00:16:55.557	0.96485	0.96485			6
2024.06.11	00:16:58.785	0.96484	0.96484			6
2024.06.11	00:16:58.816	0.96482	0.96482			6
2024.06.11	00:17:00.028	0.96481	0.96481			6
2024.06.11	00:17:02.748	0.96480	0.96480			6
2024.06.11	00:17:09.875	0.96481	0.96481			6
2024.06.11	00:17:09.906	0.96480	0.96480			6
2024.06.11	00:17:09.935	0.96481	0.96481			6
2024.06.11	00:17:14.677	0.96477	0.96477			6
2024.06.11	00:17:14.737	0.96479	0.96479			6
2024.06.11	00:17:15.822	0.96480	0.96480			6
2024.06.11	00:17:16.796	0.96479	0.96479			6
2024.06.11	00:17:17.306	0.96480	0.96480			6
2024.06.11	00:17:20.037	0.96479	0.96479			6
2024.06.11	00:17:20.126	0.96477	0.96477			6
2024.06.11	00:17:20.427	0.96476	0.96476			6
2024.06.11	00:17:21.352	0.96477	0.96477			6
2024.06.11	00:17:21.480	0.96475	0.96475			6
2024.06.11	00:17:21.511	0.96476	0.96476			6
2024.06.11	00:17:21.540	0.96478	0.96478			6
2024.06.11	00:17:24.326	0.96477	0.96477			6
2024.06.11	00:17:24.356	0.96476	0.96476			6
2024.06.11	00:17:27.416	0.96475	0.96475			6
2024.06.11	00:17:27.475	0.96476	0.96476			6
2024.06.11	00:17:27.505	0.96478	0.96478			6
2024.06.11	00:17:30.070	0.96480	0.96480			6
2024.06.11	00:17:31.481	0.96478	0.96478			6
2024.06.11	00:17:31.511	0.96477	0.96477			6
2024.06.11	00:17:35.067	0.96479	0.96479			6
2024.06.11	00:17:35.250	0.96477	0.96477			6
2024.06.11	00:17:36.680	0.96474	0.96474			6
2024.06.11	00:17:36.710	0.96476	0.96476			6
2024.06.11	00:17:38.681	0.96474	0.96474			6
2024.06.11	00:17:38.741	0.96473	0.96473			6
2024.06.11	00:17:42.247	0.96475	0.96475			6
2024.06.11	00:17:42.278	0.96476	0.96476			6
2024.06.11	00:17:44.577	0.96479	0.96479			6
2024.06.11	00:17:44.637	0.96480	0.96480			6
2024.06.11	00:17:46.761	0.96481	0.96481			6
2024.06.11	00:17:49.051	0.96474	0.96474			6
2024.06.11	00:17:52.249	0.96476	0.96476			6
2024.06.11	00:17:52.961	0.96475	0.96475			6
2024.06.11	00:17:59.625	0.96474	0.96474			6
2024.06.11	00:18:00.657	0.96475	0.96475			6
2024.06.11	00:18:00.687	0.96480	0.96480			6
2024.06.11	00:18:00.746	0.96482	0.96482			6
2024.06.11	00:18:08.112	0.96478	0.96478			6
2024.06.11	00:18:08.144	0.96474	0.96474			6
2024.06.11	00:18:09.833	0.96475	0.96475			6
2024.06.11	00:18:09.863	0.96476	0.96476			6
2024.06.11	00:18:10.498	0.96475	0.96475			6
2024.06.11	00:18:12.157	0.96476	0.96476			6
2024.06.11	00:18:12.186	0.96482	0.96482			6
2024.06.11	00:18:12.291	0.96483	0.96483			6
2024.06.11	00:18:15.755	0.96481	0.96481			6
2024.06.11	00:18:23.125	0.96479	0.96479			6
2024.06.11	00:18:23.842	0.96478	0.96478			6
2024.06.11	00:18:24.810	0.96475	0.96475			6
2024.06.11	00:18:27.103	0.96477	0.96477			6
2024.06.11	00:18:27.622	0.96478	0.96478			6
2024.06.11	00:18:32.655	0.96473	0.96473			6
2024.06.11	00:18:32.874	0.96476	0.96476			6
2024.06.11	00:18:32.903	0.96478	0.96478			6
2024.06.11	00:18:34.743	0.96477	0.96477			6
2024.06.11	00:18:36.035	0.96466	0.96466			6
2024.06.11	00:18:36.065	0.96463	0.96463			6
2024.06.11	00:18:36.095	0.96452	0.96452			6
2024.06.11	00:18:36.215	0.96453	0.96453			6
2024.06.11	00:18:36.245	0.96454	0.96454			6
2024.06.11	00:18:36.274	0.96455	0.96455			6
2024.06.11	00:18:36.528	0.96457	0.96457			6
2024.06.11	00:18:36.737	0.96453	0.96453			6
2024.06.11	00:18:36.767	0.96458	0.96458			6
2024.06.11	00:18:38.311	0.96455	0.96455			6
2024.06.11	00:18:41.333	0.96456	0.96456			6
2024.06.11	00:18:41.423	0.96457	0.96457			6
2024.06.11	00:18:41.660	0.96454	0.96454			6
2024.06.11	00:18:42.416	0.96456	0.96456			6
2024.06.11	00:18:43.509	0.96457	0.96457			6
2024.06.11	00:18:45.504	0.96454	0.96454			6
2024.06.11	00:18:46.357	0.96456	0.96456			6
2024.06.11	00:18:47.268	0.96436	0.96436			6
2024.06.11	00:18:47.329	0.96437	0.96437			6
2024.06.11	00:18:47.510	0.96444	0.96444			6
2024.06.11	00:18:47.629	0.96445	0.96445			6
2024.06.11	00:18:47.690	0.96444	0.96444			6
2024.06.11	00:18:47.719	0.96445	0.96445			6
2024.06.11	00:18:47.779	0.96443	0.96443			6
2024.06.11	00:18:47.809	0.96438	0.96438			6
2024.06.11	00:18:48.104	0.96436	0.96436			6
2024.06.11	00:18:48.435	0.96435	0.96435			6
2024.06.11	00:18:48.465	0.96432	0.96432			6
2024.06.11	00:18:48.768	0.96431	0.96431			6
2024.06.11	00:18:48.798	0.96442	0.96442			6
2024.06.11	00:18:48.830	0.96446	0.96446			6
2024.06.11	00:18:48.858	0.96447	0.96447			6
2024.06.11	00:18:48.890	0.96441	0.96441			6
2024.06.11	00:18:48.948	0.96427	0.96427			6
2024.06.11	00:18:48.978	0.96438	0.96438			6
2024.06.11	00:18:49.253	0.96442	0.96442			6
2024.06.11	00:18:50.723	0.96444	0.96444			6
2024.06.11	00:18:51.505	0.96443	0.96443			6
2024.06.11	00:18:52.215	0.96449	0.96449			6
2024.06.11	00:18:54.080	0.96448	0.96448			6
2024.06.11	00:18:54.779	0.96449	0.96449			6
2024.06.11	00:18:55.074	0.96448	0.96448			6
2024.06.11	00:18:55.165	0.96454	0.96454			6
2024.06.11	00:18:55.678	0.96453	0.96453			6
2024.06.11	00:18:56.359	0.96447	0.96447			6
2024.06.11	00:18:56.419	0.96453	0.96453			6
2024.06.11	00:18:56.791	0.96454	0.96454			6
2024.06.11	00:18:57.148	0.96455	0.96455			6
2024.06.11	00:18:58.061	0.96454	0.96454			6
2024.06.11	00:18:58.646	0.96451	0.96451			6
2024.06.11	00:18:58.978	0.96450	0.96450			6
2024.06.11	00:18:59.105	0.96449	0.96449			6
2024.06.11	00:18:59.877	0.96448	0.96448			6
2024.06.11	00:19:01.059	0.96447	0.96447			6
2024.06.11	00:19:01.977	0.96446	0.96446			6
2024.06.11	00:19:02.118	0.96447	0.96447			6
2024.06.11	00:19:02.861	0.96446	0.96446			6
2024.06.11	00:19:04.008	0.96449	0.96449			6
2024.06.11	00:19:04.038	0.96444	0.96444			6
2024.06.11	00:19:04.555	0.96445	0.96445			6
2024.06.11	00:19:04.978	0.96443	0.96443			6
2024.06.11	00:19:06.748	0.96444	0.96444			6
2024.06.11	00:19:09.477	0.96448	0.96448			6
2024.06.11	00:19:09.508	0.96449	0.96449			6
2024.06.11	00:19:09.567	0.96444	0.96444			6
2024.06.11	00:19:11.621	0.96452	0.96452			6
2024.06.11	00:19:11.933	0.96454	0.96454			6
2024.06.11	00:19:12.620	0.96453	0.96453			6
2024.06.11	00:19:14.029	0.96454	0.96454			6
2024.06.11	00:19:16.948	0.96453	0.96453			6
2024.06.11	00:19:16.977	0.96452	0.96452			6
2024.06.11	00:19:21.902	0.96453	0.96453			6
2024.06.11	00:19:23.680	0.96454	0.96454			6
2024.06.11	00:19:23.740	0.96453	0.96453			6
2024.06.11	00:19:25.502	0.96452	0.96452			6
2024.06.11	00:19:26.419	0.96453	0.96453			6
2024.06.11	00:19:27.757	0.96454	0.96454			6
2024.06.11	00:19:29.980	0.96453	0.96453			6
2024.06.11	00:19:31.030	0.96454	0.96454			6
2024.06.11	00:19:33.864	0.96452	0.96452			6
2024.06.11	00:19:34.065	0.96451	0.96451			6
2024.06.11	00:19:35.893	0.96452	0.96452			6
2024.06.11	00:19:35.953	0.96453	0.96453			6
2024.06.11	00:19:35.982	0.96452	0.96452			6
2024.06.11	00:19:36.014	0.96453	0.96453			6
2024.06.11	00:19:36.073	0.96454	0.96454			6
2024.06.11	00:19:36.225	0.96455	0.96455			6
2024.06.11	00:19:39.490	0.96454	0.96454			6
2024.06.11	00:19:40.575	0.96455	0.96455			6
2024.06.11	00:19:41.572	0.96456	0.96456			6
2024.06.11	00:19:44.066	0.96457	0.96457			6
2024.06.11	00:19:47.591	0.96461	0.96461			6
2024.06.11	00:19:47.621	0.96456	0.96456			6
2024.06.11	00:19:48.359	0.96453	0.96453			6
2024.06.11	00:19:49.999	0.96456	0.96456			6
2024.06.11	00:19:50.027	0.96457	0.96457			6
2024.06.11	00:19:50.058	0.96466	0.96466			6
2024.06.11	00:19:50.090	0.96467	0.96467			6
2024.06.11	00:19:50.708	0.96468	0.96468			6
2024.06.11	00:19:52.330	0.96469	0.96469			6
2024.06.11	00:19:54.168	0.96471	0.96471			6
2024.06.11	00:19:54.467	0.96472	0.96472			6
2024.06.11	00:19:55.039	0.96467	0.96467			6
2024.06.11	00:19:55.189	0.96475	0.96475			6
2024.06.11	00:19:55.248	0.96476	0.96476			6
2024.06.11	00:19:55.400	0.96475	0.96475			6
2024.06.11	00:19:55.490	0.96476	0.96476			6
2024.06.11	00:19:55.519	0.96475	0.96475			6
2024.06.11	00:19:56.260	0.96473	0.96473			6
2024.06.11	00:19:56.687	0.96471	0.96471			6
2024.06.11	00:19:57.009	0.96473	0.96473			6
2024.06.11	00:19:57.760	0.96476	0.96476			6
2024.06.11	00:20:00.055	0.96477	0.96477			6
2024.06.11	00:20:02.047	0.96478	0.96478			6
2024.06.11	00:20:05.768	0.96479	0.96479			6
2024.06.11	00:20:06.168	0.96466	0.96466			6
2024.06.11	00:20:06.197	0.96465	0.96465			6
2024.06.11	00:20:06.229	0.96464	0.96464			6
2024.06.11	00:20:06.257	0.96458	0.96458			6
2024.06.11	00:20:06.406	0.96465	0.96465			6
2024.06.11	00:20:06.467	0.96464	0.96464			6
2024.06.11	00:20:07.050	0.96466	0.96466			6
2024.06.11	00:20:07.078	0.96469	0.96469			6
2024.06.11	00:20:07.168	0.96470	0.96470			6
2024.06.11	00:20:08.680	0.96473	0.96473			6
2024.06.11	00:20:10.217	0.96472	0.96472			6
2024.06.11	00:20:10.248	0.96474	0.96474			6
2024.06.11	00:20:10.680	0.96475	0.96475			6
2024.06.11	00:20:11.458	0.96476	0.96476			6
2024.06.11	00:20:12.174	0.96477	0.96477			6
2024.06.11	00:20:12.513	0.96476	0.96476			6
2024.06.11	00:20:12.544	0.96463	0.96463			6
2024.06.11	00:20:12.573	0.96465	0.96465			6
2024.06.11	00:20:12.603	0.96467	0.96467			6
2024.06.11	00:20:12.633	0.96466	0.96466			6
2024.06.11	00:20:12.694	0.96465	0.96465			6
2024.06.11	00:20:13.014	0.96466	0.96466			6
2024.06.11	00:20:13.134	0.96460	0.96460			6
2024.06.11	00:20:13.194	0.96446	0.96446			6
2024.06.11	00:20:13.223	0.96459	0.96459			6
2024.06.11	00:20:13.680	0.96466	0.96466			6
2024.06.11	00:20:14.791	0.96461	0.96461			6
2024.06.11	00:20:15.180	0.96462	0.96462			6
2024.06.11	00:20:15.262	0.96467	0.96467			6
2024.06.11	00:20:15.888	0.96468	0.96468			6
2024.06.11	00:20:16.792	0.96467	0.96467			6
2024.06.11	00:20:18.209	0.96468	0.96468			6
2024.06.11	00:20:18.430	0.96462	0.96462			6
2024.06.11	00:20:18.887	0.96466	0.96466			6
2024.06.11	00:20:18.978	0.96465	0.96465			6
2024.06.11	00:20:21.285	0.96468	0.96468			6
2024.06.11	00:20:21.930	0.96471	0.96471			6
2024.06.11	00:20:27.429	0.96472	0.96472			6
2024.06.11	00:20:27.458	0.96473	0.96473			6
2024.06.11	00:20:27.896	0.96477	0.96477			6
2024.06.11	00:20:28.500	0.96478	0.96478			6
2024.06.11	00:20:32.789	0.96477	0.96477			6
2024.06.11	00:20:34.659	0.96478	0.96478			6
2024.06.11	00:20:40.656	0.96477	0.96477			6
2024.06.11	00:20:43.367	0.96478	0.96478			6
2024.06.11	00:20:46.081	0.96477	0.96477			6
2024.06.11	00:20:50.563	0.96478	0.96478			6
2024.06.11	00:20:52.537	0.96476	0.96476			6
2024.06.11	00:20:52.567	0.96474	0.96474			6
2024.06.11	00:20:54.730	0.96472	0.96472			6
2024.06.11	00:20:56.274	0.96474	0.96474			6
2024.06.11	00:21:00.011	0.96473	0.96473			6
2024.06.11	00:21:23.315	0.96471	0.96471			6
2024.06.11	00:21:30.485	0.96470	0.96470			6
2024.06.11	00:21:38.883	0.96471	0.96471			6
2024.06.11	00:21:42.139	0.96473	0.96473			6
2024.06.11	00:21:42.168	0.96472	0.96472			6
2024.06.11	00:22:01.944	0.96474	0.96474			6
2024.06.11	00:22:01.975	0.96483	0.96483			6
2024.06.11	00:22:02.389	0.96478	0.96478			6
2024.06.11	00:22:04.681	0.96477	0.96477			6
2024.06.11	00:22:04.710	0.96476	0.96476			6
2024.06.11	00:22:04.786	0.96477	0.96477			6
2024.06.11	00:22:05.186	0.96475	0.96475			6
2024.06.11	00:22:06.043	0.96474	0.96474			6
2024.06.11	00:22:07.522	0.96475	0.96475			6
2024.06.11	00:22:07.757	0.96478	0.96478			6
2024.06.11	00:22:08.101	0.96474	0.96474			6
2024.06.11	00:22:09.540	0.96477	0.96477			6
2024.06.11	00:22:09.882	0.96478	0.96478			6
2024.06.11	00:22:12.084	0.96472	0.96472			6
2024.06.11	00:22:12.613	0.96474	0.96474			6
2024.06.11	00:22:12.734	0.96477	0.96477			6
2024.06.11	00:22:12.885	0.96476	0.96476			6
2024.06.11	00:22:12.945	0.96480	0.96480			6
2024.06.11	00:22:13.034	0.96479	0.96479			6
2024.06.11	00:22:13.064	0.96480	0.96480			6
2024.06.11	00:22:13.126	0.96479	0.96479			6
2024.06.11	00:22:13.444	0.96476	0.96476			6
2024.06.11	00:22:14.085	0.96477	0.96477			6
2024.06.11	00:22:14.389	0.96482	0.96482			6
2024.06.11	00:22:15.778	0.96480	0.96480			6
2024.06.11	00:22:17.929	0.96476	0.96476			6
2024.06.11	00:22:18.256	0.96477	0.96477			6
2024.06.11	00:22:18.344	0.96478	0.96478			6
2024.06.11	00:22:20.445	0.96475	0.96475			6
2024.06.11	00:22:20.504	0.96476	0.96476			6
2024.06.11	00:22:20.534	0.96475	0.96475			6
2024.06.11	00:22:20.564	0.96476	0.96476			6
2024.06.11	00:22:20.843	0.96479	0.96479			6
2024.06.11	00:22:21.515	0.96480	0.96480			6
2024.06.11	00:22:22.271	0.96475	0.96475			6
2024.06.11	00:22:22.301	0.96474	0.96474			6
2024.06.11	00:22:22.428	0.96476	0.96476			6
2024.06.11	00:22:22.679	0.96477	0.96477			6
2024.06.11	00:22:23.020	0.96479	0.96479			6
2024.06.11	00:22:23.526	0.96477	0.96477			6
2024.06.11	00:22:25.499	0.96478	0.96478			6
2024.06.11	00:22:25.558	0.96480	0.96480			6
2024.06.11	00:22:25.699	0.96486	0.96486			6
2024.06.11	00:22:26.929	0.96487	0.96487			6
2024.06.11	00:22:28.515	0.96488	0.96488			6
2024.06.11	00:22:28.968	0.96490	0.96490			6
2024.06.11	00:22:30.862	0.96491	0.96491			6
2024.06.11	00:22:30.892	0.96492	0.96492			6
2024.06.11	00:22:32.396	0.96490	0.96490			6
2024.06.11	00:22:33.452	0.96488	0.96488			6
2024.06.11	00:22:34.276	0.96489	0.96489			6
2024.06.11	00:22:34.615	0.96490	0.96490			6
2024.06.11	00:22:35.203	0.96488	0.96488			6
2024.06.11	00:22:35.263	0.96489	0.96489			6
2024.06.11	00:22:35.324	0.96490	0.96490			6
2024.06.11	00:22:35.621	0.96488	0.96488			6
2024.06.11	00:22:40.080	0.96487	0.96487			6
2024.06.11	00:22:46.167	0.96486	0.96486			6
2024.06.11	00:22:46.503	0.96487	0.96487			6
2024.06.11	00:22:50.831	0.96489	0.96489			6
2024.06.11	00:22:52.059	0.96491	0.96491			6
2024.06.11	00:22:52.567	0.96492	0.96492			6
2024.06.11	00:22:54.611	0.96490	0.96490			6
2024.06.11	00:22:54.641	0.96491	0.96491			6
2024.06.11	00:22:56.264	0.96490	0.96490			6
2024.06.11	00:22:57.868	0.96491	0.96491			6
2024.06.11	00:22:59.003	0.96490	0.96490			6
2024.06.11	00:23:01.487	0.96486	0.96486			6
2024.06.11	00:23:04.789	0.96488	0.96488			6
2024.06.11	00:23:07.279	0.96485	0.96485			6
2024.06.11	00:23:12.995	0.96487	0.96487			6
2024.06.11	00:23:22.539	0.96486	0.96486			6
2024.06.11	00:23:25.165	0.96485	0.96485			6
2024.06.11	00:23:25.661	0.96483	0.96483			6
2024.06.11	00:23:29.512	0.96482	0.96482			6
2024.06.11	00:23:32.455	0.96481	0.96481			6
2024.06.11	00:23:43.340	0.96480	0.96480			6
2024.06.11	00:23:43.370	0.96481	0.96481			6
2024.06.11	00:23:56.327	0.96480	0.96480			6
2024.06.11	00:23:56.387	0.96481	0.96481			6
2024.06.11	00:23:56.417	0.96480	0.96480			6
2024.06.11	00:23:56.816	0.96481	0.96481			6
2024.06.11	00:24:03.186	0.96480	0.96480			6
2024.06.11	00:24:03.305	0.96481	0.96481			6
2024.06.11	00:24:03.337	0.96480	0.96480			6
2024.06.11	00:24:05.148	0.96479	0.96479			6
2024.06.11	00:24:05.211	0.96480	0.96480			6
2024.06.11	00:24:08.500	0.96479	0.96479			6
2024.06.11	00:24:08.580	0.96477	0.96477			6
2024.06.11	00:24:08.611	0.96478	0.96478			6
2024.06.11	00:24:11.166	0.96477	0.96477			6
2024.06.11	00:24:11.197	0.96476	0.96476			6
2024.06.11	00:24:13.931	0.96484	0.96484			6
2024.06.11	00:24:16.696	0.96482	0.96482			6
2024.06.11	00:24:17.197	0.96481	0.96481			6
2024.06.11	00:24:17.697	0.96475	0.96475			6
2024.06.11	00:24:19.407	0.96474	0.96474			6
2024.06.11	00:24:30.455	0.96475	0.96475			6
2024.06.11	00:24:35.931	0.96477	0.96477			6
2024.06.11	00:24:35.962	0.96480	0.96480			6
2024.06.11	00:24:36.021	0.96481	0.96481			6
2024.06.11	00:24:36.474	0.96485	0.96485			6
2024.06.11	00:24:36.520	0.96484	0.96484			6
2024.06.11	00:24:37.015	0.96487	0.96487			6
2024.06.11	00:24:38.268	0.96484	0.96484			6
2024.06.11	00:24:38.684	0.96487	0.96487			6
2024.06.11	00:24:38.744	0.96486	0.96486			6
2024.06.11	00:24:40.516	0.96484	0.96484			6
2024.06.11	00:24:41.416	0.96485	0.96485			6
2024.06.11	00:24:41.476	0.96487	0.96487			6
2024.06.11	00:24:41.536	0.96486	0.96486			6
2024.06.11	00:24:41.566	0.96487	0.96487			6
2024.06.11	00:24:41.596	0.96488	0.96488			6
2024.06.11	00:24:41.703	0.96487	0.96487			6
2024.06.11	00:24:42.513	0.96486	0.96486			6
2024.06.11	00:24:48.852	0.96487	0.96487			6
2024.06.11	00:24:49.473	0.96488	0.96488			6
2024.06.11	00:24:51.117	0.96487	0.96487			6
2024.06.11	00:24:51.542	0.96488	0.96488			6
2024.06.11	00:24:52.044	0.96487	0.96487			6
2024.06.11	00:24:52.103	0.96488	0.96488			6
2024.06.11	00:24:52.163	0.96489	0.96489			6
2024.06.11	00:24:52.193	0.96488	0.96488			6
2024.06.11	00:24:53.061	0.96489	0.96489			6
2024.06.11	00:24:54.103	0.96488	0.96488			6
2024.06.11	00:24:54.665	0.96489	0.96489			6
2024.06.11	00:24:56.660	0.96487	0.96487			6
2024.06.11	00:24:56.691	0.96489	0.96489			6
2024.06.11	00:24:56.731	0.96488	0.96488			6
2024.06.11	00:24:56.868	0.96486	0.96486			6
2024.06.11	00:25:02.585	0.96485	0.96485			6
2024.06.11	00:25:07.673	0.96486	0.96486			6
2024.06.11	00:25:07.724	0.96485	0.96485			6
2024.06.11	00:25:10.048	0.96486	0.96486			6
2024.06.11	00:25:10.107	0.96487	0.96487			6
2024.06.11	00:25:16.985	0.96486	0.96486			6
2024.06.11	00:25:20.674	0.96485	0.96485			6
2024.06.11	00:25:21.760	0.96486	0.96486			6
2024.06.11	00:25:22.002	0.96485	0.96485			6
2024.06.11	00:25:22.318	0.96486	0.96486			6
2024.06.11	00:25:28.639	0.96487	0.96487			6
2024.06.11	00:25:31.839	0.96486	0.96486			6
2024.06.11	00:25:31.974	0.96487	0.96487			6
2024.06.11	00:25:32.890	0.96486	0.96486			6
2024.06.11	00:25:38.585	0.96487	0.96487			6
2024.06.11	00:25:44.588	0.96486	0.96486			6
2024.06.11	00:25:46.727	0.96487	0.96487			6
2024.06.11	00:25:47.290	0.96488	0.96488			6
2024.06.11	00:25:50.443	0.96486	0.96486			6
2024.06.11	00:25:56.726	0.96485	0.96485			6
2024.06.11	00:26:00.443	0.96487	0.96487			6
2024.06.11	00:26:01.608	0.96486	0.96486			6
2024.06.11	00:26:02.587	0.96487	0.96487			6
2024.06.11	00:26:11.691	0.96486	0.96486			6
2024.06.11	00:26:14.873	0.96487	0.96487			6
2024.06.11	00:26:21.701	0.96486	0.96486			6
2024.06.11	00:26:27.398	0.96487	0.96487			6
2024.06.11	00:26:32.288	0.96486	0.96486			6
2024.06.11	00:26:35.593	0.96487	0.96487			6
2024.06.11	00:26:42.758	0.96486	0.96486			6
2024.06.11	00:26:50.041	0.96487	0.96487			6
2024.06.11	00:26:54.911	0.96486	0.96486			6
2024.06.11	00:26:54.941	0.96489	0.96489			6
2024.06.11	00:26:54.971	0.96487	0.96487			6
2024.06.11	00:26:57.752	0.96486	0.96486			6
2024.06.11	00:27:00.061	0.96487	0.96487			6
2024.06.11	00:27:02.062	0.96486	0.96486			6
2024.06.11	00:27:02.572	0.96485	0.96485			6
2024.06.11	00:27:04.063	0.96484	0.96484			6
2024.06.11	00:27:12.359	0.96485	0.96485			6
2024.06.11	00:27:21.376	0.96484	0.96484			6
2024.06.11	00:27:23.588	0.96483	0.96483			6
2024.06.11	00:27:29.602	0.96484	0.96484			6
2024.06.11	00:27:29.721	0.96483	0.96483			6
2024.06.11	00:27:30.040	0.96484	0.96484			6
2024.06.11	00:27:34.579	0.96486	0.96486			6
2024.06.11	00:27:39.769	0.96485	0.96485			6
2024.06.11	00:28:02.394	0.96486	0.96486			6
2024.06.11	00:28:02.951	0.96485	0.96485			6
2024.06.11	00:28:09.186	0.96486	0.96486			6
2024.06.11	00:28:13.379	0.96484	0.96484			6
2024.06.11	00:28:21.363	0.96483	0.96483			6
2024.06.11	00:28:22.362	0.96482	0.96482			6
2024.06.11	00:28:34.892	0.96481	0.96481			6
2024.06.11	00:28:36.755	0.96480	0.96480			6
2024.06.11	00:28:40.693	0.96482	0.96482			6
2024.06.11	00:28:42.245	0.96483	0.96483			6
2024.06.11	00:28:50.297	0.96484	0.96484			6
2024.06.11	00:28:53.091	0.96485	0.96485			6
2024.06.11	00:28:55.830	0.96484	0.96484			6
2024.06.11	00:28:58.249	0.96485	0.96485			6
2024.06.11	00:29:01.564	0.96486	0.96486			6
2024.06.11	00:29:04.199	0.96484	0.96484			6
2024.06.11	00:29:15.177	0.96485	0.96485			6
2024.06.11	00:29:16.663	0.96484	0.96484			6
2024.06.11	00:29:32.218	0.96486	0.96486			6
2024.06.11	00:29:36.469	0.96485	0.96485			6
2024.06.11	00:29:40.731	0.96486	0.96486			6
2024.06.11	00:29:42.582	0.96485	0.96485			6
2024.06.11	00:29:45.838	0.96486	0.96486			6
2024.06.11	00:29:50.134	0.96487	0.96487			6
2024.06.11	00:29:55.032	0.96486	0.96486			6
2024.06.11	00:30:00.052	0.96487	0.96487			6
2024.06.11	00:30:00.082	0.96491	0.96491			6
2024.06.11	00:30:00.481	0.96490	0.96490			6
2024.06.11	00:30:00.894	0.96491	0.96491			6
2024.06.11	00:30:07.060	0.96490	0.96490			6
2024.06.11	00:30:17.265	0.96489	0.96489			6
2024.06.11	00:30:22.289	0.96487	0.96487			6
2024.06.11	00:30:24.892	0.96482	0.96482			6
2024.06.11	00:30:24.922	0.96486	0.96486			6
2024.06.11	00:30:27.133	0.96485	0.96485			6
2024.06.11	00:30:31.681	0.96484	0.96484			6
2024.06.11	00:30:32.213	0.96483	0.96483			6
2024.06.11	00:30:32.242	0.96481	0.96481			6
2024.06.11	00:30:53.186	0.96480	0.96480			6
2024.06.11	00:30:54.765	0.96481	0.96481			6
2024.06.11	00:30:58.374	0.96480	0.96480			6
2024.06.11	00:30:59.575	0.96481	0.96481			6
2024.06.11	00:31:00.462	0.96480	0.96480			6
2024.06.11	00:31:01.085	0.96476	0.96476			6
2024.06.11	00:31:01.386	0.96480	0.96480			6
2024.06.11	00:31:02.622	0.96481	0.96481			6
2024.06.11	00:31:02.653	0.96483	0.96483			6
2024.06.11	00:31:03.624	0.96482	0.96482			6
2024.06.11	00:31:03.654	0.96484	0.96484			6
2024.06.11	00:31:05.579	0.96487	0.96487			6
2024.06.11	00:31:06.042	0.96486	0.96486			6
2024.06.11	00:31:06.072	0.96487	0.96487			6
2024.06.11	00:31:07.079	0.96486	0.96486			6
2024.06.11	00:31:08.276	0.96487	0.96487			6
2024.06.11	00:31:11.645	0.96485	0.96485			6
2024.06.11	00:31:11.675	0.96486	0.96486			6
2024.06.11	00:31:12.146	0.96489	0.96489			6
2024.06.11	00:31:12.175	0.96484	0.96484			6
2024.06.11	00:31:12.235	0.96486	0.96486			6
2024.06.11	00:31:12.643	0.96484	0.96484			6
2024.06.11	00:31:12.674	0.96485	0.96485			6
2024.06.11	00:31:13.130	0.96484	0.96484			6
2024.06.11	00:31:13.160	0.96485	0.96485			6
2024.06.11	00:31:13.520	0.96486	0.96486			6
2024.06.11	00:31:14.004	0.96487	0.96487			6
2024.06.11	00:31:14.163	0.96488	0.96488			6
2024.06.11	00:31:14.646	0.96484	0.96484			6
2024.06.11	00:31:15.603	0.96486	0.96486			6
2024.06.11	00:31:18.155	0.96485	0.96485			6
2024.06.11	00:31:28.409	0.96489	0.96489			6
2024.06.11	00:31:28.501	0.96490	0.96490			6
2024.06.11	00:31:28.532	0.96489	0.96489			6
2024.06.11	00:31:28.880	0.96492	0.96492			6
2024.06.11	00:31:28.910	0.96491	0.96491			6
2024.06.11	00:31:29.878	0.96490	0.96490			6
2024.06.11	00:31:29.908	0.96491	0.96491			6
2024.06.11	00:31:30.380	0.96488	0.96488			6
2024.06.11	00:31:31.028	0.96487	0.96487			6
2024.06.11	00:31:31.058	0.96488	0.96488			6
2024.06.11	00:31:31.087	0.96489	0.96489			6
2024.06.11	00:31:31.389	0.96486	0.96486			6
2024.06.11	00:31:32.489	0.96485	0.96485			6
2024.06.11	00:31:32.518	0.96482	0.96482			6
2024.06.11	00:31:34.070	0.96486	0.96486			6
2024.06.11	00:31:34.564	0.96487	0.96487			6
2024.06.11	00:31:34.654	0.96486	0.96486			6
2024.06.11	00:31:35.064	0.96487	0.96487			6
2024.06.11	00:31:48.080	0.96484	0.96484			6
2024.06.11	00:31:49.566	0.96486	0.96486			6
2024.06.11	00:31:52.960	0.96485	0.96485			6
2024.06.11	00:32:09.734	0.96488	0.96488			6
2024.06.11	00:32:09.962	0.96487	0.96487			6
2024.06.11	00:32:10.022	0.96486	0.96486			6
2024.06.11	00:32:10.052	0.96491	0.96491			6
2024.06.11	00:32:10.111	0.96488	0.96488			6
2024.06.11	00:32:10.201	0.96486	0.96486			6
2024.06.11	00:32:10.233	0.96489	0.96489			6
2024.06.11	00:32:10.425	0.96488	0.96488			6
2024.06.11	00:32:10.608	0.96486	0.96486			6
2024.06.11	00:32:10.639	0.96488	0.96488			6
2024.06.11	00:32:15.977	0.96486	0.96486			6
2024.06.11	00:32:16.008	0.96488	0.96488			6
2024.06.11	00:32:17.250	0.96487	0.96487			6
2024.06.11	00:32:18.058	0.96484	0.96484			6
2024.06.11	00:32:18.087	0.96486	0.96486			6
2024.06.11	00:32:20.530	0.96487	0.96487			6
2024.06.11	00:32:20.560	0.96488	0.96488			6
2024.06.11	00:32:40.965	0.96489	0.96489			6
2024.06.11	00:32:41.056	0.96488	0.96488			6
2024.06.11	00:32:41.088	0.96481	0.96481			6
2024.06.11	00:32:44.542	0.96482	0.96482			6
2024.06.11	00:32:49.923	0.96483	0.96483			6
2024.06.11	00:32:49.953	0.96490	0.96490			6
2024.06.11	00:32:50.727	0.96488	0.96488			6
2024.06.11	00:33:01.461	0.96489	0.96489			6
2024.06.11	00:33:05.173	0.96490	0.96490			6
2024.06.11	00:33:06.453	0.96489	0.96489			6
2024.06.11	00:33:10.869	0.96487	0.96487			6
2024.06.11	00:33:13.738	0.96484	0.96484			6
2024.06.11	00:33:16.255	0.96485	0.96485			6
2024.06.11	00:33:19.289	0.96490	0.96490			6
2024.06.11	00:33:19.642	0.96491	0.96491			6
2024.06.11	00:33:21.157	0.96490	0.96490			6
2024.06.11	00:33:28.972	0.96487	0.96487			6
2024.06.11	00:33:29.160	0.96488	0.96488			6
2024.06.11	00:33:42.449	0.96485	0.96485			6
2024.06.11	00:34:00.071	0.96486	0.96486			6
2024.06.11	00:34:10.510	0.96487	0.96487			6
2024.06.11	00:34:27.463	0.96488	0.96488			6
2024.06.11	00:34:29.077	0.96479	0.96479			6
2024.06.11	00:34:29.363	0.96482	0.96482			6
2024.06.11	00:34:30.062	0.96483	0.96483			6
2024.06.11	00:34:34.712	0.96484	0.96484			6
2024.06.11	00:34:36.296	0.96483	0.96483			6
2024.06.11	00:34:38.487	0.96482	0.96482			6
2024.06.11	00:34:38.518	0.96483	0.96483			6
2024.06.11	00:34:44.339	0.96484	0.96484			6
2024.06.11	00:35:11.753	0.96482	0.96482			6
2024.06.11	00:35:11.783	0.96484	0.96484			6
2024.06.11	00:35:20.859	0.96485	0.96485			6
2024.06.11	00:35:32.741	0.96484	0.96484			6
2024.06.11	00:35:34.697	0.96483	0.96483			6
2024.06.11	00:35:35.657	0.96490	0.96490			6
2024.06.11	00:35:36.720	0.96488	0.96488			6
2024.06.11	00:35:38.775	0.96487	0.96487			6
2024.06.11	00:35:40.227	0.96488	0.96488			6
2024.06.11	00:35:40.317	0.96489	0.96489			6
2024.06.11	00:35:53.280	0.96488	0.96488			6
2024.06.11	00:35:56.243	0.96489	0.96489			6
2024.06.11	00:36:00.057	0.96490	0.96490			6
2024.06.11	00:36:01.640	0.96489	0.96489			6
2024.06.11	00:36:05.484	0.96488	0.96488			6
2024.06.11	00:36:06.786	0.96489	0.96489			6
2024.06.11	00:36:09.072	0.96488	0.96488			6
2024.06.11	00:36:09.133	0.96489	0.96489			6
2024.06.11	00:36:09.163	0.96488	0.96488			6
2024.06.11	00:36:09.306	0.96487	0.96487			6
2024.06.11	00:36:10.114	0.96485	0.96485			6
2024.06.11	00:36:10.482	0.96492	0.96492			6
2024.06.11	00:36:10.571	0.96493	0.96493			6
2024.06.11	00:36:12.213	0.96492	0.96492			6
2024.06.11	00:36:13.156	0.96493	0.96493			6
2024.06.11	00:36:16.372	0.96494	0.96494			6
2024.06.11	00:36:28.405	0.96495	0.96495			6
2024.06.11	00:36:41.493	0.96494	0.96494			6
2024.06.11	00:36:41.523	0.96495	0.96495			6
2024.06.11	00:36:42.374	0.96498	0.96498			6
2024.06.11	00:36:42.404	0.96497	0.96497			6
2024.06.11	00:36:42.478	0.96496	0.96496			6
2024.06.11	00:37:13.486	0.96495	0.96495			6
2024.06.11	00:37:13.516	0.96496	0.96496			6
2024.06.11	00:37:40.660	0.96495	0.96495			6
2024.06.11	00:37:42.738	0.96497	0.96497			6
2024.06.11	00:37:43.236	0.96495	0.96495			6
2024.06.11	00:37:44.068	0.96493	0.96493			6
2024.06.11	00:37:44.583	0.96492	0.96492			6
2024.06.11	00:37:44.613	0.96493	0.96493			6
2024.06.11	00:37:46.240	0.96492	0.96492			6
2024.06.11	00:37:50.103	0.96490	0.96490			6
2024.06.11	00:37:51.502	0.96489	0.96489			6
2024.06.11	00:37:51.623	0.96484	0.96484			6
2024.06.11	00:37:51.837	0.96488	0.96488			6
2024.06.11	00:38:02.554	0.96489	0.96489			6
2024.06.11	00:38:09.479	0.96488	0.96488			6
2024.06.11	00:38:23.504	0.96489	0.96489			6
2024.06.11	00:38:25.072	0.96488	0.96488			6
2024.06.11	00:38:34.787	0.96489	0.96489			6
2024.06.11	00:38:41.875	0.96490	0.96490			6
2024.06.11	00:38:48.369	0.96489	0.96489			6
2024.06.11	00:39:02.552	0.96490	0.96490			6
2024.06.11	00:39:25.970	0.96488	0.96488			6
2024.06.11	00:39:28.502	0.96487	0.96487			6
2024.06.11	00:39:31.084	0.96485	0.96485			6
2024.06.11	00:39:31.302	0.96486	0.96486			6
2024.06.11	00:39:31.397	0.96488	0.96488			6
2024.06.11	00:39:31.687	0.96487	0.96487			6
2024.06.11	00:39:31.717	0.96493	0.96493			6
2024.06.11	00:39:31.844	0.96491	0.96491			6
2024.06.11	00:39:31.944	0.96493	0.96493			6
2024.06.11	00:39:32.338	0.96495	0.96495			6
2024.06.11	00:39:32.496	0.96494	0.96494			6
2024.06.11	00:39:33.005	0.96492	0.96492			6
2024.06.11	00:39:33.035	0.96494	0.96494			6
2024.06.11	00:39:33.338	0.96493	0.96493			6
2024.06.11	00:39:33.466	0.96492	0.96492			6
2024.06.11	00:39:33.497	0.96493	0.96493			6
2024.06.11	00:39:33.617	0.96492	0.96492			6
2024.06.11	00:39:33.647	0.96493	0.96493			6
2024.06.11	00:39:33.824	0.96492	0.96492			6
2024.06.11	00:39:33.915	0.96493	0.96493			6
2024.06.11	00:39:34.278	0.96494	0.96494			6
2024.06.11	00:39:34.325	0.96492	0.96492			6
2024.06.11	00:39:34.355	0.96493	0.96493			6
2024.06.11	00:39:34.705	0.96492	0.96492			6
2024.06.11	00:39:34.735	0.96493	0.96493			6
2024.06.11	00:39:34.818	0.96492	0.96492			6
2024.06.11	00:39:34.848	0.96493	0.96493			6
2024.06.11	00:39:35.508	0.96494	0.96494			6
2024.06.11	00:39:35.568	0.96491	0.96491			6
2024.06.11	00:39:35.598	0.96493	0.96493			6
2024.06.11	00:39:37.977	0.96494	0.96494			6
2024.06.11	00:39:41.767	0.96496	0.96496			6
2024.06.11	00:39:41.856	0.96495	0.96495			6
2024.06.11	00:39:41.954	0.96494	0.96494			6
2024.06.11	00:39:53.565	0.96496	0.96496			6
2024.06.11	00:39:53.629	0.96497	0.96497			6
2024.06.11	00:39:53.846	0.96494	0.96494			6
2024.06.11	00:39:54.613	0.96493	0.96493			6
2024.06.11	00:39:54.643	0.96492	0.96492			6
2024.06.11	00:39:56.884	0.96491	0.96491			6
2024.06.11	00:40:00.047	0.96492	0.96492			6
2024.06.11	00:40:00.394	0.96495	0.96495			6
2024.06.11	00:40:00.814	0.96493	0.96493			6
2024.06.11	00:40:05.259	0.96492	0.96492			6
2024.06.11	00:40:06.160	0.96491	0.96491			6
2024.06.11	00:40:13.952	0.96492	0.96492			6
2024.06.11	00:40:37.981	0.96494	0.96494			6
2024.06.11	00:40:47.416	0.96493	0.96493			6
2024.06.11	00:40:54.020	0.96492	0.96492			6
2024.06.11	00:41:08.370	0.96491	0.96491			6
2024.06.11	00:41:08.399	0.96492	0.96492			6
2024.06.11	00:41:09.367	0.96491	0.96491			6
2024.06.11	00:41:11.068	0.96488	0.96488			6
2024.06.11	00:41:11.162	0.96487	0.96487			6
2024.06.11	00:41:11.488	0.96488	0.96488			6
2024.06.11	00:41:11.519	0.96487	0.96487			6
2024.06.11	00:41:16.603	0.96488	0.96488			6
2024.06.11	00:41:18.239	0.96489	0.96489			6
2024.06.11	00:41:19.263	0.96490	0.96490			6
2024.06.11	00:41:19.970	0.96489	0.96489			6
2024.06.11	00:41:21.664	0.96488	0.96488			6
2024.06.11	00:41:21.885	0.96489	0.96489			6
2024.06.11	00:41:22.088	0.96490	0.96490			6
2024.06.11	00:41:23.257	0.96491	0.96491			6
2024.06.11	00:41:25.166	0.96492	0.96492			6
2024.06.11	00:41:25.196	0.96497	0.96497			6
2024.06.11	00:41:25.256	0.96498	0.96498			6
2024.06.11	00:41:25.742	0.96500	0.96500			6
2024.06.11	00:41:26.246	0.96499	0.96499			6
2024.06.11	00:41:26.276	0.96500	0.96500			6
2024.06.11	00:41:26.878	0.96499	0.96499			6
2024.06.11	00:41:28.365	0.96498	0.96498			6
2024.06.11	00:41:28.395	0.96500	0.96500			6
2024.06.11	00:41:28.976	0.96501	0.96501			6
2024.06.11	00:41:29.399	0.96502	0.96502			6
2024.06.11	00:41:30.025	0.96503	0.96503			6
2024.06.11	00:41:30.055	0.96504	0.96504			6
2024.06.11	00:41:30.484	0.96503	0.96503			6
2024.06.11	00:41:34.792	0.96504	0.96504			6
2024.06.11	00:41:37.767	0.96505	0.96505			6
2024.06.11	00:41:39.778	0.96508	0.96508			6
2024.06.11	00:41:39.997	0.96502	0.96502			6
2024.06.11	00:41:40.057	0.96494	0.96494			6
2024.06.11	00:41:40.496	0.96493	0.96493			6
2024.06.11	00:41:41.382	0.96492	0.96492			6
2024.06.11	00:41:44.727	0.96491	0.96491			6
2024.06.11	00:41:44.756	0.96492	0.96492			6
2024.06.11	00:41:44.847	0.96491	0.96491			6
2024.06.11	00:41:44.996	0.96490	0.96490			6
2024.06.11	00:41:45.260	0.96492	0.96492			6
2024.06.11	00:41:45.897	0.96490	0.96490			6
2024.06.11	00:41:46.352	0.96491	0.96491			6
2024.06.11	00:41:48.958	0.96492	0.96492			6
2024.06.11	00:41:48.988	0.96494	0.96494			6
2024.06.11	00:41:49.673	0.96495	0.96495			6
2024.06.11	00:41:53.413	0.96494	0.96494			6
2024.06.11	00:41:53.749	0.96495	0.96495			6
2024.06.11	00:41:54.265	0.96494	0.96494			6
2024.06.11	00:41:54.544	0.96493	0.96493			6
2024.06.11	00:41:54.896	0.96494	0.96494			6
2024.06.11	00:42:00.547	0.96495	0.96495			6
2024.06.11	00:42:05.353	0.96496	0.96496			6
2024.06.11	00:42:06.479	0.96495	0.96495			6
2024.06.11	00:42:07.063	0.96494	0.96494			6
2024.06.11	00:42:08.713	0.96493	0.96493			6
2024.06.11	00:42:08.835	0.96491	0.96491			6
2024.06.11	00:42:10.018	0.96492	0.96492			6
2024.06.11	00:42:11.766	0.96493	0.96493			6
2024.06.11	00:42:19.206	0.96490	0.96490			6
2024.06.11	00:42:20.447	0.96491	0.96491			6
2024.06.11	00:42:29.624	0.96492	0.96492			6
2024.06.11	00:42:32.278	0.96491	0.96491			6
2024.06.11	00:42:38.563	0.96492	0.96492			6
2024.06.11	00:42:43.064	0.96491	0.96491			6
2024.06.11	00:42:43.327	0.96490	0.96490			6
2024.06.11	00:42:44.928	0.96491	0.96491			6
2024.06.11	00:42:50.292	0.96492	0.96492			6
2024.06.11	00:42:51.063	0.96489	0.96489			6
2024.06.11	00:42:51.153	0.96475	0.96475			6
2024.06.11	00:42:51.183	0.96474	0.96474			6
2024.06.11	00:42:51.274	0.96475	0.96475			6
2024.06.11	00:42:51.304	0.96474	0.96474			6
2024.06.11	00:42:51.538	0.96477	0.96477			6
2024.06.11	00:42:51.597	0.96478	0.96478			6
2024.06.11	00:42:51.728	0.96477	0.96477			6
2024.06.11	00:42:51.909	0.96478	0.96478			6
2024.06.11	00:42:51.977	0.96477	0.96477			6
2024.06.11	00:42:52.237	0.96473	0.96473			6
2024.06.11	00:42:53.364	0.96472	0.96472			6
2024.06.11	00:42:53.393	0.96469	0.96469			6
2024.06.11	00:42:53.666	0.96467	0.96467			6
2024.06.11	00:42:54.263	0.96468	0.96468			6
2024.06.11	00:42:54.834	0.96471	0.96471			6
2024.06.11	00:42:55.266	0.96470	0.96470			6
2024.06.11	00:42:55.297	0.96471	0.96471			6
2024.06.11	00:42:55.628	0.96469	0.96469			6
2024.06.11	00:42:56.876	0.96470	0.96470			6
2024.06.11	00:42:58.963	0.96469	0.96469			6
2024.06.11	00:42:59.068	0.96470	0.96470			6
2024.06.11	00:42:59.281	0.96479	0.96479			6
2024.06.11	00:42:59.311	0.96480	0.96480			6
2024.06.11	00:42:59.668	0.96481	0.96481			6
2024.06.11	00:42:59.795	0.96485	0.96485			6
2024.06.11	00:42:59.855	0.96483	0.96483			6
2024.06.11	00:43:00.066	0.96485	0.96485			6
2024.06.11	00:43:01.154	0.96491	0.96491			6
2024.06.11	00:43:01.184	0.96492	0.96492			6
2024.06.11	00:43:01.245	0.96493	0.96493			6
2024.06.11	00:43:01.274	0.96494	0.96494			6
2024.06.11	00:43:01.304	0.96495	0.96495			6
2024.06.11	00:43:01.828	0.96496	0.96496			6
2024.06.11	00:43:02.363	0.96494	0.96494			6
2024.06.11	00:43:03.122	0.96493	0.96493			6
2024.06.11	00:43:04.765	0.96490	0.96490			6
2024.06.11	00:43:05.283	0.96489	0.96489			6
2024.06.11	00:43:06.593	0.96485	0.96485			6
2024.06.11	00:43:06.655	0.96486	0.96486			6
2024.06.11	00:43:06.893	0.96484	0.96484			6
2024.06.11	00:43:10.089	0.96485	0.96485			6
2024.06.11	00:43:11.611	0.96488	0.96488			6
2024.06.11	00:43:15.761	0.96487	0.96487			6
2024.06.11	00:43:19.973	0.96488	0.96488			6
2024.06.11	00:43:22.064	0.96486	0.96486			6
2024.06.11	00:43:24.446	0.96485	0.96485			6
2024.06.11	00:43:29.576	0.96486	0.96486			6
2024.06.11	00:43:37.626	0.96488	0.96488			6
2024.06.11	00:43:38.345	0.96487	0.96487			6
2024.06.11	00:43:46.517	0.96488	0.96488			6
2024.06.11	00:43:47.324	0.96486	0.96486			6
2024.06.11	00:43:48.478	0.96485	0.96485			6
2024.06.11	00:43:49.187	0.96487	0.96487			6
2024.06.11	00:43:53.562	0.96486	0.96486			6
2024.06.11	00:44:01.075	0.96487	0.96487			6
2024.06.11	00:44:03.362	0.96486	0.96486			6
2024.06.11	00:44:06.074	0.96487	0.96487			6
2024.06.11	00:44:06.105	0.96488	0.96488			6
2024.06.11	00:44:06.164	0.96486	0.96486			6
2024.06.11	00:44:10.377	0.96487	0.96487			6
2024.06.11	00:44:13.959	0.96486	0.96486			6
2024.06.11	00:44:14.057	0.96487	0.96487			6
2024.06.11	00:44:15.176	0.96486	0.96486			6
2024.06.11	00:44:17.489	0.96485	0.96485			6
2024.06.11	00:44:17.845	0.96484	0.96484			6
2024.06.11	00:44:17.944	0.96486	0.96486			6
2024.06.11	00:44:18.176	0.96485	0.96485			6
2024.06.11	00:44:21.246	0.96486	0.96486			6
2024.06.11	00:44:21.275	0.96484	0.96484			6
2024.06.11	00:44:21.520	0.96488	0.96488			6
2024.06.11	00:44:21.577	0.96486	0.96486			6
2024.06.11	00:44:21.607	0.96485	0.96485			6
2024.06.11	00:44:21.925	0.96487	0.96487			6
2024.06.11	00:44:21.987	0.96486	0.96486			6
2024.06.11	00:44:22.017	0.96485	0.96485			6
2024.06.11	00:44:23.652	0.96484	0.96484			6
2024.06.11	00:44:24.177	0.96483	0.96483			6
2024.06.11	00:44:27.542	0.96484	0.96484			6
2024.06.11	00:44:28.678	0.96483	0.96483			6
2024.06.11	00:44:29.038	0.96484	0.96484			6
2024.06.11	00:44:30.178	0.96483	0.96483			6
2024.06.11	00:44:30.762	0.96484	0.96484			6
2024.06.11	00:44:33.760	0.96482	0.96482			6
2024.06.11	00:44:33.821	0.96483	0.96483			6
2024.06.11	00:44:35.925	0.96482	0.96482			6
2024.06.11	00:44:37.086	0.96481	0.96481			6
2024.06.11	00:44:37.450	0.96482	0.96482			6
2024.06.11	00:44:37.910	0.96481	0.96481			6
2024.06.11	00:44:38.001	0.96482	0.96482			6
2024.06.11	00:44:39.062	0.96479	0.96479			6
2024.06.11	00:44:39.152	0.96480	0.96480			6
2024.06.11	00:44:39.183	0.96481	0.96481			6
2024.06.11	00:44:39.213	0.96480	0.96480			6
2024.06.11	00:44:39.242	0.96479	0.96479			6
2024.06.11	00:44:39.271	0.96480	0.96480			6
2024.06.11	00:44:39.541	0.96476	0.96476			6
2024.06.11	00:44:39.600	0.96481	0.96481			6
2024.06.11	00:44:39.630	0.96479	0.96479			6
2024.06.11	00:44:39.946	0.96485	0.96485			6
2024.06.11	00:44:40.125	0.96491	0.96491			6
2024.06.11	00:44:40.155	0.96494	0.96494			6
2024.06.11	00:44:40.558	0.96495	0.96495			6
2024.06.11	00:44:41.040	0.96494	0.96494			6
2024.06.11	00:44:45.456	0.96493	0.96493			6
2024.06.11	00:44:46.341	0.96494	0.96494			6
2024.06.11	00:44:49.593	0.96498	0.96498			6
2024.06.11	00:44:56.633	0.96499	0.96499			6
2024.06.11	00:44:58.424	0.96501	0.96501			6
2024.06.11	00:45:00.111	0.96502	0.96502			6
2024.06.11	00:45:02.937	0.96503	0.96503			6
2024.06.11	00:45:05.028	0.96504	0.96504			6
2024.06.11	00:45:11.857	0.96505	0.96505			6
2024.06.11	00:45:16.952	0.96504	0.96504			6
2024.06.11	00:45:17.043	0.96506	0.96506			6
2024.06.11	00:45:18.151	0.96505	0.96505			6
2024.06.11	00:45:22.639	0.96506	0.96506			6
2024.06.11	00:45:23.197	0.96503	0.96503			6
2024.06.11	00:45:23.227	0.96499	0.96499			6
2024.06.11	00:45:23.287	0.96491	0.96491			6
2024.06.11	00:45:23.317	0.96490	0.96490			6
2024.06.11	00:45:23.348	0.96489	0.96489			6
2024.06.11	00:45:23.377	0.96491	0.96491			6
2024.06.11	00:45:23.406	0.96490	0.96490			6
2024.06.11	00:45:23.437	0.96491	0.96491			6
2024.06.11	00:45:23.616	0.96500	0.96500			6
2024.06.11	00:45:23.805	0.96499	0.96499			6
2024.06.11	00:45:24.130	0.96497	0.96497			6
2024.06.11	00:45:24.662	0.96490	0.96490			6
2024.06.11	00:45:24.722	0.96489	0.96489			6
2024.06.11	00:45:24.782	0.96490	0.96490			6
2024.06.11	00:45:24.882	0.96488	0.96488			6
2024.06.11	00:45:25.688	0.96487	0.96487			6
2024.06.11	00:45:25.717	0.96488	0.96488			6
2024.06.11	00:45:25.749	0.96489	0.96489			6
2024.06.11	00:45:25.870	0.96487	0.96487			6
2024.06.11	00:45:25.899	0.96488	0.96488			6
2024.06.11	00:45:25.960	0.96496	0.96496			6
2024.06.11	00:45:25.988	0.96495	0.96495			6
2024.06.11	00:45:26.019	0.96494	0.96494			6
2024.06.11	00:45:26.047	0.96495	0.96495			6
2024.06.11	00:45:26.230	0.96491	0.96491			6
2024.06.11	00:45:26.620	0.96489	0.96489			6
2024.06.11	00:45:26.935	0.96490	0.96490			6
2024.06.11	00:45:26.965	0.96489	0.96489			6
2024.06.11	00:45:27.027	0.96490	0.96490			6
2024.06.11	00:45:27.057	0.96491	0.96491			6
2024.06.11	00:45:27.546	0.96490	0.96490			6
2024.06.11	00:45:27.665	0.96491	0.96491			6
2024.06.11	00:45:27.793	0.96490	0.96490			6
2024.06.11	00:45:28.020	0.96489	0.96489			6
2024.06.11	00:45:28.092	0.96490	0.96490			6
2024.06.11	00:45:29.022	0.96489	0.96489			6
2024.06.11	00:45:29.052	0.96490	0.96490			6
2024.06.11	00:45:29.263	0.96489	0.96489			6
2024.06.11	00:45:29.293	0.96488	0.96488			6
2024.06.11	00:45:29.502	0.96487	0.96487			6
2024.06.11	00:45:29.533	0.96488	0.96488			6
2024.06.11	00:45:29.593	0.96483	0.96483			6
2024.06.11	00:45:29.623	0.96485	0.96485			6
2024.06.11	00:45:29.653	0.96483	0.96483			6
2024.06.11	00:45:29.683	0.96482	0.96482			6
2024.06.11	00:45:29.803	0.96484	0.96484			6
2024.06.11	00:45:29.893	0.96481	0.96481			6
2024.06.11	00:45:29.923	0.96483	0.96483			6
2024.06.11	00:45:29.953	0.96482	0.96482			6
2024.06.11	00:45:29.982	0.96483	0.96483			6
2024.06.11	00:45:30.013	0.96482	0.96482			6
2024.06.11	00:45:30.044	0.96483	0.96483			6
2024.06.11	00:45:30.194	0.96481	0.96481			6
2024.06.11	00:45:30.254	0.96482	0.96482			6
2024.06.11	00:45:30.285	0.96481	0.96481			6
2024.06.11	00:45:30.507	0.96480	0.96480			6
2024.06.11	00:45:30.537	0.96482	0.96482			6
2024.06.11	00:45:32.487	0.96483	0.96483			6
2024.06.11	00:45:32.846	0.96486	0.96486			6
2024.06.11	00:45:33.103	0.96485	0.96485			6
2024.06.11	00:45:33.134	0.96486	0.96486			6
2024.06.11	00:45:33.223	0.96487	0.96487			6
2024.06.11	00:45:33.547	0.96486	0.96486			6
2024.06.11	00:45:34.659	0.96487	0.96487			6
2024.06.11	00:45:34.986	0.96488	0.96488			6
2024.06.11	00:45:35.016	0.96487	0.96487			6
2024.06.11	00:45:35.046	0.96488	0.96488			6
2024.06.11	00:45:35.237	0.96487	0.96487			6
2024.06.11	00:45:40.049	0.96488	0.96488			6
2024.06.11	00:45:40.109	0.96487	0.96487			6
2024.06.11	00:45:40.478	0.96486	0.96486			6
2024.06.11	00:45:40.508	0.96487	0.96487			6
2024.06.11	00:45:41.119	0.96489	0.96489			6
2024.06.11	00:45:41.539	0.96492	0.96492			6
2024.06.11	00:45:41.949	0.96488	0.96488			6
2024.06.11	00:45:42.551	0.96489	0.96489			6
2024.06.11	00:45:42.860	0.96492	0.96492			6
2024.06.11	00:45:43.563	0.96488	0.96488			6
2024.06.11	00:45:43.712	0.96494	0.96494			6
2024.06.11	00:45:44.678	0.96495	0.96495			6
2024.06.11	00:45:45.441	0.96493	0.96493			6
2024.06.11	00:45:45.531	0.96494	0.96494			6
2024.06.11	00:45:47.984	0.96489	0.96489			6
2024.06.11	00:45:48.014	0.96488	0.96488			6
2024.06.11	00:45:48.044	0.96487	0.96487			6
2024.06.11	00:45:48.074	0.96488	0.96488			6
2024.06.11	00:45:48.154	0.96487	0.96487			6
2024.06.11	00:45:48.274	0.96488	0.96488			6
2024.06.11	00:45:48.532	0.96487	0.96487			6
2024.06.11	00:45:48.746	0.96488	0.96488			6
2024.06.11	00:45:49.243	0.96489	0.96489			6
2024.06.11	00:45:50.160	0.96492	0.96492			6
2024.06.11	00:45:51.067	0.96489	0.96489			6
2024.06.11	00:45:57.369	0.96490	0.96490			6
2024.06.11	00:46:00.058	0.96489	0.96489			6
2024.06.11	00:46:00.370	0.96490	0.96490			6
2024.06.11	00:46:00.630	0.96492	0.96492			6
2024.06.11	00:46:01.990	0.96495	0.96495			6
2024.06.11	00:46:02.075	0.96496	0.96496			6
2024.06.11	00:46:02.305	0.96493	0.96493			6
2024.06.11	00:46:06.338	0.96492	0.96492			6
2024.06.11	00:46:08.575	0.96491	0.96491			6
2024.06.11	00:46:08.636	0.96490	0.96490			6
2024.06.11	00:46:08.726	0.96491	0.96491			6
2024.06.11	00:46:11.035	0.96493	0.96493			6
2024.06.11	00:46:11.066	0.96492	0.96492			6
2024.06.11	00:46:12.757	0.96491	0.96491			6
2024.06.11	00:46:15.435	0.96490	0.96490			6
2024.06.11	00:46:17.518	0.96491	0.96491			6
2024.06.11	00:46:17.770	0.96493	0.96493			6
2024.06.11	00:46:18.058	0.96495	0.96495			6
2024.06.11	00:46:18.587	0.96493	0.96493			6
2024.06.11	00:46:19.041	0.96482	0.96482			6
2024.06.11	00:46:19.071	0.96483	0.96483			6
2024.06.11	00:46:19.665	0.96484	0.96484			6
2024.06.11	00:46:19.696	0.96485	0.96485			6
2024.06.11	00:46:19.949	0.96484	0.96484			6
2024.06.11	00:46:20.112	0.96483	0.96483			6
2024.06.11	00:46:22.044	0.96484	0.96484			6
2024.06.11	00:46:22.882	0.96485	0.96485			6
2024.06.11	00:46:24.917	0.96484	0.96484			6
2024.06.11	00:46:28.434	0.96485	0.96485			6
2024.06.11	00:46:29.314	0.96494	0.96494			6
2024.06.11	00:46:29.344	0.96491	0.96491			6
2024.06.11	00:46:29.374	0.96494	0.96494			6
2024.06.11	00:46:29.405	0.96490	0.96490			6
2024.06.11	00:46:29.464	0.96491	0.96491			6
2024.06.11	00:46:29.493	0.96494	0.96494			6
2024.06.11	00:46:29.558	0.96497	0.96497			6
2024.06.11	00:46:29.583	0.96496	0.96496			6
2024.06.11	00:46:29.613	0.96499	0.96499			6
2024.06.11	00:46:29.643	0.96500	0.96500			6
2024.06.11	00:46:29.675	0.96499	0.96499			6
2024.06.11	00:46:29.704	0.96505	0.96505			6
2024.06.11	00:46:29.735	0.96500	0.96500			6
2024.06.11	00:46:29.764	0.96499	0.96499			6
2024.06.11	00:46:29.794	0.96500	0.96500			6
2024.06.11	00:46:29.824	0.96502	0.96502			6
2024.06.11	00:46:29.854	0.96508	0.96508			6
2024.06.11	00:46:29.943	0.96516	0.96516			6
2024.06.11	00:46:30.033	0.96515	0.96515			6
2024.06.11	00:46:30.163	0.96514	0.96514			6
2024.06.11	00:46:30.444	0.96512	0.96512			6
2024.06.11	00:46:30.504	0.96511	0.96511			6
2024.06.11	00:46:31.070	0.96509	0.96509			6
2024.06.11	00:46:31.130	0.96515	0.96515			6
2024.06.11	00:46:31.191	0.96508	0.96508			6
2024.06.11	00:46:31.251	0.96505	0.96505			6
2024.06.11	00:46:31.341	0.96507	0.96507			6
2024.06.11	00:46:31.432	0.96511	0.96511			6
2024.06.11	00:46:31.513	0.96512	0.96512			6
2024.06.11	00:46:32.606	0.96513	0.96513			6
2024.06.11	00:46:32.874	0.96514	0.96514			6
2024.06.11	00:46:34.664	0.96513	0.96513			6
2024.06.11	00:46:37.023	0.96512	0.96512			6
2024.06.11	00:46:37.400	0.96513	0.96513			6
2024.06.11	00:46:37.852	0.96512	0.96512			6
2024.06.11	00:46:38.565	0.96513	0.96513			6
2024.06.11	00:46:40.200	0.96517	0.96517			6
2024.06.11	00:46:41.778	0.96518	0.96518			6
2024.06.11	00:46:42.344	0.96512	0.96512			6
2024.06.11	00:46:42.374	0.96518	0.96518			6
2024.06.11	00:46:42.434	0.96517	0.96517			6
2024.06.11	00:46:42.526	0.96518	0.96518			6
2024.06.11	00:46:43.278	0.96520	0.96520			6
2024.06.11	00:46:44.757	0.96519	0.96519			6
2024.06.11	00:46:45.888	0.96520	0.96520			6
2024.06.11	00:46:46.037	0.96519	0.96519			6
2024.06.11	00:46:46.127	0.96521	0.96521			6
2024.06.11	00:46:46.764	0.96524	0.96524			6
2024.06.11	00:46:47.018	0.96525	0.96525			6
2024.06.11	00:46:47.198	0.96524	0.96524			6
2024.06.11	00:46:47.312	0.96523	0.96523			6
2024.06.11	00:46:48.015	0.96525	0.96525			6
2024.06.11	00:46:50.740	0.96524	0.96524			6
2024.06.11	00:46:51.667	0.96523	0.96523			6
2024.06.11	00:46:51.713	0.96522	0.96522			6
2024.06.11	00:46:51.933	0.96523	0.96523			6
2024.06.11	00:46:52.023	0.96515	0.96515			6
2024.06.11	00:46:52.053	0.96509	0.96509			6
2024.06.11	00:46:52.293	0.96507	0.96507			6
2024.06.11	00:46:53.092	0.96505	0.96505			6
2024.06.11	00:46:53.430	0.96512	0.96512			6
2024.06.11	00:46:53.459	0.96513	0.96513			6
2024.06.11	00:46:53.579	0.96520	0.96520			6
2024.06.11	00:46:54.265	0.96521	0.96521			6
2024.06.11	00:46:55.689	0.96519	0.96519			6
2024.06.11	00:46:55.969	0.96518	0.96518			6
2024.06.11	00:46:56.389	0.96520	0.96520			6
2024.06.11	00:46:56.705	0.96522	0.96522			6
2024.06.11	00:46:57.123	0.96521	0.96521			6
2024.06.11	00:46:57.763	0.96520	0.96520			6
2024.06.11	00:46:57.869	0.96521	0.96521			6
2024.06.11	00:47:00.186	0.96522	0.96522			6
2024.06.11	00:47:00.254	0.96521	0.96521			6
2024.06.11	00:47:00.467	0.96519	0.96519			6
2024.06.11	00:47:00.736	0.96520	0.96520			6
2024.06.11	00:47:00.827	0.96521	0.96521			6
2024.06.11	00:47:01.371	0.96522	0.96522			6
2024.06.11	00:47:01.430	0.96521	0.96521			6
2024.06.11	00:47:03.476	0.96520	0.96520			6
2024.06.11	00:47:04.513	0.96521	0.96521			6
2024.06.11	00:47:05.005	0.96520	0.96520			6
2024.06.11	00:47:05.862	0.96522	0.96522			6
2024.06.11	00:47:11.588	0.96516	0.96516			6
2024.06.11	00:47:13.683	0.96519	0.96519			6
2024.06.11	00:47:18.263	0.96522	0.96522			6
2024.06.11	00:47:19.338	0.96520	0.96520			6
2024.06.11	00:47:19.397	0.96519	0.96519			6
2024.06.11	00:47:19.458	0.96520	0.96520			6
2024.06.11	00:47:19.904	0.96521	0.96521			6
2024.06.11	00:47:19.995	0.96519	0.96519			6
2024.06.11	00:47:20.403	0.96518	0.96518			6
2024.06.11	00:47:20.965	0.96517	0.96517			6
2024.06.11	00:47:23.283	0.96516	0.96516			6
2024.06.11	00:47:24.959	0.96515	0.96515			6
2024.06.11	00:47:29.993	0.96516	0.96516			6
2024.06.11	00:47:30.054	0.96514	0.96514			6
2024.06.11	00:47:30.269	0.96516	0.96516			6
2024.06.11	00:47:30.329	0.96514	0.96514			6
2024.06.11	00:47:31.384	0.96515	0.96515			6
2024.06.11	00:47:34.697	0.96514	0.96514			6
2024.06.11	00:47:34.728	0.96515	0.96515			6
2024.06.11	00:47:35.088	0.96516	0.96516			6
2024.06.11	00:47:39.364	0.96514	0.96514			6
2024.06.11	00:47:39.666	0.96515	0.96515			6
2024.06.11	00:47:39.725	0.96514	0.96514			6
2024.06.11	00:47:40.951	0.96515	0.96515			6
2024.06.11	00:47:41.047	0.96516	0.96516			6
2024.06.11	00:47:42.298	0.96515	0.96515			6
2024.06.11	00:47:42.390	0.96518	0.96518			6
2024.06.11	00:47:46.053	0.96519	0.96519			6
2024.06.11	00:47:46.551	0.96517	0.96517			6
2024.06.11	00:47:46.982	0.96520	0.96520			6
2024.06.11	00:47:47.246	0.96517	0.96517			6
2024.06.11	00:47:47.534	0.96518	0.96518			6
2024.06.11	00:47:48.047	0.96519	0.96519			6
2024.06.11	00:47:48.548	0.96516	0.96516			6
2024.06.11	00:47:48.617	0.96517	0.96517			6
2024.06.11	00:47:48.648	0.96516	0.96516			6
2024.06.11	00:47:49.390	0.96515	0.96515			6
2024.06.11	00:47:50.442	0.96516	0.96516			6
2024.06.11	00:47:53.074	0.96515	0.96515			6
2024.06.11	00:47:53.377	0.96516	0.96516			6
2024.06.11	00:47:53.654	0.96515	0.96515			6
2024.06.11	00:47:55.405	0.96513	0.96513			6
2024.06.11	00:47:56.554	0.96515	0.96515			6
2024.06.11	00:47:57.161	0.96514	0.96514			6
2024.06.11	00:48:00.070	0.96513	0.96513			6
2024.06.11	00:48:02.370	0.96512	0.96512			6
2024.06.11	00:48:07.584	0.96510	0.96510			6
2024.06.11	00:48:07.644	0.96512	0.96512			6
2024.06.11	00:48:08.106	0.96501	0.96501			6
2024.06.11	00:48:08.136	0.96500	0.96500			6
2024.06.11	00:48:08.166	0.96494	0.96494			6
2024.06.11	00:48:08.197	0.96492	0.96492			6
2024.06.11	00:48:09.184	0.96494	0.96494			6
2024.06.11	00:48:10.076	0.96493	0.96493			6
2024.06.11	00:48:10.903	0.96492	0.96492			6
2024.06.11	00:48:10.933	0.96484	0.96484			6
2024.06.11	00:48:10.993	0.96488	0.96488			6
2024.06.11	00:48:11.083	0.96481	0.96481			6
2024.06.11	00:48:11.173	0.96486	0.96486			6
2024.06.11	00:48:11.234	0.96485	0.96485			6
2024.06.11	00:48:11.263	0.96486	0.96486			6
2024.06.11	00:48:11.293	0.96485	0.96485			6
2024.06.11	00:48:11.323	0.96486	0.96486			6
2024.06.11	00:48:11.383	0.96499	0.96499			6
2024.06.11	00:48:11.413	0.96501	0.96501			6
2024.06.11	00:48:11.473	0.96502	0.96502			6
2024.06.11	00:48:11.503	0.96501	0.96501			6
2024.06.11	00:48:11.534	0.96500	0.96500			6
2024.06.11	00:48:11.565	0.96501	0.96501			6
2024.06.11	00:48:11.852	0.96498	0.96498			6
2024.06.11	00:48:11.882	0.96501	0.96501			6
2024.06.11	00:48:11.918	0.96500	0.96500			6
2024.06.11	00:48:12.837	0.96501	0.96501			6
2024.06.11	00:48:12.918	0.96495	0.96495			6
2024.06.11	00:48:12.948	0.96496	0.96496			6
2024.06.11	00:48:13.008	0.96492	0.96492			6
2024.06.11	00:48:13.099	0.96491	0.96491			6
2024.06.11	00:48:13.130	0.96493	0.96493			6
2024.06.11	00:48:13.189	0.96492	0.96492			6
2024.06.11	00:48:13.445	0.96493	0.96493			6
2024.06.11	00:48:13.707	0.96491	0.96491			6
2024.06.11	00:48:13.928	0.96488	0.96488			6
2024.06.11	00:48:14.216	0.96492	0.96492			6
2024.06.11	00:48:14.284	0.96491	0.96491			6
2024.06.11	00:48:14.921	0.96493	0.96493			6
2024.06.11	00:48:15.101	0.96492	0.96492			6
2024.06.11	00:48:15.359	0.96493	0.96493			6
2024.06.11	00:48:15.389	0.96492	0.96492			6
2024.06.11	00:48:15.419	0.96493	0.96493			6
2024.06.11	00:48:15.539	0.96490	0.96490			6
2024.06.11	00:48:16.079	0.96492	0.96492			6
2024.06.11	00:48:16.139	0.96493	0.96493			6
2024.06.11	00:48:16.229	0.96492	0.96492			6
2024.06.11	00:48:16.575	0.96493	0.96493			6
2024.06.11	00:48:16.970	0.96494	0.96494			6
2024.06.11	00:48:17.579	0.96493	0.96493			6
2024.06.11	00:48:18.357	0.96492	0.96492			6
2024.06.11	00:48:18.462	0.96493	0.96493			6
2024.06.11	00:48:19.118	0.96494	0.96494			6
2024.06.11	00:48:19.432	0.96490	0.96490			6
2024.06.11	00:48:19.603	0.96485	0.96485			6
2024.06.11	00:48:19.663	0.96484	0.96484			6
2024.06.11	00:48:19.693	0.96482	0.96482			6
2024.06.11	00:48:19.962	0.96483	0.96483			6
2024.06.11	00:48:19.992	0.96487	0.96487			6
2024.06.11	00:48:20.052	0.96486	0.96486			6
2024.06.11	00:48:20.203	0.96485	0.96485			6
2024.06.11	00:48:20.638	0.96486	0.96486			6
2024.06.11	00:48:20.981	0.96485	0.96485			6
2024.06.11	00:48:21.070	0.96481	0.96481			6
2024.06.11	00:48:21.482	0.96482	0.96482			6
2024.06.11	00:48:21.512	0.96483	0.96483			6
2024.06.11	00:48:23.079	0.96481	0.96481			6
2024.06.11	00:48:23.128	0.96482	0.96482			6
2024.06.11	00:48:23.158	0.96483	0.96483			6
2024.06.11	00:48:23.381	0.96482	0.96482			6
2024.06.11	00:48:24.253	0.96481	0.96481			6
2024.06.11	00:48:25.184	0.96483	0.96483			6
2024.06.11	00:48:28.998	0.96482	0.96482			6
2024.06.11	00:48:29.192	0.96483	0.96483			6
2024.06.11	00:48:30.057	0.96484	0.96484			6
2024.06.11	00:48:30.314	0.96483	0.96483			6
2024.06.11	00:48:30.434	0.96485	0.96485			6
2024.06.11	00:48:31.926	0.96484	0.96484			6
2024.06.11	00:48:31.956	0.96486	0.96486			6
2024.06.11	00:48:32.651	0.96485	0.96485			6
2024.06.11	00:48:33.667	0.96483	0.96483			6
2024.06.11	00:48:34.003	0.96482	0.96482			6
2024.06.11	00:48:34.054	0.96483	0.96483			6
2024.06.11	00:48:35.608	0.96496	0.96496			6
2024.06.11	00:48:35.639	0.96498	0.96498			6
2024.06.11	00:48:35.668	0.96497	0.96497			6
2024.06.11	00:48:35.699	0.96494	0.96494			6
2024.06.11	00:48:35.729	0.96492	0.96492			6
2024.06.11	00:48:35.759	0.96494	0.96494			6
2024.06.11	00:48:36.139	0.96492	0.96492			6
2024.06.11	00:48:36.437	0.96491	0.96491			6
2024.06.11	00:48:36.513	0.96485	0.96485			6
2024.06.11	00:48:36.638	0.96483	0.96483			6
2024.06.11	00:48:36.727	0.96485	0.96485			6
2024.06.11	00:48:36.790	0.96486	0.96486			6
2024.06.11	00:48:36.819	0.96488	0.96488			6
2024.06.11	00:48:36.849	0.96487	0.96487			6
2024.06.11	00:48:37.289	0.96488	0.96488			6
2024.06.11	00:48:37.643	0.96489	0.96489			6
2024.06.11	00:48:37.673	0.96488	0.96488			6
2024.06.11	00:48:37.734	0.96487	0.96487			6
2024.06.11	00:48:37.914	0.96488	0.96488			6
2024.06.11	00:48:38.068	0.96487	0.96487			6
2024.06.11	00:48:38.214	0.96488	0.96488			6
2024.06.11	00:48:39.012	0.96487	0.96487			6
2024.06.11	00:48:39.206	0.96488	0.96488			6
2024.06.11	00:48:43.898	0.96490	0.96490			6
2024.06.11	00:48:43.957	0.96489	0.96489			6
2024.06.11	00:48:44.118	0.96490	0.96490			6
2024.06.11	00:48:44.449	0.96491	0.96491			6
2024.06.11	00:48:44.522	0.96490	0.96490			6
2024.06.11	00:48:45.035	0.96491	0.96491			6
2024.06.11	00:48:45.065	0.96490	0.96490			6
2024.06.11	00:48:45.095	0.96491	0.96491			6
2024.06.11	00:48:45.124	0.96490	0.96490			6
2024.06.11	00:48:45.154	0.96491	0.96491			6
2024.06.11	00:48:45.184	0.96490	0.96490			6
2024.06.11	00:48:45.214	0.96491	0.96491			6
2024.06.11	00:48:45.372	0.96490	0.96490			6
2024.06.11	00:48:45.404	0.96491	0.96491			6
2024.06.11	00:48:45.660	0.96490	0.96490			6
2024.06.11	00:48:45.772	0.96491	0.96491			6
2024.06.11	00:48:45.892	0.96498	0.96498			6
2024.06.11	00:48:45.922	0.96496	0.96496			6
2024.06.11	00:48:45.952	0.96495	0.96495			6
2024.06.11	00:48:45.983	0.96494	0.96494			6
2024.06.11	00:48:46.013	0.96490	0.96490			6
2024.06.11	00:48:46.043	0.96491	0.96491			6
2024.06.11	00:48:46.072	0.96494	0.96494			6
2024.06.11	00:48:46.435	0.96495	0.96495			6
2024.06.11	00:48:46.464	0.96490	0.96490			6
2024.06.11	00:48:47.930	0.96491	0.96491			6
2024.06.11	00:48:48.123	0.96498	0.96498			6
2024.06.11	00:48:48.153	0.96497	0.96497			6
2024.06.11	00:48:48.184	0.96496	0.96496			6
2024.06.11	00:48:48.213	0.96497	0.96497			6
2024.06.11	00:48:48.243	0.96494	0.96494			6
2024.06.11	00:48:48.273	0.96493	0.96493			6
2024.06.11	00:48:48.303	0.96494	0.96494			6
2024.06.11	00:48:48.333	0.96492	0.96492			6
2024.06.11	00:48:48.364	0.96495	0.96495			6
2024.06.11	00:48:48.394	0.96494	0.96494			6
2024.06.11	00:48:48.424	0.96495	0.96495			6
2024.06.11	00:48:48.455	0.96498	0.96498			6
2024.06.11	00:48:48.484	0.96496	0.96496			6
2024.06.11	00:48:48.544	0.96497	0.96497			6
2024.06.11	00:48:48.796	0.96492	0.96492			6
2024.06.11	00:48:48.948	0.96496	0.96496			6
2024.06.11	00:48:48.978	0.96494	0.96494			6
2024.06.11	00:48:49.069	0.96493	0.96493			6
2024.06.11	00:48:49.098	0.96488	0.96488			6
2024.06.11	00:48:49.340	0.96490	0.96490			6
2024.06.11	00:48:49.430	0.96488	0.96488			6
2024.06.11	00:48:49.459	0.96490	0.96490			6
2024.06.11	00:48:49.519	0.96494	0.96494			6
2024.06.11	00:48:49.551	0.96495	0.96495			6
2024.06.11	00:48:49.580	0.96496	0.96496			6
2024.06.11	00:48:49.611	0.96497	0.96497			6
2024.06.11	00:48:49.641	0.96496	0.96496			6
2024.06.11	00:48:49.760	0.96495	0.96495			6
2024.06.11	00:48:49.790	0.96494	0.96494			6
2024.06.11	00:48:49.850	0.96498	0.96498			6
2024.06.11	00:48:50.047	0.96495	0.96495			6
2024.06.11	00:48:50.168	0.96494	0.96494			6
2024.06.11	00:48:50.447	0.96493	0.96493			6
2024.06.11	00:48:50.477	0.96494	0.96494			6
2024.06.11	00:48:50.537	0.96497	0.96497			6
2024.06.11	00:48:50.567	0.96495	0.96495			6
2024.06.11	00:48:50.597	0.96497	0.96497			6
2024.06.11	00:48:50.627	0.96494	0.96494			6
2024.06.11	00:48:50.657	0.96501	0.96501			6
2024.06.11	00:48:50.688	0.96499	0.96499			6
2024.06.11	00:48:50.717	0.96502	0.96502			6
2024.06.11	00:48:50.748	0.96500	0.96500			6
2024.06.11	00:48:50.779	0.96499	0.96499			6
2024.06.11	00:48:50.808	0.96503	0.96503			6
2024.06.11	00:48:50.868	0.96502	0.96502			6
2024.06.11	00:48:51.178	0.96501	0.96501			6
2024.06.11	00:48:51.623	0.96500	0.96500			6
2024.06.11	00:48:52.702	0.96499	0.96499			6
2024.06.11	00:48:52.762	0.96498	0.96498			6
2024.06.11	00:48:52.821	0.96496	0.96496			6
2024.06.11	00:48:53.201	0.96495	0.96495			6
2024.06.11	00:48:53.845	0.96492	0.96492			6
2024.06.11	00:48:54.491	0.96493	0.96493			6
2024.06.11	00:48:54.521	0.96492	0.96492			6
2024.06.11	00:48:54.580	0.96491	0.96491			6
2024.06.11	00:48:54.844	0.96489	0.96489			6
2024.06.11	00:48:54.914	0.96495	0.96495			6
2024.06.11	00:48:54.944	0.96494	0.96494			6
2024.06.11	00:48:55.287	0.96492	0.96492			6
2024.06.11	00:48:55.565	0.96491	0.96491			6
2024.06.11	00:48:55.874	0.96490	0.96490			6
2024.06.11	00:48:55.909	0.96487	0.96487			6
2024.06.11	00:48:56.440	0.96493	0.96493			6
2024.06.11	00:48:56.498	0.96491	0.96491			6
2024.06.11	00:48:56.815	0.96492	0.96492			6
2024.06.11	00:48:56.932	0.96491	0.96491			6
2024.06.11	00:48:56.993	0.96493	0.96493			6
2024.06.11	00:48:57.074	0.96492	0.96492			6
2024.06.11	00:48:57.305	0.96488	0.96488			6
2024.06.11	00:49:01.255	0.96492	0.96492			6
2024.06.11	00:49:01.344	0.96496	0.96496			6
2024.06.11	00:49:01.404	0.96495	0.96495			6
2024.06.11	00:49:01.463	0.96494	0.96494			6
2024.06.11	00:49:01.494	0.96491	0.96491			6
2024.06.11	00:49:01.885	0.96494	0.96494			6
2024.06.11	00:49:01.946	0.96493	0.96493			6
2024.06.11	00:49:02.008	0.96494	0.96494			6
2024.06.11	00:49:02.037	0.96493	0.96493			6
2024.06.11	00:49:02.238	0.96494	0.96494			6
2024.06.11	00:49:02.359	0.96490	0.96490			6
2024.06.11	00:49:02.513	0.96489	0.96489			6
2024.06.11	00:49:02.573	0.96490	0.96490			6
2024.06.11	00:49:03.169	0.96491	0.96491			6
2024.06.11	00:49:03.426	0.96490	0.96490			6
2024.06.11	00:49:05.258	0.96489	0.96489			6
2024.06.11	00:49:05.318	0.96490	0.96490			6
2024.06.11	00:49:05.695	0.96495	0.96495			6
2024.06.11	00:49:05.756	0.96494	0.96494			6
2024.06.11	00:49:05.786	0.96492	0.96492			6
2024.06.11	00:49:06.034	0.96491	0.96491			6
2024.06.11	00:49:06.139	0.96490	0.96490			6
2024.06.11	00:49:06.198	0.96491	0.96491			6
2024.06.11	00:49:06.381	0.96489	0.96489			6
2024.06.11	00:49:06.872	0.96488	0.96488			6
2024.06.11	00:49:06.944	0.96489	0.96489			6
2024.06.11	00:49:07.009	0.96490	0.96490			6
2024.06.11	00:49:07.164	0.96489	0.96489			6
2024.06.11	00:49:07.285	0.96490	0.96490			6
2024.06.11	00:49:08.309	0.96489	0.96489			6
2024.06.11	00:49:08.649	0.96492	0.96492			6
2024.06.11	00:49:09.007	0.96491	0.96491			6
2024.06.11	00:49:09.400	0.96488	0.96488			6
2024.06.11	00:49:09.683	0.96492	0.96492			6
2024.06.11	00:49:09.895	0.96493	0.96493			6
2024.06.11	00:49:10.076	0.96492	0.96492			6
2024.06.11	00:49:10.406	0.96488	0.96488			6
2024.06.11	00:49:10.669	0.96487	0.96487			6
2024.06.11	00:49:10.933	0.96491	0.96491			6
2024.06.11	00:49:11.174	0.96492	0.96492			6
2024.06.11	00:49:11.384	0.96493	0.96493			6
2024.06.11	00:49:11.444	0.96489	0.96489			6
2024.06.11	00:49:11.474	0.96488	0.96488			6
2024.06.11	00:49:13.777	0.96492	0.96492			6
2024.06.11	00:49:14.434	0.96493	0.96493			6
2024.06.11	00:49:14.524	0.96491	0.96491			6
2024.06.11	00:49:14.584	0.96492	0.96492			6
2024.06.11	00:49:14.742	0.96491	0.96491			6
2024.06.11	00:49:14.923	0.96489	0.96489			6
2024.06.11	00:49:15.043	0.96490	0.96490			6
2024.06.11	00:49:15.104	0.96489	0.96489			6
2024.06.11	00:49:15.254	0.96490	0.96490			6
2024.06.11	00:49:15.474	0.96492	0.96492			6
2024.06.11	00:49:15.563	0.96491	0.96491			6
2024.06.11	00:49:15.789	0.96492	0.96492			6
2024.06.11	00:49:16.061	0.96489	0.96489			6
2024.06.11	00:49:17.288	0.96488	0.96488			6
2024.06.11	00:49:18.174	0.96489	0.96489			6
2024.06.11	00:49:21.747	0.96488	0.96488			6
2024.06.11	00:49:21.841	0.96494	0.96494			6
2024.06.11	00:49:21.872	0.96493	0.96493			6
2024.06.11	00:49:22.175	0.96492	0.96492			6
2024.06.11	00:49:22.310	0.96497	0.96497			6
2024.06.11	00:49:22.370	0.96494	0.96494			6
2024.06.11	00:49:22.461	0.96493	0.96493			6
2024.06.11	00:49:22.492	0.96494	0.96494			6
2024.06.11	00:49:22.551	0.96495	0.96495			6
2024.06.11	00:49:22.581	0.96496	0.96496			6
2024.06.11	00:49:22.643	0.96494	0.96494			6
2024.06.11	00:49:22.673	0.96495	0.96495			6
2024.06.11	00:49:23.027	0.96498	0.96498			6
2024.06.11	00:49:23.086	0.96497	0.96497			6
2024.06.11	00:49:23.197	0.96493	0.96493			6
2024.06.11	00:49:23.452	0.96497	0.96497			6
2024.06.11	00:49:23.511	0.96496	0.96496			6
2024.06.11	00:49:23.543	0.96490	0.96490			6
2024.06.11	00:49:24.084	0.96491	0.96491			6
2024.06.11	00:49:24.369	0.96492	0.96492			6
2024.06.11	00:49:24.420	0.96491	0.96491			6
2024.06.11	00:49:24.481	0.96492	0.96492			6
2024.06.11	00:49:24.511	0.96493	0.96493			6
2024.06.11	00:49:24.542	0.96498	0.96498			6
2024.06.11	00:49:24.704	0.96497	0.96497			6
2024.06.11	00:49:24.733	0.96495	0.96495			6
2024.06.11	00:49:24.763	0.96490	0.96490			6
2024.06.11	00:49:24.793	0.96493	0.96493			6
2024.06.11	00:49:24.823	0.96495	0.96495			6
2024.06.11	00:49:24.945	0.96492	0.96492			6
2024.06.11	00:49:24.975	0.96487	0.96487			6
2024.06.11	00:49:25.125	0.96488	0.96488			6
2024.06.11	00:49:25.224	0.96489	0.96489			6
2024.06.11	00:49:25.254	0.96491	0.96491			6
2024.06.11	00:49:25.404	0.96492	0.96492			6
2024.06.11	00:49:26.256	0.96493	0.96493			6
2024.06.11	00:49:26.345	0.96492	0.96492			6
2024.06.11	00:49:26.930	0.96495	0.96495			6
2024.06.11	00:49:26.990	0.96494	0.96494			6
2024.06.11	00:49:27.020	0.96493	0.96493			6
2024.06.11	00:49:27.050	0.96495	0.96495			6
2024.06.11	00:49:27.080	0.96494	0.96494			6
2024.06.11	00:49:27.310	0.96497	0.96497			6
2024.06.11	00:49:27.500	0.96496	0.96496			6
2024.06.11	00:49:27.562	0.96494	0.96494			6
2024.06.11	00:49:27.692	0.96495	0.96495			6
2024.06.11	00:49:27.812	0.96493	0.96493			6
2024.06.11	00:49:27.841	0.96492	0.96492			6
2024.06.11	00:49:27.872	0.96493	0.96493			6
2024.06.11	00:49:27.992	0.96494	0.96494			6
2024.06.11	00:49:28.052	0.96493	0.96493			6
2024.06.11	00:49:28.300	0.96495	0.96495			6
2024.06.11	00:49:28.560	0.96498	0.96498			6
2024.06.11	00:49:28.650	0.96496	0.96496			6
2024.06.11	00:49:28.711	0.96495	0.96495			6
2024.06.11	00:49:28.741	0.96494	0.96494			6
2024.06.11	00:49:28.770	0.96495	0.96495			6
2024.06.11	00:49:28.800	0.96494	0.96494			6
2024.06.11	00:49:28.890	0.96492	0.96492			6
2024.06.11	00:49:28.920	0.96493	0.96493			6
2024.06.11	00:49:28.950	0.96495	0.96495			6
2024.06.11	00:49:28.980	0.96490	0.96490			6
2024.06.11	00:49:29.011	0.96493	0.96493			6
2024.06.11	00:49:29.071	0.96495	0.96495			6
2024.06.11	00:49:29.131	0.96494	0.96494			6
2024.06.11	00:49:29.160	0.96493	0.96493			6
2024.06.11	00:49:29.310	0.96494	0.96494			6
2024.06.11	00:49:29.339	0.96493	0.96493			6
2024.06.11	00:49:29.465	0.96496	0.96496			6
2024.06.11	00:49:29.657	0.96492	0.96492			6
2024.06.11	00:49:29.687	0.96497	0.96497			6
2024.06.11	00:49:29.717	0.96494	0.96494			6
2024.06.11	00:49:29.747	0.96492	0.96492			6
2024.06.11	00:49:29.778	0.96494	0.96494			6
2024.06.11	00:49:29.994	0.96489	0.96489			6
2024.06.11	00:49:30.081	0.96499	0.96499			6
2024.06.11	00:49:30.111	0.96498	0.96498			6
2024.06.11	00:49:30.142	0.96499	0.96499			6
2024.06.11	00:49:30.172	0.96498	0.96498			6
2024.06.11	00:49:30.201	0.96497	0.96497			6
2024.06.11	00:49:30.232	0.96495	0.96495			6
2024.06.11	00:49:30.262	0.96496	0.96496			6
2024.06.11	00:49:30.450	0.96497	0.96497			6
2024.06.11	00:49:30.480	0.96495	0.96495			6
2024.06.11	00:49:30.542	0.96494	0.96494			6
2024.06.11	00:49:30.721	0.96493	0.96493			6
2024.06.11	00:49:30.751	0.96490	0.96490			6
2024.06.11	00:49:30.878	0.96491	0.96491			6
2024.06.11	00:49:30.908	0.96492	0.96492			6
2024.06.11	00:49:31.257	0.96494	0.96494			6
2024.06.11	00:49:31.288	0.96495	0.96495			6
2024.06.11	00:49:31.390	0.96494	0.96494			6
2024.06.11	00:49:31.668	0.96495	0.96495			6
2024.06.11	00:49:31.729	0.96493	0.96493			6
2024.06.11	00:49:31.955	0.96494	0.96494			6
2024.06.11	00:49:32.435	0.96495	0.96495			6
2024.06.11	00:49:32.675	0.96493	0.96493			6
2024.06.11	00:49:33.174	0.96494	0.96494			6
2024.06.11	00:49:33.467	0.96493	0.96493			6
2024.06.11	00:49:33.588	0.96494	0.96494			6
2024.06.11	00:49:34.331	0.96493	0.96493			6
2024.06.11	00:49:34.742	0.96491	0.96491			6
2024.06.11	00:49:35.345	0.96492	0.96492			6
2024.06.11	00:49:35.375	0.96491	0.96491			6
2024.06.11	00:49:35.559	0.96495	0.96495			6
2024.06.11	00:49:35.815	0.96490	0.96490			6
2024.06.11	00:49:36.337	0.96491	0.96491			6
2024.06.11	00:49:36.368	0.96490	0.96490			6
2024.06.11	00:49:39.823	0.96491	0.96491			6
2024.06.11	00:49:44.643	0.96492	0.96492			6
2024.06.11	00:49:44.775	0.96491	0.96491			6
2024.06.11	00:49:44.844	0.96492	0.96492			6
2024.06.11	00:49:45.122	0.96491	0.96491			6
2024.06.11	00:49:45.787	0.96490	0.96490			6
2024.06.11	00:49:46.087	0.96488	0.96488			6
2024.06.11	00:49:46.372	0.96491	0.96491			6
2024.06.11	00:49:47.791	0.96490	0.96490			6
2024.06.11	00:49:48.266	0.96491	0.96491			6
2024.06.11	00:49:48.657	0.96495	0.96495			6
2024.06.11	00:49:50.743	0.96491	0.96491			6
2024.06.11	00:49:52.507	0.96492	0.96492			6
2024.06.11	00:49:52.717	0.96491	0.96491			6
2024.06.11	00:49:52.812	0.96495	0.96495			6
2024.06.11	00:49:53.001	0.96496	0.96496			6
2024.06.11	00:49:53.247	0.96492	0.96492			6
2024.06.11	00:49:53.277	0.96491	0.96491			6
2024.06.11	00:50:07.528	0.96490	0.96490			6
2024.06.11	00:50:07.960	0.96496	0.96496			6
2024.06.11	00:50:08.160	0.96495	0.96495			6
2024.06.11	00:50:08.667	0.96494	0.96494			6
2024.06.11	00:50:09.108	0.96493	0.96493			6
2024.06.11	00:50:09.174	0.96494	0.96494			6
2024.06.11	00:50:12.163	0.96490	0.96490			6
2024.06.11	00:50:12.193	0.96487	0.96487			6
2024.06.11	00:50:12.670	0.96485	0.96485			6
2024.06.11	00:50:12.729	0.96486	0.96486			6
2024.06.11	00:50:12.905	0.96485	0.96485			6
2024.06.11	00:50:13.026	0.96486	0.96486			6
2024.06.11	00:50:13.057	0.96484	0.96484			6
2024.06.11	00:50:13.176	0.96485	0.96485			6
2024.06.11	00:50:13.324	0.96484	0.96484			6
2024.06.11	00:50:13.354	0.96478	0.96478			6
2024.06.11	00:50:13.414	0.96479	0.96479			6
2024.06.11	00:50:14.198	0.96483	0.96483			6
2024.06.11	00:50:14.260	0.96482	0.96482			6
2024.06.11	00:50:14.658	0.96485	0.96485			6
2024.06.11	00:50:17.542	0.96482	0.96482			6
2024.06.11	00:50:17.994	0.96485	0.96485			6
2024.06.11	00:50:23.109	0.96484	0.96484			6
2024.06.11	00:50:23.169	0.96485	0.96485			6
2024.06.11	00:50:25.175	0.96481	0.96481			6
2024.06.11	00:50:26.578	0.96483	0.96483			6
2024.06.11	00:50:29.501	0.96481	0.96481			6
2024.06.11	00:50:31.059	0.96486	0.96486			6
2024.06.11	00:50:32.394	0.96485	0.96485			6
2024.06.11	00:50:32.684	0.96484	0.96484			6
2024.06.11	00:50:33.141	0.96483	0.96483			6
2024.06.11	00:50:34.651	0.96484	0.96484			6
2024.06.11	00:50:38.997	0.96482	0.96482			6
2024.06.11	00:50:42.889	0.96483	0.96483			6
2024.06.11	00:50:45.761	0.96484	0.96484			6
2024.06.11	00:50:46.287	0.96485	0.96485			6
2024.06.11	00:50:50.145	0.96486	0.96486			6
2024.06.11	00:50:50.206	0.96485	0.96485			6
2024.06.11	00:50:50.326	0.96478	0.96478			6
2024.06.11	00:50:51.000	0.96481	0.96481			6
2024.06.11	00:50:51.030	0.96480	0.96480			6
2024.06.11	00:50:51.060	0.96481	0.96481			6
2024.06.11	00:50:51.090	0.96480	0.96480			6
2024.06.11	00:50:51.119	0.96481	0.96481			6
2024.06.11	00:50:51.150	0.96478	0.96478			6
2024.06.11	00:50:51.180	0.96480	0.96480			6
2024.06.11	00:50:51.210	0.96482	0.96482			6
2024.06.11	00:50:51.299	0.96481	0.96481			6
2024.06.11	00:50:51.361	0.96492	0.96492			6
2024.06.11	00:50:51.391	0.96491	0.96491			6
2024.06.11	00:50:51.421	0.96495	0.96495			6
2024.06.11	00:50:51.450	0.96493	0.96493			6
2024.06.11	00:50:51.480	0.96496	0.96496			6
2024.06.11	00:50:51.510	0.96495	0.96495			6
2024.06.11	00:50:51.540	0.96494	0.96494			6
2024.06.11	00:50:51.570	0.96493	0.96493			6
2024.06.11	00:50:51.599	0.96491	0.96491			6
2024.06.11	00:50:51.629	0.96493	0.96493			6
2024.06.11	00:50:51.712	0.96495	0.96495			6
2024.06.11	00:50:51.923	0.96496	0.96496			6
2024.06.11	00:50:51.953	0.96493	0.96493			6
2024.06.11	00:50:51.984	0.96494	0.96494			6
2024.06.11	00:50:52.044	0.96495	0.96495			6
2024.06.11	00:50:52.105	0.96497	0.96497			6
2024.06.11	00:50:52.135	0.96500	0.96500			6
2024.06.11	00:50:52.164	0.96499	0.96499			6
2024.06.11	00:50:52.194	0.96501	0.96501			6
2024.06.11	00:50:52.224	0.96497	0.96497			6
2024.06.11	00:50:52.345	0.96499	0.96499			6
2024.06.11	00:50:52.435	0.96498	0.96498			6
2024.06.11	00:50:52.465	0.96499	0.96499			6
2024.06.11	00:50:52.496	0.96504	0.96504			6
2024.06.11	00:50:52.705	0.96503	0.96503			6
2024.06.11	00:50:52.765	0.96507	0.96507			6
2024.06.11	00:50:52.795	0.96500	0.96500			6
2024.06.11	00:50:52.856	0.96499	0.96499			6
2024.06.11	00:50:53.084	0.96505	0.96505			6
2024.06.11	00:50:53.173	0.96500	0.96500			6
2024.06.11	00:50:53.203	0.96501	0.96501			6
2024.06.11	00:50:53.234	0.96504	0.96504			6
2024.06.11	00:50:53.264	0.96503	0.96503			6
2024.06.11	00:50:53.294	0.96504	0.96504			6
2024.06.11	00:50:53.324	0.96507	0.96507			6
2024.06.11	00:50:53.510	0.96500	0.96500			6
2024.06.11	00:50:53.539	0.96501	0.96501			6
2024.06.11	00:50:53.871	0.96502	0.96502			6
2024.06.11	00:50:53.901	0.96507	0.96507			6
2024.06.11	00:50:53.930	0.96508	0.96508			6
2024.06.11	00:50:53.991	0.96507	0.96507			6
2024.06.11	00:50:54.022	0.96506	0.96506			6
2024.06.11	00:50:54.051	0.96508	0.96508			6
2024.06.11	00:50:54.082	0.96505	0.96505			6
2024.06.11	00:50:54.111	0.96507	0.96507			6
2024.06.11	00:50:54.141	0.96505	0.96505			6
2024.06.11	00:50:54.203	0.96507	0.96507			6
2024.06.11	00:50:54.263	0.96505	0.96505			6
2024.06.11	00:50:54.293	0.96507	0.96507			6
2024.06.11	00:50:54.546	0.96508	0.96508			6
2024.06.11	00:50:54.637	0.96509	0.96509			6
2024.06.11	00:50:54.667	0.96511	0.96511			6
2024.06.11	00:50:54.697	0.96510	0.96510			6
2024.06.11	00:50:54.758	0.96512	0.96512			6
2024.06.11	00:50:54.788	0.96511	0.96511			6
2024.06.11	00:50:54.818	0.96510	0.96510			6
2024.06.11	00:50:54.877	0.96512	0.96512			6
2024.06.11	00:50:54.937	0.96509	0.96509			6
2024.06.11	00:50:54.998	0.96510	0.96510			6
2024.06.11	00:50:55.200	0.96509	0.96509			6
2024.06.11	00:50:55.414	0.96508	0.96508			6
2024.06.11	00:50:55.469	0.96509	0.96509			6
2024.06.11	00:50:55.499	0.96505	0.96505			6
2024.06.11	00:50:55.559	0.96508	0.96508			6
2024.06.11	00:50:55.589	0.96507	0.96507			6
2024.06.11	00:50:55.708	0.96506	0.96506			6
2024.06.11	00:50:55.739	0.96505	0.96505			6
2024.06.11	00:50:55.814	0.96500	0.96500			6
2024.06.11	00:50:55.905	0.96501	0.96501			6
2024.06.11	00:50:55.935	0.96502	0.96502			6
2024.06.11	00:50:55.995	0.96503	0.96503			6
2024.06.11	00:50:56.026	0.96502	0.96502			6
2024.06.11	00:50:56.115	0.96503	0.96503			6
2024.06.11	00:50:56.146	0.96502	0.96502			6
2024.06.11	00:50:56.176	0.96503	0.96503			6
2024.06.11	00:50:56.236	0.96501	0.96501			6
2024.06.11	00:50:56.266	0.96508	0.96508			6
2024.06.11	00:50:56.356	0.96507	0.96507			6
2024.06.11	00:50:56.446	0.96508	0.96508			6
2024.06.11	00:50:56.476	0.96507	0.96507			6
2024.06.11	00:50:56.537	0.96508	0.96508			6
2024.06.11	00:50:56.566	0.96507	0.96507			6
2024.06.11	00:50:56.737	0.96508	0.96508			6
2024.06.11	00:50:56.767	0.96506	0.96506			6
2024.06.11	00:50:56.797	0.96509	0.96509			6
2024.06.11	00:50:56.826	0.96507	0.96507			6
2024.06.11	00:50:56.898	0.96509	0.96509			6
2024.06.11	00:50:56.928	0.96505	0.96505			6
2024.06.11	00:50:56.959	0.96506	0.96506			6
2024.06.11	00:50:56.989	0.96505	0.96505			6
2024.06.11	00:50:57.109	0.96506	0.96506			6
2024.06.11	00:50:57.139	0.96505	0.96505			6
2024.06.11	00:50:57.168	0.96506	0.96506			6
2024.06.11	00:50:57.199	0.96505	0.96505			6
2024.06.11	00:50:57.258	0.96506	0.96506			6
2024.06.11	00:50:57.440	0.96507	0.96507			6
2024.06.11	00:50:57.757	0.96504	0.96504			6
2024.06.11	00:50:57.816	0.96503	0.96503			6
2024.06.11	00:50:57.846	0.96504	0.96504			6
2024.06.11	00:50:58.027	0.96501	0.96501			6
2024.06.11	00:50:58.087	0.96502	0.96502			6
2024.06.11	00:50:58.142	0.96501	0.96501			6
2024.06.11	00:50:58.617	0.96498	0.96498			6
2024.06.11	00:50:58.646	0.96504	0.96504			6
2024.06.11	00:50:58.797	0.96505	0.96505			6
2024.06.11	00:50:58.827	0.96504	0.96504			6
2024.06.11	00:50:58.888	0.96508	0.96508			6
2024.06.11	00:50:59.158	0.96511	0.96511			6
2024.06.11	00:51:00.046	0.96514	0.96514			6
2024.06.11	00:51:00.136	0.96513	0.96513			6
2024.06.11	00:51:00.166	0.96514	0.96514			6
2024.06.11	00:51:01.125	0.96518	0.96518			6
2024.06.11	00:51:01.254	0.96517	0.96517			6
2024.06.11	00:51:01.690	0.96519	0.96519			6
2024.06.11	00:51:02.013	0.96516	0.96516			6
2024.06.11	00:51:02.045	0.96513	0.96513			6
2024.06.11	00:51:02.074	0.96512	0.96512			6
2024.06.11	00:51:03.316	0.96511	0.96511			6
2024.06.11	00:51:03.468	0.96510	0.96510			6
2024.06.11	00:51:03.975	0.96508	0.96508			6
2024.06.11	00:51:06.772	0.96507	0.96507			6
2024.06.11	00:51:10.957	0.96503	0.96503			6
2024.06.11	00:51:12.278	0.96500	0.96500			6
2024.06.11	00:51:12.349	0.96499	0.96499			6
2024.06.11	00:51:15.287	0.96498	0.96498			6
2024.06.11	00:51:18.176	0.96499	0.96499			6
2024.06.11	00:51:18.739	0.96504	0.96504			6
2024.06.11	00:51:19.593	0.96501	0.96501			6
2024.06.11	00:51:21.888	0.96503	0.96503			6
2024.06.11	00:51:22.056	0.96504	0.96504			6
2024.06.11	00:51:22.390	0.96503	0.96503			6
2024.06.11	00:51:23.441	0.96504	0.96504			6
2024.06.11	00:51:25.358	0.96502	0.96502			6
2024.06.11	00:51:28.127	0.96505	0.96505			6
2024.06.11	00:51:28.409	0.96504	0.96504			6
2024.06.11	00:51:31.490	0.96503	0.96503			6
2024.06.11	00:51:32.558	0.96502	0.96502			6
2024.06.11	00:51:43.122	0.96501	0.96501			6
2024.06.11	00:51:43.235	0.96500	0.96500			6
2024.06.11	00:51:43.414	0.96501	0.96501			6
2024.06.11	00:51:51.452	0.96500	0.96500			6
2024.06.11	00:51:51.482	0.96502	0.96502			6
2024.06.11	00:51:51.951	0.96497	0.96497			6
2024.06.11	00:51:52.071	0.96496	0.96496			6
2024.06.11	00:51:52.101	0.96497	0.96497			6
2024.06.11	00:51:52.164	0.96495	0.96495			6
2024.06.11	00:51:52.215	0.96496	0.96496			6
2024.06.11	00:51:52.245	0.96501	0.96501			6
2024.06.11	00:51:52.275	0.96500	0.96500			6
2024.06.11	00:51:52.335	0.96501	0.96501			6
2024.06.11	00:51:52.364	0.96500	0.96500			6
2024.06.11	00:51:52.395	0.96501	0.96501			6
2024.06.11	00:51:52.425	0.96500	0.96500			6
2024.06.11	00:51:52.484	0.96499	0.96499			6
2024.06.11	00:51:52.545	0.96498	0.96498			6
2024.06.11	00:51:52.575	0.96499	0.96499			6
2024.06.11	00:51:52.636	0.96500	0.96500			6
2024.06.11	00:51:52.697	0.96490	0.96490			6
2024.06.11	00:51:52.727	0.96488	0.96488			6
2024.06.11	00:51:52.757	0.96490	0.96490			6
2024.06.11	00:51:52.816	0.96488	0.96488			6
2024.06.11	00:51:52.876	0.96487	0.96487			6
2024.06.11	00:51:52.935	0.96490	0.96490			6
2024.06.11	00:51:52.965	0.96491	0.96491			6
2024.06.11	00:51:52.995	0.96490	0.96490			6
2024.06.11	00:51:53.056	0.96489	0.96489			6
2024.06.11	00:51:53.086	0.96496	0.96496			6
2024.06.11	00:51:53.435	0.96499	0.96499			6
2024.06.11	00:51:53.496	0.96500	0.96500			6
2024.06.11	00:51:53.678	0.96499	0.96499			6
2024.06.11	00:51:53.818	0.96498	0.96498			6
2024.06.11	00:51:54.014	0.96494	0.96494			6
2024.06.11	00:51:54.584	0.96495	0.96495			6
2024.06.11	00:51:54.738	0.96496	0.96496			6
2024.06.11	00:51:55.096	0.96498	0.96498			6
2024.06.11	00:51:55.443	0.96497	0.96497			6
2024.06.11	00:51:55.704	0.96495	0.96495			6
2024.06.11	00:51:55.824	0.96496	0.96496			6
2024.06.11	00:51:56.152	0.96494	0.96494			6
2024.06.11	00:51:56.182	0.96496	0.96496			6
2024.06.11	00:51:56.211	0.96499	0.96499			6
2024.06.11	00:51:56.331	0.96498	0.96498			6
2024.06.11	00:51:56.392	0.96499	0.96499			6
2024.06.11	00:51:56.814	0.96500	0.96500			6
2024.06.11	00:51:57.154	0.96501	0.96501			6
2024.06.11	00:51:57.303	0.96497	0.96497			6
2024.06.11	00:51:57.333	0.96498	0.96498			6
2024.06.11	00:51:57.765	0.96499	0.96499			6
2024.06.11	00:51:58.022	0.96497	0.96497			6
2024.06.11	00:51:58.438	0.96498	0.96498			6
2024.06.11	00:51:58.703	0.96493	0.96493			6
2024.06.11	00:51:59.245	0.96497	0.96497			6
2024.06.11	00:51:59.574	0.96498	0.96498			6
2024.06.11	00:51:59.818	0.96497	0.96497			6
2024.06.11	00:52:00.057	0.96498	0.96498			6
2024.06.11	00:52:00.087	0.96499	0.96499			6
2024.06.11	00:52:00.389	0.96498	0.96498			6
2024.06.11	00:52:00.470	0.96497	0.96497			6
2024.06.11	00:52:00.685	0.96496	0.96496			6
2024.06.11	00:52:01.334	0.96497	0.96497			6
2024.06.11	00:52:01.963	0.96496	0.96496			6
2024.06.11	00:52:02.028	0.96497	0.96497			6
2024.06.11	00:52:02.270	0.96496	0.96496			6
2024.06.11	00:52:03.145	0.96494	0.96494			6
2024.06.11	00:52:03.443	0.96495	0.96495			6
2024.06.11	00:52:03.697	0.96494	0.96494			6
2024.06.11	00:52:04.240	0.96495	0.96495			6
2024.06.11	00:52:04.270	0.96496	0.96496			6
2024.06.11	00:52:04.517	0.96497	0.96497			6
2024.06.11	00:52:04.680	0.96496	0.96496			6
2024.06.11	00:52:04.882	0.96497	0.96497			6
2024.06.11	00:52:10.937	0.96496	0.96496			6
2024.06.11	00:52:11.263	0.96497	0.96497			6
2024.06.11	00:52:11.405	0.96496	0.96496			6
2024.06.11	00:52:11.436	0.96493	0.96493			6
2024.06.11	00:52:11.467	0.96492	0.96492			6
2024.06.11	00:52:11.525	0.96491	0.96491			6
2024.06.11	00:52:11.586	0.96490	0.96490			6
2024.06.11	00:52:11.616	0.96492	0.96492			6
2024.06.11	00:52:11.646	0.96493	0.96493			6
2024.06.11	00:52:11.736	0.96488	0.96488			6
2024.06.11	00:52:11.765	0.96489	0.96489			6
2024.06.11	00:52:11.796	0.96484	0.96484			6
2024.06.11	00:52:12.468	0.96483	0.96483			6
2024.06.11	00:52:12.973	0.96484	0.96484			6
2024.06.11	00:52:13.355	0.96483	0.96483			6
2024.06.11	00:52:13.989	0.96484	0.96484			6
2024.06.11	00:52:14.101	0.96485	0.96485			6
2024.06.11	00:52:14.131	0.96490	0.96490			6
2024.06.11	00:52:14.570	0.96489	0.96489			6
2024.06.11	00:52:14.991	0.96487	0.96487			6
2024.06.11	00:52:15.021	0.96486	0.96486			6
2024.06.11	00:52:15.990	0.96487	0.96487			6
2024.06.11	00:52:16.885	0.96488	0.96488			6
2024.06.11	00:52:18.786	0.96487	0.96487			6
2024.06.11	00:52:22.472	0.96488	0.96488			6
2024.06.11	00:52:26.677	0.96489	0.96489			6
2024.06.11	00:52:28.354	0.96488	0.96488			6
2024.06.11	00:52:31.061	0.96489	0.96489			6
2024.06.11	00:53:47.178	0.96488	0.96488			6
2024.06.11	00:53:49.105	0.96489	0.96489			6
2024.06.11	00:53:49.284	0.96488	0.96488			6
2024.06.11	00:53:49.376	0.96489	0.96489			6
2024.06.11	00:53:54.815	0.96488	0.96488			6
2024.06.11	00:53:56.305	0.96487	0.96487			6
2024.06.11	00:53:56.756	0.96488	0.96488			6
2024.06.11	00:54:03.488	0.96487	0.96487			6
2024.06.11	00:54:07.488	0.96488	0.96488			6
2024.06.11	00:54:08.079	0.96487	0.96487			6
2024.06.11	00:54:11.611	0.96488	0.96488			6
2024.06.11	00:54:19.472	0.96487	0.96487			6
2024.06.11	00:54:19.502	0.96488	0.96488			6
2024.06.11	00:54:26.458	0.96489	0.96489			6
2024.06.11	00:54:26.488	0.96490	0.96490			6
2024.06.11	00:54:26.577	0.96501	0.96501			6
2024.06.11	00:54:26.910	0.96504	0.96504			6
2024.06.11	00:54:27.470	0.96505	0.96505			6
2024.06.11	00:54:28.471	0.96504	0.96504			6
2024.06.11	00:54:29.612	0.96505	0.96505			6
2024.06.11	00:54:31.084	0.96504	0.96504			6
2024.06.11	00:54:33.035	0.96505	0.96505			6
2024.06.11	00:54:34.466	0.96506	0.96506			6
2024.06.11	00:54:36.996	0.96505	0.96505			6
2024.06.11	00:54:39.733	0.96506	0.96506			6
2024.06.11	00:54:44.888	0.96507	0.96507			6
2024.06.11	00:54:46.112	0.96506	0.96506			6
2024.06.11	00:54:47.168	0.96507	0.96507			6
2024.06.11	00:54:47.566	0.96506	0.96506			6
2024.06.11	00:54:49.671	0.96507	0.96507			6
2024.06.11	00:54:51.893	0.96508	0.96508			6
2024.06.11	00:54:52.098	0.96507	0.96507			6
2024.06.11	00:54:59.322	0.96508	0.96508			6
2024.06.11	00:54:59.371	0.96507	0.96507			6
2024.06.11	00:55:01.899	0.96506	0.96506			6
2024.06.11	00:55:02.296	0.96504	0.96504			6
2024.06.11	00:55:02.796	0.96503	0.96503			6
2024.06.11	00:55:03.209	0.96504	0.96504			6
2024.06.11	00:55:07.367	0.96503	0.96503			6
2024.06.11	00:55:09.479	0.96504	0.96504			6
2024.06.11	00:55:15.189	0.96505	0.96505			6
2024.06.11	00:55:15.314	0.96504	0.96504			6
2024.06.11	00:55:17.311	0.96505	0.96505			6
2024.06.11	00:55:19.253	0.96504	0.96504			6
2024.06.11	00:55:19.406	0.96505	0.96505			6
2024.06.11	00:55:19.987	0.96504	0.96504			6
2024.06.11	00:55:20.893	0.96505	0.96505			6
2024.06.11	00:55:21.103	0.96504	0.96504			6
2024.06.11	00:55:26.915	0.96505	0.96505			6
2024.06.11	00:55:35.314	0.96504	0.96504			6
2024.06.11	00:55:35.641	0.96505	0.96505			6
2024.06.11	00:55:36.194	0.96504	0.96504			6
2024.06.11	00:55:36.224	0.96505	0.96505			6
2024.06.11	00:55:42.214	0.96506	0.96506			6
2024.06.11	00:55:43.713	0.96507	0.96507			6
2024.06.11	00:55:44.013	0.96506	0.96506			6
2024.06.11	00:55:44.165	0.96505	0.96505			6
2024.06.11	00:55:55.087	0.96506	0.96506			6
2024.06.11	00:56:02.287	0.96505	0.96505			6
2024.06.11	00:56:07.112	0.96506	0.96506			6
2024.06.11	00:56:08.585	0.96505	0.96505			6
2024.06.11	00:56:11.526	0.96506	0.96506			6
2024.06.11	00:56:11.924	0.96505	0.96505			6
2024.06.11	00:56:18.560	0.96507	0.96507			6
2024.06.11	00:56:18.590	0.96508	0.96508			6
2024.06.11	00:56:18.914	0.96507	0.96507			6
2024.06.11	00:56:20.163	0.96508	0.96508			6
2024.06.11	00:56:23.530	0.96507	0.96507			6
2024.06.11	00:56:23.758	0.96506	0.96506			6
2024.06.11	00:56:23.817	0.96507	0.96507			6
2024.06.11	00:56:25.391	0.96506	0.96506			6
2024.06.11	00:56:26.612	0.96507	0.96507			6
2024.06.11	00:56:27.818	0.96506	0.96506			6
2024.06.11	00:56:28.881	0.96505	0.96505			6
2024.06.11	00:56:28.912	0.96506	0.96506			6
2024.06.11	00:56:28.971	0.96504	0.96504			6
2024.06.11	00:56:29.061	0.96503	0.96503			6
2024.06.11	00:56:31.320	0.96502	0.96502			6
2024.06.11	00:56:31.440	0.96503	0.96503			6
2024.06.11	00:56:31.531	0.96501	0.96501			6
2024.06.11	00:56:31.982	0.96502	0.96502			6
2024.06.11	00:56:32.350	0.96501	0.96501			6
2024.06.11	00:56:34.208	0.96499	0.96499			6
2024.06.11	00:56:36.274	0.96498	0.96498			6
2024.06.11	00:56:36.828	0.96499	0.96499			6
2024.06.11	00:56:37.061	0.96498	0.96498			6
2024.06.11	00:56:37.428	0.96496	0.96496			6
2024.06.11	00:56:39.594	0.96497	0.96497			6
2024.06.11	00:56:39.624	0.96496	0.96496			6
2024.06.11	00:56:42.353	0.96497	0.96497			6
2024.06.11	00:56:43.997	0.96501	0.96501			6
2024.06.11	00:56:44.057	0.96502	0.96502			6
2024.06.11	00:56:44.087	0.96501	0.96501			6
2024.06.11	00:56:44.148	0.96502	0.96502			6
2024.06.11	00:56:44.179	0.96501	0.96501			6
2024.06.11	00:56:44.208	0.96503	0.96503			6
2024.06.11	00:56:44.238	0.96501	0.96501			6
2024.06.11	00:56:44.270	0.96499	0.96499			6
2024.06.11	00:56:44.471	0.96500	0.96500			6
2024.06.11	00:56:44.740	0.96499	0.96499			6
2024.06.11	00:56:44.890	0.96505	0.96505			6
2024.06.11	00:56:45.310	0.96504	0.96504			6
2024.06.11	00:56:45.370	0.96503	0.96503			6
2024.06.11	00:56:45.400	0.96505	0.96505			6
2024.06.11	00:56:45.430	0.96504	0.96504			6
2024.06.11	00:56:45.530	0.96498	0.96498			6
2024.06.11	00:56:45.560	0.96503	0.96503			6
2024.06.11	00:56:45.589	0.96502	0.96502			6
2024.06.11	00:56:45.620	0.96503	0.96503			6
2024.06.11	00:56:46.337	0.96498	0.96498			6
2024.06.11	00:56:46.368	0.96505	0.96505			6
2024.06.11	00:56:46.427	0.96504	0.96504			6
2024.06.11	00:56:46.458	0.96503	0.96503			6
2024.06.11	00:56:46.564	0.96497	0.96497			6
2024.06.11	00:56:46.595	0.96504	0.96504			6
2024.06.11	00:56:46.805	0.96503	0.96503			6
2024.06.11	00:56:46.836	0.96504	0.96504			6
2024.06.11	00:56:46.963	0.96503	0.96503			6
2024.06.11	00:56:46.993	0.96504	0.96504			6
2024.06.11	00:56:47.354	0.96503	0.96503			6
2024.06.11	00:56:47.384	0.96504	0.96504			6
2024.06.11	00:56:47.653	0.96505	0.96505			6
2024.06.11	00:56:47.743	0.96504	0.96504			6
2024.06.11	00:56:48.408	0.96496	0.96496			6
2024.06.11	00:56:48.440	0.96503	0.96503			6
2024.06.11	00:56:48.588	0.96504	0.96504			6
2024.06.11	00:56:48.618	0.96503	0.96503			6
2024.06.11	00:56:48.769	0.96501	0.96501			6
2024.06.11	00:56:49.188	0.96495	0.96495			6
2024.06.11	00:56:49.219	0.96497	0.96497			6
2024.06.11	00:56:49.371	0.96498	0.96498			6
2024.06.11	00:56:49.401	0.96497	0.96497			6
2024.06.11	00:56:49.706	0.96498	0.96498			6
2024.06.11	00:56:50.038	0.96499	0.96499			6
2024.06.11	00:56:51.124	0.96492	0.96492			6
2024.06.11	00:56:51.154	0.96495	0.96495			6
2024.06.11	00:56:51.184	0.96497	0.96497			6
2024.06.11	00:56:51.213	0.96500	0.96500			6
2024.06.11	00:56:51.243	0.96493	0.96493			6
2024.06.11	00:56:51.273	0.96489	0.96489			6
2024.06.11	00:56:51.304	0.96486	0.96486			6
2024.06.11	00:56:51.424	0.96485	0.96485			6
2024.06.11	00:56:51.827	0.96499	0.96499			6
2024.06.11	00:56:52.123	0.96500	0.96500			6
2024.06.11	00:56:52.609	0.96504	0.96504			6
2024.06.11	00:56:52.795	0.96506	0.96506			6
2024.06.11	00:56:53.302	0.96505	0.96505			6
2024.06.11	00:56:53.887	0.96504	0.96504			6
2024.06.11	00:56:54.207	0.96503	0.96503			6
2024.06.11	00:56:54.267	0.96504	0.96504			6
2024.06.11	00:56:54.327	0.96491	0.96491			6
2024.06.11	00:56:54.386	0.96494	0.96494			6
2024.06.11	00:56:54.476	0.96492	0.96492			6
2024.06.11	00:56:54.537	0.96493	0.96493			6
2024.06.11	00:56:54.566	0.96492	0.96492			6
2024.06.11	00:56:56.554	0.96491	0.96491			6
2024.06.11	00:56:56.586	0.96492	0.96492			6
2024.06.11	00:56:57.802	0.96491	0.96491			6
2024.06.11	00:56:59.020	0.96490	0.96490			6
2024.06.11	00:56:59.321	0.96489	0.96489			6
2024.06.11	00:57:00.531	0.96488	0.96488			6
2024.06.11	00:57:01.717	0.96487	0.96487			6
2024.06.11	00:57:03.212	0.96486	0.96486			6
2024.06.11	00:57:03.271	0.96485	0.96485			6
2024.06.11	00:57:04.389	0.96486	0.96486			6
2024.06.11	00:57:04.688	0.96485	0.96485			6
2024.06.11	00:57:05.609	0.96484	0.96484			6
2024.06.11	00:57:06.201	0.96483	0.96483			6
2024.06.11	00:57:07.336	0.96475	0.96475			6
2024.06.11	00:57:07.367	0.96472	0.96472			6
2024.06.11	00:57:07.396	0.96474	0.96474			6
2024.06.11	00:57:07.426	0.96473	0.96473			6
2024.06.11	00:57:07.456	0.96471	0.96471			6
2024.06.11	00:57:07.989	0.96470	0.96470			6
2024.06.11	00:57:12.207	0.96471	0.96471			6
2024.06.11	00:57:12.236	0.96472	0.96472			6
2024.06.11	00:57:12.510	0.96471	0.96471			6
2024.06.11	00:57:16.695	0.96472	0.96472			6
2024.06.11	00:57:16.726	0.96479	0.96479			6
2024.06.11	00:57:18.258	0.96472	0.96472			6
2024.06.11	00:57:18.288	0.96476	0.96476			6
2024.06.11	00:57:18.348	0.96475	0.96475			6
2024.06.11	00:57:18.378	0.96474	0.96474			6
2024.06.11	00:57:18.706	0.96475	0.96475			6
2024.06.11	00:57:18.777	0.96471	0.96471			6
2024.06.11	00:57:19.311	0.96475	0.96475			6
2024.06.11	00:57:19.700	0.96473	0.96473			6
2024.06.11	00:57:20.523	0.96472	0.96472			6
2024.06.11	00:57:20.583	0.96471	0.96471			6
2024.06.11	00:57:20.825	0.96470	0.96470			6
2024.06.11	00:57:21.039	0.96469	0.96469			6
2024.06.11	00:57:22.329	0.96473	0.96473			6
2024.06.11	00:57:22.532	0.96472	0.96472			6
2024.06.11	00:57:22.563	0.96471	0.96471			6
2024.06.11	00:57:22.592	0.96472	0.96472			6
2024.06.11	00:57:25.064	0.96470	0.96470			6
2024.06.11	00:57:25.093	0.96471	0.96471			6
2024.06.11	00:57:25.153	0.96470	0.96470			6
2024.06.11	00:57:25.238	0.96469	0.96469			6
2024.06.11	00:57:25.330	0.96470	0.96470			6
2024.06.11	00:57:25.389	0.96474	0.96474			6
2024.06.11	00:57:25.419	0.96471	0.96471			6
2024.06.11	00:57:25.479	0.96473	0.96473			6
2024.06.11	00:57:25.509	0.96474	0.96474			6
2024.06.11	00:57:25.691	0.96471	0.96471			6
2024.06.11	00:57:25.721	0.96469	0.96469			6
2024.06.11	00:57:27.795	0.96468	0.96468			6
2024.06.11	00:57:28.827	0.96471	0.96471			6
2024.06.11	00:57:29.403	0.96473	0.96473			6
2024.06.11	00:57:30.129	0.96471	0.96471			6
2024.06.11	00:57:30.496	0.96473	0.96473			6
2024.06.11	00:57:31.704	0.96471	0.96471			6
2024.06.11	00:57:31.794	0.96474	0.96474			6
2024.06.11	00:57:32.918	0.96472	0.96472			6
2024.06.11	00:57:36.885	0.96473	0.96473			6
2024.06.11	00:57:36.974	0.96461	0.96461			6
2024.06.11	00:57:37.064	0.96464	0.96464			6
2024.06.11	00:57:37.094	0.96456	0.96456			6
2024.06.11	00:57:37.124	0.96457	0.96457			6
2024.06.11	00:57:37.155	0.96453	0.96453			6
2024.06.11	00:57:37.184	0.96454	0.96454			6
2024.06.11	00:57:37.215	0.96452	0.96452			6
2024.06.11	00:57:37.245	0.96453	0.96453			6
2024.06.11	00:57:37.580	0.96457	0.96457			6
2024.06.11	00:57:37.986	0.96456	0.96456			6
2024.06.11	00:57:38.133	0.96454	0.96454			6
2024.06.11	00:57:38.163	0.96456	0.96456			6
2024.06.11	00:57:39.832	0.96453	0.96453			6
2024.06.11	00:57:39.863	0.96450	0.96450			6
2024.06.11	00:57:39.892	0.96449	0.96449			6
2024.06.11	00:57:39.954	0.96450	0.96450			6
2024.06.11	00:57:39.983	0.96453	0.96453			6
2024.06.11	00:57:40.258	0.96454	0.96454			6
2024.06.11	00:57:40.288	0.96449	0.96449			6
2024.06.11	00:57:40.317	0.96450	0.96450			6
2024.06.11	00:57:40.407	0.96451	0.96451			6
2024.06.11	00:57:40.497	0.96450	0.96450			6
2024.06.11	00:57:40.660	0.96449	0.96449			6
2024.06.11	00:57:41.570	0.96450	0.96450			6
2024.06.11	00:57:41.659	0.96449	0.96449			6
2024.06.11	00:57:41.781	0.96450	0.96450			6
2024.06.11	00:57:41.873	0.96452	0.96452			6
2024.06.11	00:57:41.933	0.96451	0.96451			6
2024.06.11	00:57:42.012	0.96450	0.96450			6
2024.06.11	00:57:42.103	0.96453	0.96453			6
2024.06.11	00:57:42.708	0.96464	0.96464			6
2024.06.11	00:57:43.010	0.96465	0.96465			6
2024.06.11	00:57:43.587	0.96463	0.96463			6
2024.06.11	00:57:43.617	0.96465	0.96465			6
2024.06.11	00:57:44.060	0.96464	0.96464			6
2024.06.11	00:57:44.151	0.96465	0.96465			6
2024.06.11	00:57:44.450	0.96464	0.96464			6
2024.06.11	00:57:47.948	0.96465	0.96465			6
2024.06.11	00:57:47.977	0.96466	0.96466			6
2024.06.11	00:57:56.311	0.96467	0.96467			6
2024.06.11	00:57:57.324	0.96466	0.96466			6
2024.06.11	00:58:03.840	0.96467	0.96467			6
2024.06.11	00:58:06.343	0.96469	0.96469			6
2024.06.11	00:58:06.374	0.96467	0.96467			6
2024.06.11	00:58:39.072	0.96468	0.96468			6
2024.06.11	00:58:53.007	0.96467	0.96467			6
2024.06.11	00:59:11.211	0.96468	0.96468			6
2024.06.11	00:59:11.270	0.96469	0.96469			6
2024.06.11	00:59:11.330	0.96468	0.96468			6
2024.06.11	00:59:29.064	0.96467	0.96467			6
2024.06.11	00:59:35.710	0.96468	0.96468			6
2024.06.11	00:59:39.981	0.96469	0.96469			6
2024.06.11	00:59:40.011	0.96470	0.96470			6
2024.06.11	00:59:40.480	0.96471	0.96471			6
2024.06.11	00:59:41.598	0.96470	0.96470			6
2024.06.11	00:59:50.911	0.96471	0.96471			6
2024.06.11	00:59:51.042	0.96473	0.96473			6
2024.06.11	00:59:51.162	0.96472	0.96472			6
2024.06.11	00:59:51.191	0.96473	0.96473			6
2024.06.11	00:59:51.221	0.96471	0.96471			6
2024.06.11	00:59:51.252	0.96473	0.96473			6
2024.06.11	00:59:51.281	0.96472	0.96472			6
2024.06.11	00:59:54.585	0.96471	0.96471			6
2024.06.11	00:59:54.681	0.96472	0.96472			6
2024.06.11	00:59:54.711	0.96473	0.96473			6
2024.06.11	00:59:54.867	0.96471	0.96471			6
2024.06.11	00:59:57.516	0.96472	0.96472			6
2024.06.11	00:59:57.876	0.96471	0.96471			6
2024.06.11	00:59:59.267	0.96472	0.96472			6
2024.06.11	00:59:59.328	0.96473	0.96473			6
2024.06.11	00:59:59.531	0.96474	0.96474			6
2024.06.11	00:59:59.592	0.96473	0.96473			6
2024.06.11	00:59:59.982	0.96474	0.96474			6
2024.06.11	01:00:00.073	0.96471	0.96471			6
2024.06.11	01:00:00.103	0.96479	0.96479			6
2024.06.11	01:00:00.133	0.96481	0.96481			6
2024.06.11	01:00:00.192	0.96479	0.96479			6
2024.06.11	01:00:00.223	0.96493	0.96493			6
2024.06.11	01:00:00.252	0.96492	0.96492			6
2024.06.11	01:00:00.282	0.96500	0.96500			6
2024.06.11	01:00:00.464	0.96498	0.96498			6
2024.06.11	01:00:00.555	0.96497	0.96497			6
2024.06.11	01:00:00.585	0.96498	0.96498			6
2024.06.11	01:00:00.614	0.96500	0.96500			6
2024.06.11	01:00:00.674	0.96498	0.96498			6
2024.06.11	01:00:00.705	0.96499	0.96499			6
2024.06.11	01:00:00.764	0.96500	0.96500			6
2024.06.11	01:00:00.794	0.96502	0.96502			6
2024.06.11	01:00:00.828	0.96504	0.96504			6
2024.06.11	01:00:00.856	0.96507	0.96507			6
2024.06.11	01:00:01.005	0.96505	0.96505			6
2024.06.11	01:00:01.366	0.96508	0.96508			6
2024.06.11	01:00:01.485	0.96507	0.96507			6
