<DATE>	<TIME>	<BID>	<ASK>	<LAST>	<VOLUME>	<FLAGS>
2024.04.09	00:00:01.217	0.98319	0.98319			6
2024.04.09	00:00:01.628	0.98310	0.98310			6
2024.04.09	00:00:02.600	0.98308	0.98308			6
2024.04.09	00:00:17.239	0.98312	0.98312			6
2024.04.09	00:00:32.110	0.98311	0.98311			6
2024.04.09	00:02:06.203	0.98310	0.98310			6
2024.04.09	00:02:17.691	0.98311	0.98311			6
2024.04.09	00:03:08.517	0.98309	0.98309			6
2024.04.09	00:03:29.694	0.98301	0.98301			6
2024.04.09	00:03:29.725	0.98296	0.98296			6
2024.04.09	00:03:30.457	0.98309	0.98309			6
2024.04.09	00:04:03.044	0.98297	0.98297			6
2024.04.09	00:05:00.045	0.98306	0.98306			6
2024.04.09	00:05:00.075	0.98309	0.98309			6
2024.04.09	00:05:00.377	0.98307	0.98307			6
2024.04.09	00:05:01.844	0.98306	0.98306			6
2024.04.09	00:05:02.303	0.98307	0.98307			6
2024.04.09	00:05:07.766	0.98290	0.98290			6
2024.04.09	00:05:10.530	0.98292	0.98292			6
2024.04.09	00:05:10.560	0.98290	0.98290			6
2024.04.09	00:05:14.306	0.98292	0.98292			6
2024.04.09	00:05:14.669	0.98290	0.98290			6
2024.04.09	00:05:19.415	0.98289	0.98289			6
2024.04.09	00:06:00.505	0.98290	0.98290			6
2024.04.09	00:06:01.244	0.98289	0.98289			6
2024.04.09	00:06:06.855	0.98290	0.98290			6
2024.04.09	00:06:08.140	0.98289	0.98289			6
2024.04.09	00:06:14.029	0.98291	0.98291			6
2024.04.09	00:06:15.196	0.98289	0.98289			6
2024.04.09	00:06:16.163	0.98291	0.98291			6
2024.04.09	00:06:16.486	0.98289	0.98289			6
2024.04.09	00:06:19.405	0.98290	0.98290			6
2024.04.09	00:07:15.045	0.98291	0.98291			6
2024.04.09	00:07:17.049	0.98290	0.98290			6
2024.04.09	00:07:19.416	0.98289	0.98289			6
2024.04.09	00:08:19.405	0.98290	0.98290			6
2024.04.09	00:09:40.489	0.98281	0.98281			6
2024.04.09	00:09:46.292	0.98282	0.98282			6
2024.04.09	00:09:47.317	0.98290	0.98290			6
2024.04.09	00:09:51.103	0.98279	0.98279			6
2024.04.09	00:09:51.299	0.98290	0.98290			6
2024.04.09	00:09:51.359	0.98287	0.98287			6
2024.04.09	00:09:52.168	0.98275	0.98275			6
2024.04.09	00:09:54.118	0.98276	0.98276			6
2024.04.09	00:09:57.448	0.98275	0.98275			6
2024.04.09	00:09:59.419	0.98276	0.98276			6
2024.04.09	00:10:00.174	0.98274	0.98274			6
2024.04.09	00:10:02.404	0.98272	0.98272			6
2024.04.09	00:10:03.743	0.98273	0.98273			6
2024.04.09	00:10:08.377	0.98275	0.98275			6
2024.04.09	00:10:08.963	0.98273	0.98273			6
2024.04.09	00:10:09.218	0.98275	0.98275			6
2024.04.09	00:10:09.471	0.98276	0.98276			6
2024.04.09	00:10:09.986	0.98287	0.98287			6
2024.04.09	00:10:10.015	0.98273	0.98273			6
2024.04.09	00:10:10.469	0.98274	0.98274			6
2024.04.09	00:10:11.015	0.98273	0.98273			6
2024.04.09	00:10:11.588	0.98287	0.98287			6
2024.04.09	00:10:13.941	0.98290	0.98290			6
2024.04.09	00:10:29.922	0.98281	0.98281			6
2024.04.09	00:10:39.144	0.98282	0.98282			6
2024.04.09	00:10:39.825	0.98290	0.98290			6
2024.04.09	00:10:40.344	0.98289	0.98289			6
2024.04.09	00:10:41.853	0.98288	0.98288			6
2024.04.09	00:10:48.969	0.98289	0.98289			6
2024.04.09	00:10:49.000	0.98296	0.98296			6
2024.04.09	00:10:49.976	0.98290	0.98290			6
2024.04.09	00:10:50.844	0.98289	0.98289			6
2024.04.09	00:10:51.193	0.98290	0.98290			6
2024.04.09	00:10:52.744	0.98291	0.98291			6
2024.04.09	00:10:53.552	0.98287	0.98287			6
2024.04.09	00:10:53.643	0.98289	0.98289			6
2024.04.09	00:10:55.988	0.98296	0.98296			6
2024.04.09	00:11:19.764	0.98292	0.98292			6
2024.04.09	00:11:20.045	0.98293	0.98293			6
2024.04.09	00:11:20.693	0.98290	0.98290			6
2024.04.09	00:11:21.420	0.98296	0.98296			6
2024.04.09	00:11:25.990	0.98286	0.98286			6
2024.04.09	00:11:27.533	0.98288	0.98288			6
2024.04.09	00:11:28.038	0.98291	0.98291			6
2024.04.09	00:11:29.405	0.98288	0.98288			6
2024.04.09	00:11:30.764	0.98284	0.98284			6
2024.04.09	00:11:32.389	0.98296	0.98296			6
2024.04.09	00:11:55.996	0.98294	0.98294			6
2024.04.09	00:12:06.765	0.98293	0.98293			6
2024.04.09	00:12:07.070	0.98294	0.98294			6
2024.04.09	00:12:09.498	0.98292	0.98292			6
2024.04.09	00:12:09.841	0.98293	0.98293			6
2024.04.09	00:12:10.231	0.98292	0.98292			6
2024.04.09	00:12:12.743	0.98293	0.98293			6
2024.04.09	00:12:13.447	0.98292	0.98292			6
2024.04.09	00:12:19.556	0.98294	0.98294			6
2024.04.09	00:12:20.165	0.98293	0.98293			6
2024.04.09	00:12:22.546	0.98291	0.98291			6
2024.04.09	00:12:22.878	0.98293	0.98293			6
2024.04.09	00:12:25.675	0.98295	0.98295			6
2024.04.09	00:12:44.667	0.98296	0.98296			6
2024.04.09	00:12:48.585	0.98297	0.98297			6
2024.04.09	00:12:49.789	0.98294	0.98294			6
2024.04.09	00:12:52.144	0.98293	0.98293			6
2024.04.09	00:12:52.936	0.98294	0.98294			6
2024.04.09	00:12:53.194	0.98293	0.98293			6
2024.04.09	00:12:55.246	0.98292	0.98292			6
2024.04.09	00:12:57.839	0.98301	0.98301			6
2024.04.09	00:12:58.394	0.98300	0.98300			6
2024.04.09	00:12:59.797	0.98301	0.98301			6
2024.04.09	00:13:03.215	0.98293	0.98293			6
2024.04.09	00:13:04.202	0.98299	0.98299			6
2024.04.09	00:13:13.844	0.98289	0.98289			6
2024.04.09	00:13:13.945	0.98290	0.98290			6
2024.04.09	00:13:15.751	0.98289	0.98289			6
2024.04.09	00:13:15.782	0.98290	0.98290			6
2024.04.09	00:13:17.336	0.98288	0.98288			6
2024.04.09	00:13:21.445	0.98287	0.98287			6
2024.04.09	00:13:21.474	0.98288	0.98288			6
2024.04.09	00:13:23.852	0.98287	0.98287			6
2024.04.09	00:13:27.522	0.98288	0.98288			6
2024.04.09	00:13:27.551	0.98287	0.98287			6
2024.04.09	00:13:29.395	0.98288	0.98288			6
2024.04.09	00:13:41.823	0.98287	0.98287			6
2024.04.09	00:13:41.853	0.98286	0.98286			6
2024.04.09	00:13:44.372	0.98287	0.98287			6
2024.04.09	00:13:44.402	0.98286	0.98286			6
2024.04.09	00:13:45.764	0.98288	0.98288			6
2024.04.09	00:13:51.928	0.98287	0.98287			6
2024.04.09	00:13:51.958	0.98288	0.98288			6
2024.04.09	00:14:01.434	0.98286	0.98286			6
2024.04.09	00:14:02.966	0.98287	0.98287			6
2024.04.09	00:14:03.935	0.98288	0.98288			6
2024.04.09	00:14:03.995	0.98286	0.98286			6
2024.04.09	00:14:08.497	0.98288	0.98288			6
2024.04.09	00:14:08.525	0.98286	0.98286			6
2024.04.09	00:14:13.946	0.98285	0.98285			6
2024.04.09	00:14:14.005	0.98286	0.98286			6
2024.04.09	00:14:16.263	0.98288	0.98288			6
2024.04.09	00:14:16.354	0.98290	0.98290			6
2024.04.09	00:14:16.385	0.98288	0.98288			6
2024.04.09	00:14:18.294	0.98289	0.98289			6
2024.04.09	00:14:18.354	0.98287	0.98287			6
2024.04.09	00:14:19.260	0.98288	0.98288			6
2024.04.09	00:14:21.541	0.98289	0.98289			6
2024.04.09	00:14:25.325	0.98288	0.98288			6
2024.04.09	00:14:33.154	0.98289	0.98289			6
2024.04.09	00:14:33.213	0.98288	0.98288			6
2024.04.09	00:14:41.442	0.98289	0.98289			6
2024.04.09	00:14:44.794	0.98288	0.98288			6
2024.04.09	00:14:51.582	0.98289	0.98289			6
2024.04.09	00:14:56.776	0.98288	0.98288			6
2024.04.09	00:15:01.675	0.98287	0.98287			6
2024.04.09	00:15:01.705	0.98285	0.98285			6
2024.04.09	00:15:01.735	0.98289	0.98289			6
2024.04.09	00:15:11.464	0.98288	0.98288			6
2024.04.09	00:15:11.495	0.98287	0.98287			6
2024.04.09	00:15:11.829	0.98286	0.98286			6
2024.04.09	00:15:17.021	0.98285	0.98285			6
2024.04.09	00:15:21.854	0.98286	0.98286			6
2024.04.09	00:15:31.990	0.98282	0.98282			6
2024.04.09	00:15:32.020	0.98285	0.98285			6
2024.04.09	00:15:32.051	0.98284	0.98284			6
2024.04.09	00:15:32.081	0.98285	0.98285			6
2024.04.09	00:15:35.166	0.98287	0.98287			6
2024.04.09	00:15:42.126	0.98286	0.98286			6
2024.04.09	00:15:42.154	0.98287	0.98287			6
2024.04.09	00:15:47.795	0.98288	0.98288			6
2024.04.09	00:15:52.217	0.98286	0.98286			6
2024.04.09	00:15:52.247	0.98285	0.98285			6
2024.04.09	00:16:02.253	0.98284	0.98284			6
2024.04.09	00:16:07.325	0.98281	0.98281			6
2024.04.09	00:16:07.356	0.98282	0.98282			6
2024.04.09	00:16:08.563	0.98283	0.98283			6
2024.04.09	00:16:08.593	0.98286	0.98286			6
2024.04.09	00:16:08.623	0.98284	0.98284			6
2024.04.09	00:16:08.653	0.98285	0.98285			6
2024.04.09	00:16:08.683	0.98287	0.98287			6
2024.04.09	00:16:10.853	0.98288	0.98288			6
2024.04.09	00:16:12.314	0.98289	0.98289			6
2024.04.09	00:16:12.344	0.98285	0.98285			6
2024.04.09	00:16:15.131	0.98286	0.98286			6
2024.04.09	00:16:22.372	0.98288	0.98288			6
2024.04.09	00:16:22.403	0.98287	0.98287			6
2024.04.09	00:16:42.073	0.98286	0.98286			6
2024.04.09	00:16:42.133	0.98285	0.98285			6
2024.04.09	00:16:42.473	0.98287	0.98287			6
2024.04.09	00:16:42.503	0.98285	0.98285			6
2024.04.09	00:16:42.533	0.98287	0.98287			6
2024.04.09	00:16:52.553	0.98288	0.98288			6
2024.04.09	00:16:52.583	0.98286	0.98286			6
2024.04.09	00:16:52.613	0.98285	0.98285			6
2024.04.09	00:17:02.617	0.98286	0.98286			6
2024.04.09	00:17:02.647	0.98287	0.98287			6
2024.04.09	00:17:05.783	0.98286	0.98286			6
2024.04.09	00:17:12.744	0.98285	0.98285			6
2024.04.09	00:17:19.306	0.98286	0.98286			6
2024.04.09	00:17:22.720	0.98291	0.98291			6
2024.04.09	00:17:22.750	0.98288	0.98288			6
2024.04.09	00:17:22.811	0.98287	0.98287			6
2024.04.09	00:17:32.802	0.98290	0.98290			6
2024.04.09	00:17:32.833	0.98287	0.98287			6
2024.04.09	00:17:42.893	0.98285	0.98285			6
2024.04.09	00:17:42.983	0.98286	0.98286			6
2024.04.09	00:17:46.656	0.98283	0.98283			6
2024.04.09	00:17:46.717	0.98284	0.98284			6
2024.04.09	00:17:47.452	0.98283	0.98283			6
2024.04.09	00:17:47.574	0.98284	0.98284			6
2024.04.09	00:17:48.664	0.98285	0.98285			6
2024.04.09	00:17:52.923	0.98287	0.98287			6
2024.04.09	00:17:52.953	0.98283	0.98283			6
2024.04.09	00:18:02.993	0.98282	0.98282			6
2024.04.09	00:18:06.964	0.98283	0.98283			6
2024.04.09	00:18:13.032	0.98281	0.98281			6
2024.04.09	00:18:13.062	0.98284	0.98284			6
2024.04.09	00:18:23.094	0.98285	0.98285			6
2024.04.09	00:18:23.123	0.98282	0.98282			6
2024.04.09	00:18:27.223	0.98283	0.98283			6
2024.04.09	00:18:33.145	0.98286	0.98286			6
2024.04.09	00:18:33.175	0.98287	0.98287			6
2024.04.09	00:18:33.204	0.98282	0.98282			6
2024.04.09	00:18:43.231	0.98283	0.98283			6
2024.04.09	00:18:53.228	0.98282	0.98282			6
2024.04.09	00:18:53.288	0.98283	0.98283			6
2024.04.09	00:18:53.319	0.98285	0.98285			6
2024.04.09	00:18:57.976	0.98283	0.98283			6
2024.04.09	00:18:59.042	0.98284	0.98284			6
2024.04.09	00:19:02.828	0.98283	0.98283			6
2024.04.09	00:19:02.889	0.98284	0.98284			6
2024.04.09	00:19:03.296	0.98282	0.98282			6
2024.04.09	00:19:03.356	0.98284	0.98284			6
2024.04.09	00:19:13.415	0.98283	0.98283			6
2024.04.09	00:19:13.444	0.98286	0.98286			6
2024.04.09	00:19:13.474	0.98283	0.98283			6
2024.04.09	00:19:23.539	0.98282	0.98282			6
2024.04.09	00:19:23.568	0.98288	0.98288			6
2024.04.09	00:19:23.598	0.98284	0.98284			6
2024.04.09	00:19:29.514	0.98283	0.98283			6
2024.04.09	00:19:33.690	0.98284	0.98284			6
2024.04.09	00:19:39.468	0.98283	0.98283			6
2024.04.09	00:19:43.772	0.98285	0.98285			6
2024.04.09	00:19:43.802	0.98284	0.98284			6
2024.04.09	00:19:53.892	0.98283	0.98283			6
2024.04.09	00:19:53.922	0.98282	0.98282			6
2024.04.09	00:19:56.340	0.98283	0.98283			6
2024.04.09	00:20:04.004	0.98286	0.98286			6
2024.04.09	00:20:04.034	0.98283	0.98283			6
2024.04.09	00:20:09.946	0.98284	0.98284			6
2024.04.09	00:20:14.112	0.98286	0.98286			6
2024.04.09	00:20:14.143	0.98283	0.98283			6
2024.04.09	00:20:14.174	0.98282	0.98282			6
2024.04.09	00:20:18.769	0.98285	0.98285			6
2024.04.09	00:20:24.241	0.98283	0.98283			6
2024.04.09	00:20:33.217	0.98282	0.98282			6
2024.04.09	00:20:59.502	0.98281	0.98281			6
2024.04.09	00:21:00.491	0.98282	0.98282			6
2024.04.09	00:21:23.276	0.98281	0.98281			6
2024.04.09	00:21:24.235	0.98284	0.98284			6
2024.04.09	00:22:05.012	0.98283	0.98283			6
2024.04.09	00:22:26.880	0.98284	0.98284			6
2024.04.09	00:22:50.782	0.98285	0.98285			6
2024.04.09	00:23:16.982	0.98284	0.98284			6
2024.04.09	00:23:41.061	0.98281	0.98281			6
2024.04.09	00:23:41.091	0.98278	0.98278			6
2024.04.09	00:23:44.553	0.98276	0.98276			6
2024.04.09	00:23:48.721	0.98278	0.98278			6
2024.04.09	00:23:52.722	0.98284	0.98284			6
2024.04.09	00:24:42.491	0.98285	0.98285			6
2024.04.09	00:24:46.990	0.98299	0.98299			6
2024.04.09	00:24:47.026	0.98298	0.98298			6
2024.04.09	00:24:47.058	0.98299	0.98299			6
2024.04.09	00:24:47.473	0.98298	0.98298			6
2024.04.09	00:24:50.841	0.98297	0.98297			6
2024.04.09	00:24:51.721	0.98300	0.98300			6
2024.04.09	00:24:52.974	0.98297	0.98297			6
2024.04.09	00:24:53.723	0.98298	0.98298			6
2024.04.09	00:24:57.842	0.98297	0.98297			6
2024.04.09	00:25:03.241	0.98298	0.98298			6
2024.04.09	00:25:04.204	0.98296	0.98296			6
2024.04.09	00:25:04.235	0.98298	0.98298			6
2024.04.09	00:25:12.091	0.98299	0.98299			6
2024.04.09	00:25:19.476	0.98300	0.98300			6
2024.04.09	00:25:27.329	0.98299	0.98299			6
2024.04.09	00:25:33.410	0.98300	0.98300			6
2024.04.09	00:26:00.615	0.98301	0.98301			6
2024.04.09	00:26:12.351	0.98300	0.98300			6
2024.04.09	00:26:35.111	0.98303	0.98303			6
2024.04.09	00:26:35.201	0.98309	0.98309			6
2024.04.09	00:26:35.291	0.98306	0.98306			6
2024.04.09	00:26:35.808	0.98304	0.98304			6
2024.04.09	00:26:35.837	0.98313	0.98313			6
2024.04.09	00:26:35.867	0.98316	0.98316			6
2024.04.09	00:26:36.078	0.98315	0.98315			6
2024.04.09	00:26:36.108	0.98316	0.98316			6
2024.04.09	00:26:36.175	0.98315	0.98315			6
2024.04.09	00:26:36.234	0.98316	0.98316			6
2024.04.09	00:26:36.295	0.98315	0.98315			6
2024.04.09	00:26:36.995	0.98314	0.98314			6
2024.04.09	00:26:37.086	0.98311	0.98311			6
2024.04.09	00:26:37.115	0.98313	0.98313			6
2024.04.09	00:26:37.394	0.98314	0.98314			6
2024.04.09	00:26:37.881	0.98315	0.98315			6
2024.04.09	00:26:37.911	0.98314	0.98314			6
2024.04.09	00:26:38.341	0.98313	0.98313			6
2024.04.09	00:26:38.431	0.98311	0.98311			6
2024.04.09	00:26:38.460	0.98313	0.98313			6
2024.04.09	00:26:38.520	0.98311	0.98311			6
2024.04.09	00:26:38.551	0.98313	0.98313			6
2024.04.09	00:26:38.712	0.98315	0.98315			6
2024.04.09	00:26:38.743	0.98314	0.98314			6
2024.04.09	00:26:38.772	0.98311	0.98311			6
2024.04.09	00:26:38.802	0.98313	0.98313			6
2024.04.09	00:26:38.832	0.98314	0.98314			6
2024.04.09	00:26:38.893	0.98313	0.98313			6
2024.04.09	00:26:39.104	0.98311	0.98311			6
2024.04.09	00:26:39.343	0.98314	0.98314			6
2024.04.09	00:26:39.374	0.98311	0.98311			6
2024.04.09	00:26:39.600	0.98314	0.98314			6
2024.04.09	00:26:39.667	0.98311	0.98311			6
2024.04.09	00:26:39.698	0.98314	0.98314			6
2024.04.09	00:26:39.829	0.98311	0.98311			6
2024.04.09	00:26:39.890	0.98313	0.98313			6
2024.04.09	00:26:40.039	0.98314	0.98314			6
2024.04.09	00:26:40.069	0.98312	0.98312			6
2024.04.09	00:26:40.099	0.98311	0.98311			6
2024.04.09	00:26:40.245	0.98314	0.98314			6
2024.04.09	00:26:40.276	0.98311	0.98311			6
2024.04.09	00:26:40.455	0.98314	0.98314			6
2024.04.09	00:26:40.485	0.98313	0.98313			6
2024.04.09	00:26:40.514	0.98312	0.98312			6
2024.04.09	00:26:40.544	0.98311	0.98311			6
2024.04.09	00:26:40.606	0.98313	0.98313			6
2024.04.09	00:26:40.901	0.98311	0.98311			6
2024.04.09	00:26:41.000	0.98312	0.98312			6
2024.04.09	00:26:41.192	0.98310	0.98310			6
2024.04.09	00:26:41.222	0.98314	0.98314			6
2024.04.09	00:26:41.252	0.98313	0.98313			6
2024.04.09	00:26:41.311	0.98314	0.98314			6
2024.04.09	00:26:47.273	0.98321	0.98321			6
2024.04.09	00:26:47.333	0.98323	0.98323			6
2024.04.09	00:26:48.080	0.98320	0.98320			6
2024.04.09	00:26:48.532	0.98321	0.98321			6
2024.04.09	00:26:48.800	0.98323	0.98323			6
2024.04.09	00:26:48.891	0.98321	0.98321			6
2024.04.09	00:26:49.640	0.98323	0.98323			6
2024.04.09	00:26:49.780	0.98321	0.98321			6
2024.04.09	00:26:50.549	0.98323	0.98323			6
2024.04.09	00:26:50.609	0.98324	0.98324			6
2024.04.09	00:26:51.177	0.98321	0.98321			6
2024.04.09	00:26:51.921	0.98323	0.98323			6
2024.04.09	00:26:52.011	0.98321	0.98321			6
2024.04.09	00:26:52.772	0.98323	0.98323			6
2024.04.09	00:26:52.802	0.98321	0.98321			6
2024.04.09	00:26:53.143	0.98316	0.98316			6
2024.04.09	00:26:53.172	0.98319	0.98319			6
2024.04.09	00:26:53.293	0.98322	0.98322			6
2024.04.09	00:26:53.383	0.98317	0.98317			6
2024.04.09	00:26:53.776	0.98287	0.98287			6
2024.04.09	00:26:53.804	0.98288	0.98288			6
2024.04.09	00:26:53.864	0.98298	0.98298			6
2024.04.09	00:26:54.074	0.98287	0.98287			6
2024.04.09	00:26:54.105	0.98293	0.98293			6
2024.04.09	00:26:54.196	0.98294	0.98294			6
2024.04.09	00:26:54.226	0.98293	0.98293			6
2024.04.09	00:26:54.376	0.98291	0.98291			6
2024.04.09	00:26:54.406	0.98293	0.98293			6
2024.04.09	00:26:54.436	0.98292	0.98292			6
2024.04.09	00:26:54.465	0.98295	0.98295			6
2024.04.09	00:26:54.586	0.98294	0.98294			6
2024.04.09	00:26:54.616	0.98295	0.98295			6
2024.04.09	00:26:54.646	0.98294	0.98294			6
2024.04.09	00:26:54.832	0.98299	0.98299			6
2024.04.09	00:26:54.892	0.98293	0.98293			6
2024.04.09	00:26:54.953	0.98301	0.98301			6
2024.04.09	00:26:54.982	0.98294	0.98294			6
2024.04.09	00:26:55.041	0.98295	0.98295			6
2024.04.09	00:26:55.181	0.98294	0.98294			6
2024.04.09	00:26:55.212	0.98302	0.98302			6
2024.04.09	00:26:55.393	0.98294	0.98294			6
2024.04.09	00:26:55.453	0.98305	0.98305			6
2024.04.09	00:26:55.483	0.98294	0.98294			6
2024.04.09	00:26:55.685	0.98305	0.98305			6
2024.04.09	00:26:55.804	0.98294	0.98294			6
2024.04.09	00:26:55.834	0.98305	0.98305			6
2024.04.09	00:26:56.082	0.98304	0.98304			6
2024.04.09	00:26:56.306	0.98294	0.98294			6
2024.04.09	00:26:56.366	0.98292	0.98292			6
2024.04.09	00:26:56.396	0.98295	0.98295			6
2024.04.09	00:26:56.649	0.98294	0.98294			6
2024.04.09	00:26:56.679	0.98295	0.98295			6
2024.04.09	00:26:56.740	0.98293	0.98293			6
2024.04.09	00:26:56.770	0.98294	0.98294			6
2024.04.09	00:26:56.830	0.98295	0.98295			6
2024.04.09	00:26:56.891	0.98296	0.98296			6
2024.04.09	00:26:56.920	0.98304	0.98304			6
2024.04.09	00:26:57.011	0.98293	0.98293			6
2024.04.09	00:26:57.041	0.98296	0.98296			6
2024.04.09	00:26:57.251	0.98300	0.98300			6
2024.04.09	00:26:57.281	0.98295	0.98295			6
2024.04.09	00:26:57.310	0.98309	0.98309			6
2024.04.09	00:26:57.340	0.98297	0.98297			6
2024.04.09	00:26:57.434	0.98302	0.98302			6
2024.04.09	00:26:57.616	0.98295	0.98295			6
2024.04.09	00:26:57.705	0.98302	0.98302			6
2024.04.09	00:26:57.765	0.98305	0.98305			6
2024.04.09	00:26:57.857	0.98301	0.98301			6
2024.04.09	00:26:58.069	0.98306	0.98306			6
2024.04.09	00:26:58.129	0.98301	0.98301			6
2024.04.09	00:26:58.279	0.98305	0.98305			6
2024.04.09	00:26:58.339	0.98302	0.98302			6
2024.04.09	00:26:58.489	0.98301	0.98301			6
2024.04.09	00:26:58.579	0.98306	0.98306			6
2024.04.09	00:26:58.609	0.98301	0.98301			6
2024.04.09	00:26:58.760	0.98308	0.98308			6
2024.04.09	00:26:58.820	0.98310	0.98310			6
2024.04.09	00:26:58.939	0.98302	0.98302			6
2024.04.09	00:26:59.090	0.98312	0.98312			6
2024.04.09	00:26:59.180	0.98301	0.98301			6
2024.04.09	00:26:59.513	0.98303	0.98303			6
2024.04.09	00:26:59.541	0.98307	0.98307			6
2024.04.09	00:26:59.571	0.98302	0.98302			6
2024.04.09	00:26:59.631	0.98306	0.98306			6
2024.04.09	00:26:59.813	0.98305	0.98305			6
2024.04.09	00:26:59.872	0.98302	0.98302			6
2024.04.09	00:26:59.902	0.98307	0.98307			6
2024.04.09	00:26:59.992	0.98302	0.98302			6
2024.04.09	00:27:00.051	0.98305	0.98305			6
2024.04.09	00:27:00.197	0.98302	0.98302			6
2024.04.09	00:27:00.287	0.98308	0.98308			6
2024.04.09	00:27:00.346	0.98311	0.98311			6
2024.04.09	00:27:00.376	0.98305	0.98305			6
2024.04.09	00:27:00.405	0.98303	0.98303			6
2024.04.09	00:27:00.436	0.98302	0.98302			6
2024.04.09	00:27:00.495	0.98311	0.98311			6
2024.04.09	00:27:00.526	0.98304	0.98304			6
2024.04.09	00:27:00.767	0.98301	0.98301			6
2024.04.09	00:27:00.797	0.98306	0.98306			6
2024.04.09	00:27:00.857	0.98302	0.98302			6
2024.04.09	00:27:00.887	0.98306	0.98306			6
2024.04.09	00:27:00.917	0.98307	0.98307			6
2024.04.09	00:27:00.947	0.98302	0.98302			6
2024.04.09	00:27:00.977	0.98307	0.98307			6
2024.04.09	00:27:01.067	0.98301	0.98301			6
2024.04.09	00:27:01.338	0.98302	0.98302			6
2024.04.09	00:27:01.367	0.98306	0.98306			6
2024.04.09	00:27:01.487	0.98305	0.98305			6
2024.04.09	00:27:01.764	0.98301	0.98301			6
2024.04.09	00:27:01.823	0.98306	0.98306			6
2024.04.09	00:27:01.854	0.98303	0.98303			6
2024.04.09	00:27:01.884	0.98308	0.98308			6
2024.04.09	00:27:01.985	0.98300	0.98300			6
2024.04.09	00:27:02.014	0.98306	0.98306			6
2024.04.09	00:27:02.046	0.98312	0.98312			6
2024.04.09	00:27:02.075	0.98301	0.98301			6
2024.04.09	00:27:02.106	0.98311	0.98311			6
2024.04.09	00:27:02.182	0.98300	0.98300			6
2024.04.09	00:27:02.212	0.98304	0.98304			6
2024.04.09	00:27:02.362	0.98305	0.98305			6
2024.04.09	00:27:02.422	0.98300	0.98300			6
2024.04.09	00:27:02.452	0.98301	0.98301			6
2024.04.09	00:27:02.632	0.98304	0.98304			6
2024.04.09	00:27:02.691	0.98300	0.98300			6
2024.04.09	00:27:02.721	0.98306	0.98306			6
2024.04.09	00:27:02.752	0.98300	0.98300			6
2024.04.09	00:27:02.977	0.98301	0.98301			6
2024.04.09	00:27:03.172	0.98300	0.98300			6
2024.04.09	00:27:03.232	0.98307	0.98307			6
2024.04.09	00:27:03.293	0.98314	0.98314			6
2024.04.09	00:27:03.322	0.98302	0.98302			6
2024.04.09	00:27:03.352	0.98300	0.98300			6
2024.04.09	00:27:03.593	0.98306	0.98306			6
2024.04.09	00:27:03.623	0.98300	0.98300			6
2024.04.09	00:27:03.685	0.98308	0.98308			6
2024.04.09	00:27:03.715	0.98306	0.98306			6
2024.04.09	00:27:03.745	0.98301	0.98301			6
2024.04.09	00:27:03.929	0.98300	0.98300			6
2024.04.09	00:27:03.959	0.98306	0.98306			6
2024.04.09	00:27:03.989	0.98300	0.98300			6
2024.04.09	00:27:04.080	0.98308	0.98308			6
2024.04.09	00:27:04.229	0.98300	0.98300			6
2024.04.09	00:27:04.259	0.98307	0.98307			6
2024.04.09	00:27:04.289	0.98300	0.98300			6
2024.04.09	00:27:04.445	0.98304	0.98304			6
2024.04.09	00:27:04.627	0.98301	0.98301			6
2024.04.09	00:27:04.687	0.98310	0.98310			6
2024.04.09	00:27:04.777	0.98300	0.98300			6
2024.04.09	00:27:04.807	0.98301	0.98301			6
2024.04.09	00:27:04.837	0.98300	0.98300			6
2024.04.09	00:27:04.897	0.98311	0.98311			6
2024.04.09	00:27:05.019	0.98300	0.98300			6
2024.04.09	00:27:05.050	0.98307	0.98307			6
2024.04.09	00:27:05.141	0.98300	0.98300			6
2024.04.09	00:27:05.170	0.98303	0.98303			6
2024.04.09	00:27:05.693	0.98306	0.98306			6
2024.04.09	00:27:05.722	0.98307	0.98307			6
2024.04.09	00:27:05.752	0.98301	0.98301			6
2024.04.09	00:27:05.783	0.98304	0.98304			6
2024.04.09	00:27:05.814	0.98300	0.98300			6
2024.04.09	00:27:06.117	0.98301	0.98301			6
2024.04.09	00:27:06.148	0.98309	0.98309			6
2024.04.09	00:27:06.268	0.98301	0.98301			6
2024.04.09	00:27:06.298	0.98302	0.98302			6
2024.04.09	00:27:06.357	0.98311	0.98311			6
2024.04.09	00:27:06.630	0.98307	0.98307			6
2024.04.09	00:27:07.383	0.98308	0.98308			6
2024.04.09	00:27:07.691	0.98311	0.98311			6
2024.04.09	00:27:08.823	0.98309	0.98309			6
2024.04.09	00:27:12.394	0.98303	0.98303			6
2024.04.09	00:27:12.925	0.98308	0.98308			6
2024.04.09	00:27:16.283	0.98303	0.98303			6
2024.04.09	00:27:16.537	0.98308	0.98308			6
2024.04.09	00:27:17.444	0.98307	0.98307			6
2024.04.09	00:27:17.623	0.98306	0.98306			6
2024.04.09	00:27:17.654	0.98304	0.98304			6
2024.04.09	00:27:18.121	0.98302	0.98302			6
2024.04.09	00:27:18.181	0.98304	0.98304			6
2024.04.09	00:27:18.242	0.98303	0.98303			6
2024.04.09	00:27:18.443	0.98304	0.98304			6
2024.04.09	00:27:18.501	0.98303	0.98303			6
2024.04.09	00:27:18.530	0.98304	0.98304			6
2024.04.09	00:27:18.982	0.98299	0.98299			6
2024.04.09	00:27:19.289	0.98303	0.98303			6
2024.04.09	00:27:19.351	0.98298	0.98298			6
2024.04.09	00:27:20.111	0.98302	0.98302			6
2024.04.09	00:27:20.512	0.98303	0.98303			6
2024.04.09	00:27:20.572	0.98302	0.98302			6
2024.04.09	00:27:20.641	0.98303	0.98303			6
2024.04.09	00:27:20.671	0.98302	0.98302			6
2024.04.09	00:27:20.731	0.98301	0.98301			6
2024.04.09	00:27:20.760	0.98305	0.98305			6
2024.04.09	00:27:20.791	0.98301	0.98301			6
2024.04.09	00:27:20.851	0.98306	0.98306			6
2024.04.09	00:27:20.881	0.98301	0.98301			6
2024.04.09	00:27:21.017	0.98303	0.98303			6
2024.04.09	00:27:21.216	0.98306	0.98306			6
2024.04.09	00:27:21.246	0.98303	0.98303			6
2024.04.09	00:27:21.336	0.98305	0.98305			6
2024.04.09	00:27:21.792	0.98307	0.98307			6
2024.04.09	00:27:21.821	0.98305	0.98305			6
2024.04.09	00:27:21.852	0.98302	0.98302			6
2024.04.09	00:27:21.973	0.98303	0.98303			6
2024.04.09	00:27:22.004	0.98301	0.98301			6
2024.04.09	00:27:22.191	0.98305	0.98305			6
2024.04.09	00:27:23.027	0.98307	0.98307			6
2024.04.09	00:27:23.147	0.98305	0.98305			6
2024.04.09	00:27:23.644	0.98302	0.98302			6
2024.04.09	00:27:24.271	0.98305	0.98305			6
2024.04.09	00:27:24.302	0.98307	0.98307			6
2024.04.09	00:27:24.483	0.98305	0.98305			6
2024.04.09	00:27:25.891	0.98301	0.98301			6
2024.04.09	00:27:26.419	0.98305	0.98305			6
2024.04.09	00:27:27.538	0.98301	0.98301			6
2024.04.09	00:27:27.568	0.98303	0.98303			6
2024.04.09	00:27:27.854	0.98302	0.98302			6
2024.04.09	00:27:27.943	0.98306	0.98306			6
2024.04.09	00:27:27.974	0.98302	0.98302			6
2024.04.09	00:27:28.003	0.98306	0.98306			6
2024.04.09	00:27:28.035	0.98303	0.98303			6
2024.04.09	00:27:28.154	0.98302	0.98302			6
2024.04.09	00:27:28.184	0.98303	0.98303			6
2024.04.09	00:27:28.563	0.98302	0.98302			6
2024.04.09	00:27:28.623	0.98303	0.98303			6
2024.04.09	00:27:28.743	0.98307	0.98307			6
2024.04.09	00:27:29.239	0.98302	0.98302			6
2024.04.09	00:27:29.269	0.98303	0.98303			6
2024.04.09	00:27:29.448	0.98302	0.98302			6
2024.04.09	00:27:29.479	0.98306	0.98306			6
2024.04.09	00:27:30.124	0.98302	0.98302			6
2024.04.09	00:27:30.214	0.98306	0.98306			6
2024.04.09	00:27:30.305	0.98302	0.98302			6
2024.04.09	00:27:30.336	0.98303	0.98303			6
2024.04.09	00:27:30.364	0.98305	0.98305			6
2024.04.09	00:27:30.395	0.98302	0.98302			6
2024.04.09	00:27:30.696	0.98303	0.98303			6
2024.04.09	00:27:30.727	0.98302	0.98302			6
2024.04.09	00:27:30.912	0.98306	0.98306			6
2024.04.09	00:27:30.942	0.98302	0.98302			6
2024.04.09	00:27:31.195	0.98301	0.98301			6
2024.04.09	00:27:31.225	0.98307	0.98307			6
2024.04.09	00:27:31.285	0.98302	0.98302			6
2024.04.09	00:27:31.627	0.98306	0.98306			6
2024.04.09	00:27:31.657	0.98302	0.98302			6
2024.04.09	00:27:31.687	0.98301	0.98301			6
2024.04.09	00:27:31.807	0.98306	0.98306			6
2024.04.09	00:27:32.088	0.98302	0.98302			6
2024.04.09	00:27:32.179	0.98306	0.98306			6
2024.04.09	00:27:32.329	0.98307	0.98307			6
2024.04.09	00:27:32.359	0.98303	0.98303			6
2024.04.09	00:27:32.420	0.98302	0.98302			6
2024.04.09	00:27:32.450	0.98303	0.98303			6
2024.04.09	00:27:32.482	0.98307	0.98307			6
2024.04.09	00:27:32.511	0.98306	0.98306			6
2024.04.09	00:27:32.541	0.98303	0.98303			6
2024.04.09	00:27:32.571	0.98307	0.98307			6
2024.04.09	00:27:32.784	0.98302	0.98302			6
2024.04.09	00:27:32.815	0.98303	0.98303			6
2024.04.09	00:27:32.966	0.98302	0.98302			6
2024.04.09	00:27:32.996	0.98307	0.98307			6
2024.04.09	00:27:33.271	0.98302	0.98302			6
2024.04.09	00:27:33.301	0.98307	0.98307			6
2024.04.09	00:27:33.391	0.98306	0.98306			6
2024.04.09	00:27:33.421	0.98302	0.98302			6
2024.04.09	00:27:33.452	0.98306	0.98306			6
2024.04.09	00:27:33.572	0.98302	0.98302			6
2024.04.09	00:27:33.964	0.98306	0.98306			6
2024.04.09	00:27:33.995	0.98307	0.98307			6
2024.04.09	00:27:34.191	0.98302	0.98302			6
2024.04.09	00:27:34.341	0.98307	0.98307			6
2024.04.09	00:27:34.372	0.98306	0.98306			6
2024.04.09	00:27:34.402	0.98302	0.98302			6
2024.04.09	00:27:34.432	0.98306	0.98306			6
2024.04.09	00:27:34.462	0.98302	0.98302			6
2024.04.09	00:27:34.642	0.98306	0.98306			6
2024.04.09	00:27:34.702	0.98303	0.98303			6
2024.04.09	00:27:34.829	0.98307	0.98307			6
2024.04.09	00:27:34.859	0.98303	0.98303			6
2024.04.09	00:27:35.063	0.98305	0.98305			6
2024.04.09	00:27:35.125	0.98304	0.98304			6
2024.04.09	00:27:35.155	0.98305	0.98305			6
2024.04.09	00:27:35.185	0.98307	0.98307			6
2024.04.09	00:27:35.215	0.98304	0.98304			6
2024.04.09	00:27:36.224	0.98308	0.98308			6
2024.04.09	00:27:36.286	0.98304	0.98304			6
2024.04.09	00:27:36.513	0.98305	0.98305			6
2024.04.09	00:27:36.543	0.98308	0.98308			6
2024.04.09	00:27:36.572	0.98304	0.98304			6
2024.04.09	00:27:36.664	0.98308	0.98308			6
2024.04.09	00:27:36.694	0.98305	0.98305			6
2024.04.09	00:27:36.724	0.98304	0.98304			6
2024.04.09	00:27:36.754	0.98307	0.98307			6
2024.04.09	00:27:36.784	0.98304	0.98304			6
2024.04.09	00:27:36.815	0.98305	0.98305			6
2024.04.09	00:27:36.875	0.98304	0.98304			6
2024.04.09	00:27:36.934	0.98308	0.98308			6
2024.04.09	00:27:36.964	0.98304	0.98304			6
2024.04.09	00:27:36.996	0.98308	0.98308			6
2024.04.09	00:27:37.026	0.98304	0.98304			6
2024.04.09	00:27:37.313	0.98305	0.98305			6
2024.04.09	00:27:37.343	0.98304	0.98304			6
2024.04.09	00:27:37.463	0.98305	0.98305			6
2024.04.09	00:27:37.584	0.98304	0.98304			6
2024.04.09	00:27:37.884	0.98307	0.98307			6
2024.04.09	00:27:37.915	0.98304	0.98304			6
2024.04.09	00:27:37.944	0.98308	0.98308			6
2024.04.09	00:27:37.974	0.98307	0.98307			6
2024.04.09	00:27:38.003	0.98308	0.98308			6
2024.04.09	00:27:38.064	0.98307	0.98307			6
2024.04.09	00:27:38.216	0.98305	0.98305			6
2024.04.09	00:27:38.245	0.98307	0.98307			6
2024.04.09	00:27:38.275	0.98303	0.98303			6
2024.04.09	00:27:38.335	0.98307	0.98307			6
2024.04.09	00:27:38.627	0.98303	0.98303			6
2024.04.09	00:27:38.687	0.98308	0.98308			6
2024.04.09	00:27:38.717	0.98307	0.98307			6
2024.04.09	00:27:38.943	0.98304	0.98304			6
2024.04.09	00:27:38.973	0.98308	0.98308			6
2024.04.09	00:27:39.003	0.98304	0.98304			6
2024.04.09	00:27:39.092	0.98308	0.98308			6
2024.04.09	00:27:39.123	0.98303	0.98303			6
2024.04.09	00:27:39.152	0.98304	0.98304			6
2024.04.09	00:27:39.183	0.98305	0.98305			6
2024.04.09	00:27:39.212	0.98304	0.98304			6
2024.04.09	00:27:39.396	0.98305	0.98305			6
2024.04.09	00:27:39.485	0.98304	0.98304			6
2024.04.09	00:27:39.667	0.98308	0.98308			6
2024.04.09	00:27:39.697	0.98305	0.98305			6
2024.04.09	00:27:39.727	0.98304	0.98304			6
2024.04.09	00:27:39.820	0.98308	0.98308			6
2024.04.09	00:27:39.851	0.98305	0.98305			6
2024.04.09	00:27:39.880	0.98304	0.98304			6
2024.04.09	00:27:39.941	0.98305	0.98305			6
2024.04.09	00:27:39.971	0.98304	0.98304			6
2024.04.09	00:27:40.002	0.98307	0.98307			6
2024.04.09	00:27:40.116	0.98305	0.98305			6
2024.04.09	00:27:40.236	0.98304	0.98304			6
2024.04.09	00:27:40.656	0.98305	0.98305			6
2024.04.09	00:27:40.687	0.98304	0.98304			6
2024.04.09	00:27:40.717	0.98305	0.98305			6
2024.04.09	00:27:40.980	0.98307	0.98307			6
2024.04.09	00:27:41.010	0.98304	0.98304			6
2024.04.09	00:27:41.099	0.98307	0.98307			6
2024.04.09	00:27:41.130	0.98304	0.98304			6
2024.04.09	00:27:41.249	0.98307	0.98307			6
2024.04.09	00:27:41.280	0.98308	0.98308			6
2024.04.09	00:27:41.311	0.98305	0.98305			6
2024.04.09	00:27:41.383	0.98307	0.98307			6
2024.04.09	00:27:41.444	0.98304	0.98304			6
2024.04.09	00:27:41.474	0.98305	0.98305			6
2024.04.09	00:27:41.505	0.98308	0.98308			6
2024.04.09	00:27:41.634	0.98305	0.98305			6
2024.04.09	00:27:42.532	0.98303	0.98303			6
2024.04.09	00:27:42.714	0.98302	0.98302			6
2024.04.09	00:27:42.744	0.98301	0.98301			6
2024.04.09	00:27:42.841	0.98297	0.98297			6
2024.04.09	00:27:42.871	0.98298	0.98298			6
2024.04.09	00:27:43.052	0.98301	0.98301			6
2024.04.09	00:27:43.112	0.98297	0.98297			6
2024.04.09	00:27:43.141	0.98298	0.98298			6
2024.04.09	00:27:43.228	0.98301	0.98301			6
2024.04.09	00:27:43.258	0.98296	0.98296			6
2024.04.09	00:27:43.288	0.98301	0.98301			6
2024.04.09	00:27:43.317	0.98300	0.98300			6
2024.04.09	00:27:44.373	0.98298	0.98298			6
2024.04.09	00:27:44.402	0.98300	0.98300			6
2024.04.09	00:27:44.432	0.98296	0.98296			6
2024.04.09	00:27:44.463	0.98299	0.98299			6
2024.04.09	00:27:44.584	0.98298	0.98298			6
2024.04.09	00:27:44.930	0.98299	0.98299			6
2024.04.09	00:27:45.279	0.98298	0.98298			6
2024.04.09	00:27:45.429	0.98299	0.98299			6
2024.04.09	00:27:45.519	0.98296	0.98296			6
2024.04.09	00:27:45.550	0.98298	0.98298			6
2024.04.09	00:27:46.119	0.98299	0.98299			6
2024.04.09	00:27:46.238	0.98300	0.98300			6
2024.04.09	00:27:46.269	0.98299	0.98299			6
2024.04.09	00:27:46.299	0.98298	0.98298			6
2024.04.09	00:27:46.721	0.98301	0.98301			6
2024.04.09	00:27:46.750	0.98298	0.98298			6
2024.04.09	00:27:47.471	0.98301	0.98301			6
2024.04.09	00:27:47.501	0.98298	0.98298			6
2024.04.09	00:27:48.504	0.98302	0.98302			6
2024.04.09	00:27:48.535	0.98298	0.98298			6
2024.04.09	00:27:48.624	0.98295	0.98295			6
2024.04.09	00:27:48.655	0.98298	0.98298			6
2024.04.09	00:27:48.715	0.98295	0.98295			6
2024.04.09	00:27:48.745	0.98299	0.98299			6
2024.04.09	00:27:48.775	0.98295	0.98295			6
2024.04.09	00:27:48.805	0.98294	0.98294			6
2024.04.09	00:27:48.835	0.98298	0.98298			6
2024.04.09	00:27:48.984	0.98299	0.98299			6
2024.04.09	00:27:49.015	0.98298	0.98298			6
2024.04.09	00:27:49.046	0.98297	0.98297			6
2024.04.09	00:27:49.135	0.98301	0.98301			6
2024.04.09	00:27:49.166	0.98298	0.98298			6
2024.04.09	00:27:49.196	0.98300	0.98300			6
2024.04.09	00:27:49.225	0.98298	0.98298			6
2024.04.09	00:27:49.286	0.98296	0.98296			6
2024.04.09	00:27:49.315	0.98299	0.98299			6
2024.04.09	00:27:49.346	0.98293	0.98293			6
2024.04.09	00:27:49.376	0.98294	0.98294			6
2024.04.09	00:27:49.406	0.98297	0.98297			6
2024.04.09	00:27:49.436	0.98300	0.98300			6
2024.04.09	00:27:49.466	0.98299	0.98299			6
2024.04.09	00:27:49.496	0.98296	0.98296			6
2024.04.09	00:27:49.564	0.98299	0.98299			6
2024.04.09	00:27:49.595	0.98294	0.98294			6
2024.04.09	00:27:49.624	0.98296	0.98296			6
2024.04.09	00:27:49.654	0.98297	0.98297			6
2024.04.09	00:27:49.795	0.98293	0.98293			6
2024.04.09	00:27:49.854	0.98297	0.98297			6
2024.04.09	00:27:50.104	0.98298	0.98298			6
2024.04.09	00:27:50.481	0.98294	0.98294			6
2024.04.09	00:27:50.511	0.98297	0.98297			6
2024.04.09	00:27:51.132	0.98300	0.98300			6
2024.04.09	00:27:51.162	0.98297	0.98297			6
2024.04.09	00:27:51.192	0.98294	0.98294			6
2024.04.09	00:27:51.223	0.98297	0.98297			6
2024.04.09	00:27:51.587	0.98298	0.98298			6
2024.04.09	00:27:51.647	0.98297	0.98297			6
2024.04.09	00:27:51.829	0.98301	0.98301			6
2024.04.09	00:27:51.859	0.98298	0.98298			6
2024.04.09	00:27:51.997	0.98300	0.98300			6
2024.04.09	00:27:52.027	0.98298	0.98298			6
2024.04.09	00:27:52.938	0.98296	0.98296			6
2024.04.09	00:27:52.968	0.98297	0.98297			6
2024.04.09	00:27:52.998	0.98300	0.98300			6
2024.04.09	00:27:53.028	0.98297	0.98297			6
2024.04.09	00:27:53.087	0.98301	0.98301			6
2024.04.09	00:27:53.117	0.98298	0.98298			6
2024.04.09	00:27:53.178	0.98297	0.98297			6
2024.04.09	00:27:53.268	0.98301	0.98301			6
2024.04.09	00:27:53.299	0.98297	0.98297			6
2024.04.09	00:27:53.449	0.98298	0.98298			6
2024.04.09	00:27:53.478	0.98294	0.98294			6
2024.04.09	00:27:53.509	0.98298	0.98298			6
2024.04.09	00:27:53.719	0.98294	0.98294			6
2024.04.09	00:27:53.748	0.98297	0.98297			6
2024.04.09	00:27:54.342	0.98300	0.98300			6
2024.04.09	00:27:54.372	0.98298	0.98298			6
2024.04.09	00:27:56.826	0.98297	0.98297			6
2024.04.09	00:27:56.855	0.98298	0.98298			6
2024.04.09	00:27:56.885	0.98297	0.98297			6
2024.04.09	00:27:57.037	0.98300	0.98300			6
2024.04.09	00:27:57.068	0.98297	0.98297			6
2024.04.09	00:27:57.221	0.98296	0.98296			6
2024.04.09	00:27:57.284	0.98298	0.98298			6
2024.04.09	00:27:57.344	0.98297	0.98297			6
2024.04.09	00:27:57.375	0.98296	0.98296			6
2024.04.09	00:27:57.405	0.98298	0.98298			6
2024.04.09	00:27:57.434	0.98297	0.98297			6
2024.04.09	00:27:57.748	0.98296	0.98296			6
2024.04.09	00:27:57.927	0.98295	0.98295			6
2024.04.09	00:27:57.988	0.98297	0.98297			6
2024.04.09	00:27:58.049	0.98300	0.98300			6
2024.04.09	00:27:58.080	0.98297	0.98297			6
2024.04.09	00:27:58.850	0.98296	0.98296			6
2024.04.09	00:27:58.880	0.98300	0.98300			6
2024.04.09	00:27:58.910	0.98297	0.98297			6
2024.04.09	00:27:58.999	0.98296	0.98296			6
2024.04.09	00:27:59.240	0.98295	0.98295			6
2024.04.09	00:27:59.389	0.98297	0.98297			6
2024.04.09	00:27:59.419	0.98295	0.98295			6
2024.04.09	00:27:59.822	0.98296	0.98296			6
2024.04.09	00:27:59.852	0.98295	0.98295			6
2024.04.09	00:28:00.343	0.98294	0.98294			6
2024.04.09	00:28:00.493	0.98295	0.98295			6
2024.04.09	00:28:00.584	0.98293	0.98293			6
2024.04.09	00:28:00.614	0.98295	0.98295			6
2024.04.09	00:28:00.644	0.98294	0.98294			6
2024.04.09	00:28:00.675	0.98291	0.98291			6
2024.04.09	00:28:00.704	0.98294	0.98294			6
2024.04.09	00:28:00.765	0.98295	0.98295			6
2024.04.09	00:28:00.824	0.98294	0.98294			6
2024.04.09	00:28:00.943	0.98293	0.98293			6
2024.04.09	00:28:01.004	0.98294	0.98294			6
2024.04.09	00:28:01.216	0.98293	0.98293			6
2024.04.09	00:28:01.246	0.98294	0.98294			6
2024.04.09	00:28:01.276	0.98292	0.98292			6
2024.04.09	00:28:01.306	0.98294	0.98294			6
2024.04.09	00:28:01.336	0.98293	0.98293			6
2024.04.09	00:28:01.366	0.98295	0.98295			6
2024.04.09	00:28:01.426	0.98294	0.98294			6
2024.04.09	00:28:01.457	0.98293	0.98293			6
2024.04.09	00:28:01.487	0.98295	0.98295			6
2024.04.09	00:28:01.547	0.98294	0.98294			6
2024.04.09	00:28:04.765	0.98295	0.98295			6
2024.04.09	00:28:04.795	0.98294	0.98294			6
2024.04.09	00:28:04.825	0.98295	0.98295			6
2024.04.09	00:28:05.019	0.98294	0.98294			6
2024.04.09	00:28:05.141	0.98293	0.98293			6
2024.04.09	00:28:05.171	0.98294	0.98294			6
2024.04.09	00:28:05.971	0.98293	0.98293			6
2024.04.09	00:28:06.000	0.98294	0.98294			6
2024.04.09	00:28:06.420	0.98293	0.98293			6
2024.04.09	00:28:06.450	0.98294	0.98294			6
2024.04.09	00:28:06.480	0.98292	0.98292			6
2024.04.09	00:28:06.509	0.98294	0.98294			6
2024.04.09	00:28:06.570	0.98292	0.98292			6
2024.04.09	00:28:06.661	0.98294	0.98294			6
2024.04.09	00:28:06.691	0.98292	0.98292			6
2024.04.09	00:28:06.752	0.98293	0.98293			6
2024.04.09	00:28:07.453	0.98292	0.98292			6
2024.04.09	00:28:07.484	0.98291	0.98291			6
2024.04.09	00:28:07.513	0.98292	0.98292			6
2024.04.09	00:28:07.544	0.98290	0.98290			6
2024.04.09	00:28:07.573	0.98293	0.98293			6
2024.04.09	00:28:07.603	0.98291	0.98291			6
2024.04.09	00:28:07.933	0.98289	0.98289			6
2024.04.09	00:28:07.992	0.98290	0.98290			6
2024.04.09	00:28:08.143	0.98289	0.98289			6
2024.04.09	00:28:08.203	0.98290	0.98290			6
2024.04.09	00:28:08.294	0.98288	0.98288			6
2024.04.09	00:28:08.323	0.98290	0.98290			6
2024.04.09	00:28:08.384	0.98288	0.98288			6
2024.04.09	00:28:08.413	0.98290	0.98290			6
2024.04.09	00:28:08.474	0.98289	0.98289			6
2024.04.09	00:28:08.625	0.98291	0.98291			6
2024.04.09	00:28:08.715	0.98290	0.98290			6
2024.04.09	00:28:08.864	0.98289	0.98289			6
2024.04.09	00:28:08.894	0.98291	0.98291			6
2024.04.09	00:28:08.986	0.98289	0.98289			6
2024.04.09	00:28:09.014	0.98291	0.98291			6
2024.04.09	00:28:09.165	0.98289	0.98289			6
2024.04.09	00:28:09.195	0.98291	0.98291			6
2024.04.09	00:28:09.225	0.98290	0.98290			6
2024.04.09	00:28:09.314	0.98287	0.98287			6
2024.04.09	00:28:09.346	0.98289	0.98289			6
2024.04.09	00:28:09.376	0.98290	0.98290			6
2024.04.09	00:28:09.405	0.98291	0.98291			6
2024.04.09	00:28:09.466	0.98287	0.98287			6
2024.04.09	00:28:09.497	0.98290	0.98290			6
2024.04.09	00:28:11.879	0.98291	0.98291			6
2024.04.09	00:28:12.090	0.98290	0.98290			6
2024.04.09	00:28:12.678	0.98291	0.98291			6
2024.04.09	00:28:12.710	0.98290	0.98290			6
2024.04.09	00:28:12.739	0.98288	0.98288			6
2024.04.09	00:28:12.860	0.98289	0.98289			6
2024.04.09	00:28:12.889	0.98288	0.98288			6
2024.04.09	00:28:12.919	0.98290	0.98290			6
2024.04.09	00:28:13.068	0.98289	0.98289			6
2024.04.09	00:28:13.391	0.98290	0.98290			6
2024.04.09	00:28:13.421	0.98288	0.98288			6
2024.04.09	00:28:13.453	0.98289	0.98289			6
2024.04.09	00:28:14.841	0.98290	0.98290			6
2024.04.09	00:28:14.870	0.98289	0.98289			6
2024.04.09	00:28:15.121	0.98288	0.98288			6
2024.04.09	00:28:15.351	0.98290	0.98290			6
2024.04.09	00:28:15.518	0.98289	0.98289			6
2024.04.09	00:28:15.936	0.98290	0.98290			6
2024.04.09	00:28:16.025	0.98289	0.98289			6
2024.04.09	00:28:16.085	0.98290	0.98290			6
2024.04.09	00:28:16.115	0.98289	0.98289			6
2024.04.09	00:28:16.145	0.98290	0.98290			6
2024.04.09	00:28:16.240	0.98289	0.98289			6
2024.04.09	00:28:16.329	0.98288	0.98288			6
2024.04.09	00:28:16.359	0.98289	0.98289			6
2024.04.09	00:28:16.566	0.98288	0.98288			6
2024.04.09	00:28:16.922	0.98289	0.98289			6
2024.04.09	00:28:16.983	0.98288	0.98288			6
2024.04.09	00:28:17.246	0.98289	0.98289			6
2024.04.09	00:28:17.917	0.98290	0.98290			6
2024.04.09	00:28:17.978	0.98289	0.98289			6
2024.04.09	00:28:18.008	0.98290	0.98290			6
2024.04.09	00:28:18.038	0.98289	0.98289			6
2024.04.09	00:28:18.127	0.98290	0.98290			6
2024.04.09	00:28:18.187	0.98289	0.98289			6
2024.04.09	00:28:18.217	0.98290	0.98290			6
2024.04.09	00:28:18.337	0.98288	0.98288			6
2024.04.09	00:28:18.368	0.98289	0.98289			6
2024.04.09	00:28:18.940	0.98288	0.98288			6
2024.04.09	00:28:19.001	0.98290	0.98290			6
2024.04.09	00:28:19.284	0.98289	0.98289			6
2024.04.09	00:28:19.313	0.98290	0.98290			6
2024.04.09	00:28:19.344	0.98289	0.98289			6
2024.04.09	00:28:19.373	0.98288	0.98288			6
2024.04.09	00:28:19.404	0.98289	0.98289			6
2024.04.09	00:28:19.464	0.98288	0.98288			6
2024.04.09	00:28:19.495	0.98286	0.98286			6
2024.04.09	00:28:19.615	0.98289	0.98289			6
2024.04.09	00:28:19.645	0.98286	0.98286			6
2024.04.09	00:28:19.735	0.98285	0.98285			6
2024.04.09	00:28:19.885	0.98287	0.98287			6
2024.04.09	00:28:19.945	0.98286	0.98286			6
2024.04.09	00:28:19.975	0.98288	0.98288			6
2024.04.09	00:28:20.005	0.98285	0.98285			6
2024.04.09	00:28:20.035	0.98286	0.98286			6
2024.04.09	00:28:20.094	0.98285	0.98285			6
2024.04.09	00:28:20.124	0.98288	0.98288			6
2024.04.09	00:28:20.154	0.98285	0.98285			6
2024.04.09	00:28:20.215	0.98288	0.98288			6
2024.04.09	00:28:20.246	0.98286	0.98286			6
2024.04.09	00:28:20.695	0.98285	0.98285			6
2024.04.09	00:28:20.725	0.98286	0.98286			6
2024.04.09	00:28:20.754	0.98285	0.98285			6
2024.04.09	00:28:20.785	0.98286	0.98286			6
2024.04.09	00:28:20.814	0.98284	0.98284			6
2024.04.09	00:28:20.845	0.98283	0.98283			6
2024.04.09	00:28:20.874	0.98285	0.98285			6
2024.04.09	00:28:20.935	0.98283	0.98283			6
2024.04.09	00:28:20.965	0.98285	0.98285			6
2024.04.09	00:28:21.174	0.98287	0.98287			6
2024.04.09	00:28:21.204	0.98284	0.98284			6
2024.04.09	00:28:21.263	0.98283	0.98283			6
2024.04.09	00:28:21.324	0.98285	0.98285			6
2024.04.09	00:28:21.729	0.98284	0.98284			6
2024.04.09	00:28:21.759	0.98285	0.98285			6
2024.04.09	00:28:21.819	0.98284	0.98284			6
2024.04.09	00:28:21.848	0.98285	0.98285			6
2024.04.09	00:28:22.028	0.98287	0.98287			6
2024.04.09	00:28:22.059	0.98285	0.98285			6
2024.04.09	00:28:22.089	0.98283	0.98283			6
2024.04.09	00:28:22.120	0.98286	0.98286			6
2024.04.09	00:28:22.150	0.98283	0.98283			6
2024.04.09	00:28:22.180	0.98284	0.98284			6
2024.04.09	00:28:22.209	0.98285	0.98285			6
2024.04.09	00:28:22.693	0.98283	0.98283			6
2024.04.09	00:28:22.723	0.98284	0.98284			6
2024.04.09	00:28:22.844	0.98286	0.98286			6
2024.04.09	00:28:23.140	0.98283	0.98283			6
2024.04.09	00:28:23.169	0.98285	0.98285			6
2024.04.09	00:28:23.230	0.98287	0.98287			6
2024.04.09	00:28:23.260	0.98284	0.98284			6
2024.04.09	00:28:23.381	0.98283	0.98283			6
2024.04.09	00:28:23.411	0.98285	0.98285			6
2024.04.09	00:28:23.441	0.98283	0.98283			6
2024.04.09	00:28:23.471	0.98285	0.98285			6
2024.04.09	00:28:24.270	0.98287	0.98287			6
2024.04.09	00:28:24.300	0.98285	0.98285			6
2024.04.09	00:28:24.481	0.98288	0.98288			6
2024.04.09	00:28:24.511	0.98285	0.98285			6
2024.04.09	00:28:24.572	0.98287	0.98287			6
2024.04.09	00:28:24.601	0.98285	0.98285			6
2024.04.09	00:28:24.691	0.98283	0.98283			6
2024.04.09	00:28:24.782	0.98286	0.98286			6
2024.04.09	00:28:24.842	0.98284	0.98284			6
2024.04.09	00:28:24.872	0.98286	0.98286			6
2024.04.09	00:28:24.902	0.98285	0.98285			6
2024.04.09	00:28:24.932	0.98283	0.98283			6
2024.04.09	00:28:25.021	0.98286	0.98286			6
2024.04.09	00:28:25.052	0.98285	0.98285			6
2024.04.09	00:28:25.423	0.98283	0.98283			6
2024.04.09	00:28:25.485	0.98285	0.98285			6
2024.04.09	00:28:25.879	0.98288	0.98288			6
2024.04.09	00:28:25.908	0.98285	0.98285			6
2024.04.09	00:28:25.938	0.98284	0.98284			6
2024.04.09	00:28:25.998	0.98286	0.98286			6
2024.04.09	00:28:26.120	0.98285	0.98285			6
2024.04.09	00:28:26.420	0.98288	0.98288			6
2024.04.09	00:28:26.450	0.98285	0.98285			6
2024.04.09	00:28:26.480	0.98288	0.98288			6
2024.04.09	00:28:26.509	0.98287	0.98287			6
2024.04.09	00:28:26.569	0.98288	0.98288			6
2024.04.09	00:28:26.599	0.98286	0.98286			6
2024.04.09	00:28:26.660	0.98288	0.98288			6
2024.04.09	00:28:26.690	0.98289	0.98289			6
2024.04.09	00:28:26.720	0.98287	0.98287			6
2024.04.09	00:28:26.749	0.98288	0.98288			6
2024.04.09	00:28:26.809	0.98286	0.98286			6
2024.04.09	00:28:26.869	0.98287	0.98287			6
2024.04.09	00:28:26.899	0.98288	0.98288			6
2024.04.09	00:28:26.959	0.98286	0.98286			6
2024.04.09	00:28:26.990	0.98280	0.98280			6
2024.04.09	00:28:27.020	0.98285	0.98285			6
2024.04.09	00:28:27.334	0.98284	0.98284			6
2024.04.09	00:28:27.455	0.98285	0.98285			6
2024.04.09	00:28:27.574	0.98284	0.98284			6
2024.04.09	00:28:27.664	0.98285	0.98285			6
2024.04.09	00:28:27.827	0.98286	0.98286			6
2024.04.09	00:28:27.887	0.98285	0.98285			6
2024.04.09	00:28:28.178	0.98284	0.98284			6
2024.04.09	00:28:28.267	0.98286	0.98286			6
2024.04.09	00:28:28.298	0.98285	0.98285			6
2024.04.09	00:28:28.688	0.98286	0.98286			6
2024.04.09	00:28:29.938	0.98285	0.98285			6
2024.04.09	00:28:30.041	0.98286	0.98286			6
2024.04.09	00:28:30.102	0.98284	0.98284			6
2024.04.09	00:28:30.206	0.98283	0.98283			6
2024.04.09	00:28:30.297	0.98284	0.98284			6
2024.04.09	00:28:30.327	0.98285	0.98285			6
2024.04.09	00:28:30.389	0.98282	0.98282			6
2024.04.09	00:28:30.418	0.98281	0.98281			6
2024.04.09	00:28:30.448	0.98283	0.98283			6
2024.04.09	00:28:36.509	0.98282	0.98282			6
2024.04.09	00:28:40.108	0.98283	0.98283			6
2024.04.09	00:28:40.943	0.98285	0.98285			6
2024.04.09	00:28:40.973	0.98283	0.98283			6
2024.04.09	00:28:41.003	0.98284	0.98284			6
2024.04.09	00:28:41.114	0.98282	0.98282			6
2024.04.09	00:28:41.143	0.98285	0.98285			6
2024.04.09	00:28:41.444	0.98286	0.98286			6
2024.04.09	00:28:41.473	0.98284	0.98284			6
2024.04.09	00:28:41.504	0.98286	0.98286			6
2024.04.09	00:28:41.564	0.98284	0.98284			6
2024.04.09	00:28:41.594	0.98286	0.98286			6
2024.04.09	00:28:41.715	0.98284	0.98284			6
2024.04.09	00:28:41.865	0.98285	0.98285			6
2024.04.09	00:28:42.046	0.98283	0.98283			6
2024.04.09	00:28:42.106	0.98284	0.98284			6
2024.04.09	00:28:42.168	0.98285	0.98285			6
2024.04.09	00:28:42.468	0.98283	0.98283			6
2024.04.09	00:28:47.787	0.98282	0.98282			6
2024.04.09	00:28:47.818	0.98283	0.98283			6
2024.04.09	00:28:48.981	0.98282	0.98282			6
2024.04.09	00:28:49.070	0.98283	0.98283			6
2024.04.09	00:28:49.140	0.98282	0.98282			6
2024.04.09	00:28:49.619	0.98284	0.98284			6
2024.04.09	00:28:49.975	0.98283	0.98283			6
2024.04.09	00:28:51.520	0.98284	0.98284			6
2024.04.09	00:28:51.550	0.98283	0.98283			6
2024.04.09	00:28:52.612	0.98284	0.98284			6
2024.04.09	00:28:52.950	0.98285	0.98285			6
2024.04.09	00:28:55.761	0.98286	0.98286			6
2024.04.09	00:28:57.580	0.98287	0.98287			6
2024.04.09	00:28:57.640	0.98286	0.98286			6
2024.04.09	00:28:58.743	0.98283	0.98283			6
2024.04.09	00:28:58.819	0.98286	0.98286			6
2024.04.09	00:28:59.120	0.98284	0.98284			6
2024.04.09	00:28:59.892	0.98286	0.98286			6
2024.04.09	00:29:00.940	0.98285	0.98285			6
2024.04.09	00:29:01.249	0.98286	0.98286			6
2024.04.09	00:29:03.812	0.98285	0.98285			6
2024.04.09	00:29:03.842	0.98287	0.98287			6
2024.04.09	00:29:03.872	0.98285	0.98285			6
2024.04.09	00:29:03.902	0.98287	0.98287			6
2024.04.09	00:29:03.932	0.98285	0.98285			6
2024.04.09	00:29:04.334	0.98287	0.98287			6
2024.04.09	00:29:04.393	0.98286	0.98286			6
2024.04.09	00:29:04.432	0.98287	0.98287			6
2024.04.09	00:29:04.823	0.98286	0.98286			6
2024.04.09	00:29:04.854	0.98287	0.98287			6
2024.04.09	00:29:05.694	0.98286	0.98286			6
2024.04.09	00:29:06.166	0.98287	0.98287			6
2024.04.09	00:29:06.196	0.98285	0.98285			6
2024.04.09	00:29:06.430	0.98287	0.98287			6
2024.04.09	00:29:06.491	0.98286	0.98286			6
2024.04.09	00:29:06.973	0.98287	0.98287			6
2024.04.09	00:29:07.122	0.98285	0.98285			6
2024.04.09	00:29:07.152	0.98287	0.98287			6
2024.04.09	00:29:07.182	0.98285	0.98285			6
2024.04.09	00:29:07.213	0.98287	0.98287			6
2024.04.09	00:29:07.273	0.98285	0.98285			6
2024.04.09	00:29:07.302	0.98287	0.98287			6
2024.04.09	00:29:07.332	0.98285	0.98285			6
2024.04.09	00:29:07.423	0.98287	0.98287			6
2024.04.09	00:29:07.452	0.98285	0.98285			6
2024.04.09	00:29:07.482	0.98287	0.98287			6
2024.04.09	00:29:09.430	0.98286	0.98286			6
2024.04.09	00:29:09.493	0.98287	0.98287			6
2024.04.09	00:29:09.885	0.98285	0.98285			6
2024.04.09	00:29:10.070	0.98287	0.98287			6
2024.04.09	00:29:10.099	0.98285	0.98285			6
2024.04.09	00:29:10.163	0.98287	0.98287			6
2024.04.09	00:29:10.224	0.98285	0.98285			6
2024.04.09	00:29:10.253	0.98287	0.98287			6
2024.04.09	00:29:10.471	0.98285	0.98285			6
2024.04.09	00:29:10.501	0.98286	0.98286			6
2024.04.09	00:29:10.840	0.98287	0.98287			6
2024.04.09	00:29:11.120	0.98286	0.98286			6
2024.04.09	00:29:11.150	0.98285	0.98285			6
2024.04.09	00:29:11.180	0.98286	0.98286			6
2024.04.09	00:29:11.210	0.98287	0.98287			6
2024.04.09	00:29:11.741	0.98285	0.98285			6
2024.04.09	00:29:11.771	0.98287	0.98287			6
2024.04.09	00:29:11.802	0.98285	0.98285			6
2024.04.09	00:29:11.929	0.98287	0.98287			6
2024.04.09	00:29:11.959	0.98285	0.98285			6
2024.04.09	00:29:11.989	0.98287	0.98287			6
2024.04.09	00:29:12.049	0.98285	0.98285			6
2024.04.09	00:29:12.721	0.98287	0.98287			6
2024.04.09	00:29:12.984	0.98286	0.98286			6
2024.04.09	00:29:20.713	0.98288	0.98288			6
2024.04.09	00:29:30.471	0.98287	0.98287			6
2024.04.09	00:29:30.501	0.98285	0.98285			6
2024.04.09	00:29:30.532	0.98282	0.98282			6
2024.04.09	00:29:33.943	0.98283	0.98283			6
2024.04.09	00:29:34.094	0.98282	0.98282			6
2024.04.09	00:29:34.123	0.98280	0.98280			6
2024.04.09	00:29:34.153	0.98283	0.98283			6
2024.04.09	00:29:34.213	0.98280	0.98280			6
2024.04.09	00:29:34.244	0.98283	0.98283			6
2024.04.09	00:29:35.321	0.98279	0.98279			6
2024.04.09	00:29:35.352	0.98283	0.98283			6
2024.04.09	00:29:36.712	0.98282	0.98282			6
2024.04.09	00:29:38.390	0.98281	0.98281			6
2024.04.09	00:29:39.399	0.98279	0.98279			6
2024.04.09	00:29:39.429	0.98282	0.98282			6
2024.04.09	00:29:39.760	0.98283	0.98283			6
2024.04.09	00:29:40.734	0.98282	0.98282			6
2024.04.09	00:29:41.217	0.98280	0.98280			6
2024.04.09	00:29:41.247	0.98282	0.98282			6
2024.04.09	00:29:41.945	0.98283	0.98283			6
2024.04.09	00:29:42.611	0.98282	0.98282			6
2024.04.09	00:29:42.672	0.98280	0.98280			6
2024.04.09	00:29:42.701	0.98282	0.98282			6
2024.04.09	00:29:42.821	0.98279	0.98279			6
2024.04.09	00:29:42.851	0.98281	0.98281			6
2024.04.09	00:29:42.881	0.98280	0.98280			6
2024.04.09	00:29:42.911	0.98281	0.98281			6
2024.04.09	00:29:43.002	0.98283	0.98283			6
2024.04.09	00:29:43.211	0.98282	0.98282			6
2024.04.09	00:29:43.669	0.98283	0.98283			6
2024.04.09	00:29:44.789	0.98282	0.98282			6
2024.04.09	00:29:45.982	0.98284	0.98284			6
2024.04.09	00:29:46.371	0.98283	0.98283			6
2024.04.09	00:29:46.400	0.98284	0.98284			6
2024.04.09	00:29:46.671	0.98281	0.98281			6
2024.04.09	00:29:46.701	0.98284	0.98284			6
2024.04.09	00:29:46.882	0.98283	0.98283			6
2024.04.09	00:29:46.942	0.98281	0.98281			6
2024.04.09	00:29:47.462	0.98283	0.98283			6
2024.04.09	00:29:49.619	0.98280	0.98280			6
2024.04.09	00:29:49.770	0.98284	0.98284			6
2024.04.09	00:29:50.369	0.98283	0.98283			6
2024.04.09	00:29:50.461	0.98280	0.98280			6
2024.04.09	00:29:50.583	0.98284	0.98284			6
2024.04.09	00:29:50.642	0.98280	0.98280			6
2024.04.09	00:29:50.672	0.98282	0.98282			6
2024.04.09	00:29:50.702	0.98283	0.98283			6
2024.04.09	00:29:50.732	0.98281	0.98281			6
2024.04.09	00:29:50.792	0.98282	0.98282			6
2024.04.09	00:29:50.822	0.98285	0.98285			6
2024.04.09	00:29:50.852	0.98280	0.98280			6
2024.04.09	00:29:50.882	0.98283	0.98283			6
2024.04.09	00:29:50.913	0.98284	0.98284			6
2024.04.09	00:29:51.033	0.98280	0.98280			6
2024.04.09	00:29:51.063	0.98284	0.98284			6
2024.04.09	00:29:51.722	0.98281	0.98281			6
2024.04.09	00:29:51.753	0.98284	0.98284			6
2024.04.09	00:29:52.090	0.98283	0.98283			6
2024.04.09	00:29:52.811	0.98284	0.98284			6
2024.04.09	00:29:52.840	0.98280	0.98280			6
2024.04.09	00:29:52.870	0.98281	0.98281			6
2024.04.09	00:29:52.930	0.98284	0.98284			6
2024.04.09	00:29:52.960	0.98281	0.98281			6
2024.04.09	00:29:53.076	0.98284	0.98284			6
2024.04.09	00:29:53.106	0.98281	0.98281			6
2024.04.09	00:29:53.177	0.98284	0.98284			6
2024.04.09	00:29:53.207	0.98283	0.98283			6
2024.04.09	00:29:53.610	0.98280	0.98280			6
2024.04.09	00:29:53.641	0.98282	0.98282			6
2024.04.09	00:29:54.182	0.98281	0.98281			6
2024.04.09	00:29:54.213	0.98283	0.98283			6
2024.04.09	00:29:54.243	0.98280	0.98280			6
2024.04.09	00:29:54.303	0.98283	0.98283			6
2024.04.09	00:29:54.363	0.98284	0.98284			6
2024.04.09	00:29:54.488	0.98283	0.98283			6
2024.04.09	00:29:54.519	0.98280	0.98280			6
2024.04.09	00:29:54.548	0.98283	0.98283			6
2024.04.09	00:29:54.578	0.98281	0.98281			6
2024.04.09	00:29:54.640	0.98280	0.98280			6
2024.04.09	00:29:54.735	0.98281	0.98281			6
2024.04.09	00:29:54.794	0.98283	0.98283			6
2024.04.09	00:29:54.884	0.98284	0.98284			6
2024.04.09	00:29:54.914	0.98283	0.98283			6
2024.04.09	00:29:54.945	0.98281	0.98281			6
2024.04.09	00:29:54.976	0.98282	0.98282			6
2024.04.09	00:29:55.066	0.98280	0.98280			6
2024.04.09	00:29:55.125	0.98283	0.98283			6
2024.04.09	00:29:55.155	0.98281	0.98281			6
2024.04.09	00:29:55.245	0.98280	0.98280			6
2024.04.09	00:29:55.275	0.98281	0.98281			6
2024.04.09	00:29:55.305	0.98280	0.98280			6
2024.04.09	00:29:55.335	0.98283	0.98283			6
2024.04.09	00:29:55.482	0.98280	0.98280			6
2024.04.09	00:29:55.542	0.98282	0.98282			6
2024.04.09	00:29:55.571	0.98279	0.98279			6
2024.04.09	00:29:55.602	0.98280	0.98280			6
2024.04.09	00:29:55.631	0.98284	0.98284			6
2024.04.09	00:29:55.661	0.98280	0.98280			6
2024.04.09	00:29:55.691	0.98282	0.98282			6
2024.04.09	00:29:56.024	0.98279	0.98279			6
2024.04.09	00:29:56.054	0.98283	0.98283			6
2024.04.09	00:29:56.084	0.98280	0.98280			6
2024.04.09	00:29:56.115	0.98282	0.98282			6
2024.04.09	00:29:56.144	0.98279	0.98279			6
2024.04.09	00:29:56.174	0.98283	0.98283			6
2024.04.09	00:29:56.204	0.98282	0.98282			6
2024.04.09	00:29:56.235	0.98281	0.98281			6
2024.04.09	00:29:56.613	0.98280	0.98280			6
2024.04.09	00:29:56.642	0.98282	0.98282			6
2024.04.09	00:29:56.703	0.98283	0.98283			6
2024.04.09	00:29:56.762	0.98281	0.98281			6
2024.04.09	00:29:56.792	0.98283	0.98283			6
2024.04.09	00:29:56.822	0.98282	0.98282			6
2024.04.09	00:29:56.884	0.98283	0.98283			6
2024.04.09	00:29:56.944	0.98279	0.98279			6
2024.04.09	00:29:56.974	0.98280	0.98280			6
2024.04.09	00:29:57.033	0.98279	0.98279			6
2024.04.09	00:29:57.063	0.98281	0.98281			6
2024.04.09	00:29:57.094	0.98282	0.98282			6
2024.04.09	00:29:57.124	0.98279	0.98279			6
2024.04.09	00:29:57.153	0.98283	0.98283			6
2024.04.09	00:29:57.184	0.98279	0.98279			6
2024.04.09	00:29:57.213	0.98282	0.98282			6
2024.04.09	00:29:57.244	0.98280	0.98280			6
2024.04.09	00:29:57.305	0.98279	0.98279			6
2024.04.09	00:29:57.335	0.98282	0.98282			6
2024.04.09	00:29:57.430	0.98283	0.98283			6
2024.04.09	00:29:57.460	0.98282	0.98282			6
2024.04.09	00:29:57.490	0.98283	0.98283			6
2024.04.09	00:29:57.640	0.98279	0.98279			6
2024.04.09	00:29:57.671	0.98282	0.98282			6
2024.04.09	00:29:57.700	0.98280	0.98280			6
2024.04.09	00:29:57.731	0.98283	0.98283			6
2024.04.09	00:29:57.761	0.98282	0.98282			6
2024.04.09	00:29:57.791	0.98281	0.98281			6
2024.04.09	00:29:57.821	0.98283	0.98283			6
2024.04.09	00:29:58.213	0.98282	0.98282			6
2024.04.09	00:29:58.242	0.98283	0.98283			6
2024.04.09	00:29:58.332	0.98279	0.98279			6
2024.04.09	00:29:58.365	0.98283	0.98283			6
2024.04.09	00:29:58.493	0.98281	0.98281			6
2024.04.09	00:29:58.592	0.98282	0.98282			6
2024.04.09	00:29:58.622	0.98279	0.98279			6
2024.04.09	00:29:58.652	0.98280	0.98280			6
2024.04.09	00:29:58.712	0.98283	0.98283			6
2024.04.09	00:29:58.743	0.98279	0.98279			6
2024.04.09	00:29:58.773	0.98280	0.98280			6
2024.04.09	00:29:58.802	0.98283	0.98283			6
2024.04.09	00:29:59.470	0.98282	0.98282			6
2024.04.09	00:29:59.591	0.98283	0.98283			6
2024.04.09	00:29:59.621	0.98281	0.98281			6
2024.04.09	00:29:59.651	0.98283	0.98283			6
2024.04.09	00:29:59.682	0.98282	0.98282			6
2024.04.09	00:29:59.771	0.98280	0.98280			6
2024.04.09	00:29:59.831	0.98281	0.98281			6
2024.04.09	00:29:59.862	0.98280	0.98280			6
2024.04.09	00:29:59.892	0.98282	0.98282			6
2024.04.09	00:30:00.073	0.98279	0.98279			6
2024.04.09	00:30:00.103	0.98277	0.98277			6
2024.04.09	00:30:00.508	0.98281	0.98281			6
2024.04.09	00:30:00.539	0.98280	0.98280			6
2024.04.09	00:30:00.569	0.98277	0.98277			6
2024.04.09	00:30:00.599	0.98278	0.98278			6
2024.04.09	00:30:00.688	0.98280	0.98280			6
2024.04.09	00:30:00.719	0.98276	0.98276			6
2024.04.09	00:30:00.749	0.98277	0.98277			6
2024.04.09	00:30:00.779	0.98278	0.98278			6
2024.04.09	00:30:01.201	0.98280	0.98280			6
2024.04.09	00:30:01.230	0.98277	0.98277			6
2024.04.09	00:30:01.291	0.98280	0.98280			6
2024.04.09	00:30:01.321	0.98276	0.98276			6
2024.04.09	00:30:01.350	0.98277	0.98277			6
2024.04.09	00:30:01.942	0.98278	0.98278			6
2024.04.09	00:30:02.002	0.98280	0.98280			6
2024.04.09	00:30:02.314	0.98276	0.98276			6
2024.04.09	00:30:02.344	0.98277	0.98277			6
2024.04.09	00:30:02.500	0.98280	0.98280			6
2024.04.09	00:30:02.652	0.98281	0.98281			6
2024.04.09	00:30:04.030	0.98282	0.98282			6
2024.04.09	00:30:05.770	0.98281	0.98281			6
2024.04.09	00:30:05.867	0.98280	0.98280			6
2024.04.09	00:30:05.896	0.98282	0.98282			6
2024.04.09	00:30:06.076	0.98283	0.98283			6
2024.04.09	00:30:10.212	0.98288	0.98288			6
2024.04.09	00:30:11.322	0.98289	0.98289			6
2024.04.09	00:30:13.049	0.98291	0.98291			6
2024.04.09	00:30:15.086	0.98292	0.98292			6
2024.04.09	00:30:16.051	0.98290	0.98290			6
2024.04.09	00:30:16.111	0.98291	0.98291			6
2024.04.09	00:30:16.141	0.98292	0.98292			6
2024.04.09	00:30:16.987	0.98291	0.98291			6
2024.04.09	00:30:17.243	0.98292	0.98292			6
2024.04.09	00:30:17.788	0.98293	0.98293			6
2024.04.09	00:30:17.848	0.98292	0.98292			6
2024.04.09	00:30:17.878	0.98291	0.98291			6
2024.04.09	00:30:18.171	0.98293	0.98293			6
2024.04.09	00:30:20.883	0.98295	0.98295			6
2024.04.09	00:30:25.082	0.98297	0.98297			6
2024.04.09	00:30:25.273	0.98296	0.98296			6
2024.04.09	00:30:27.392	0.98297	0.98297			6
2024.04.09	00:30:27.421	0.98296	0.98296			6
2024.04.09	00:30:27.452	0.98297	0.98297			6
2024.04.09	00:30:27.482	0.98298	0.98298			6
2024.04.09	00:30:27.912	0.98299	0.98299			6
2024.04.09	00:30:28.291	0.98298	0.98298			6
2024.04.09	00:30:29.738	0.98299	0.98299			6
2024.04.09	00:30:31.333	0.98301	0.98301			6
2024.04.09	00:30:31.454	0.98300	0.98300			6
2024.04.09	00:30:31.484	0.98297	0.98297			6
2024.04.09	00:30:31.544	0.98298	0.98298			6
2024.04.09	00:30:31.878	0.98296	0.98296			6
2024.04.09	00:30:32.105	0.98297	0.98297			6
2024.04.09	00:30:34.280	0.98296	0.98296			6
2024.04.09	00:30:34.310	0.98297	0.98297			6
2024.04.09	00:30:34.340	0.98296	0.98296			6
2024.04.09	00:30:34.662	0.98297	0.98297			6
2024.04.09	00:30:35.084	0.98298	0.98298			6
2024.04.09	00:30:36.230	0.98297	0.98297			6
2024.04.09	00:30:41.466	0.98296	0.98296			6
2024.04.09	00:30:41.918	0.98297	0.98297			6
2024.04.09	00:30:45.627	0.98296	0.98296			6
2024.04.09	00:30:46.170	0.98297	0.98297			6
2024.04.09	00:30:49.802	0.98296	0.98296			6
2024.04.09	00:30:52.419	0.98297	0.98297			6
2024.04.09	00:30:52.479	0.98296	0.98296			6
2024.04.09	00:30:52.812	0.98297	0.98297			6
2024.04.09	00:30:53.798	0.98296	0.98296			6
2024.04.09	00:30:53.859	0.98290	0.98290			6
2024.04.09	00:30:53.920	0.98289	0.98289			6
2024.04.09	00:30:54.301	0.98288	0.98288			6
2024.04.09	00:30:54.557	0.98289	0.98289			6
2024.04.09	00:30:54.660	0.98288	0.98288			6
2024.04.09	00:30:55.398	0.98289	0.98289			6
2024.04.09	00:30:55.763	0.98288	0.98288			6
2024.04.09	00:30:56.499	0.98287	0.98287			6
2024.04.09	00:30:57.428	0.98286	0.98286			6
2024.04.09	00:30:58.995	0.98285	0.98285			6
2024.04.09	00:30:59.692	0.98286	0.98286			6
2024.04.09	00:31:00.061	0.98285	0.98285			6
2024.04.09	00:31:00.091	0.98286	0.98286			6
2024.04.09	00:31:00.122	0.98285	0.98285			6
2024.04.09	00:31:00.885	0.98278	0.98278			6
2024.04.09	00:31:00.914	0.98279	0.98279			6
2024.04.09	00:31:00.945	0.98278	0.98278			6
2024.04.09	00:31:01.034	0.98277	0.98277			6
2024.04.09	00:31:01.418	0.98278	0.98278			6
2024.04.09	00:31:01.448	0.98277	0.98277			6
2024.04.09	00:31:04.593	0.98276	0.98276			6
2024.04.09	00:31:04.623	0.98275	0.98275			6
2024.04.09	00:31:07.014	0.98279	0.98279			6
2024.04.09	00:31:07.044	0.98280	0.98280			6
2024.04.09	00:31:07.074	0.98279	0.98279			6
2024.04.09	00:31:07.350	0.98280	0.98280			6
2024.04.09	00:31:07.419	0.98278	0.98278			6
2024.04.09	00:31:07.499	0.98279	0.98279			6
2024.04.09	00:31:10.391	0.98278	0.98278			6
2024.04.09	00:31:10.458	0.98280	0.98280			6
2024.04.09	00:31:10.488	0.98279	0.98279			6
2024.04.09	00:31:11.305	0.98283	0.98283			6
2024.04.09	00:31:15.328	0.98285	0.98285			6
2024.04.09	00:31:15.359	0.98284	0.98284			6
2024.04.09	00:31:15.450	0.98285	0.98285			6
2024.04.09	00:31:16.023	0.98286	0.98286			6
2024.04.09	00:31:16.053	0.98285	0.98285			6
2024.04.09	00:31:16.418	0.98287	0.98287			6
2024.04.09	00:31:16.450	0.98286	0.98286			6
2024.04.09	00:31:16.810	0.98285	0.98285			6
2024.04.09	00:31:17.856	0.98284	0.98284			6
2024.04.09	00:31:18.364	0.98285	0.98285			6
2024.04.09	00:31:20.387	0.98284	0.98284			6
2024.04.09	00:31:20.447	0.98283	0.98283			6
2024.04.09	00:31:20.478	0.98285	0.98285			6
2024.04.09	00:31:21.740	0.98294	0.98294			6
2024.04.09	00:31:22.733	0.98295	0.98295			6
2024.04.09	00:31:36.302	0.98296	0.98296			6
2024.04.09	00:31:36.333	0.98295	0.98295			6
2024.04.09	00:31:40.521	0.98294	0.98294			6
2024.04.09	00:31:40.717	0.98295	0.98295			6
2024.04.09	00:31:40.747	0.98294	0.98294			6
2024.04.09	00:31:40.807	0.98295	0.98295			6
2024.04.09	00:31:42.509	0.98294	0.98294			6
2024.04.09	00:31:43.119	0.98293	0.98293			6
2024.04.09	00:31:43.631	0.98292	0.98292			6
2024.04.09	00:31:43.660	0.98294	0.98294			6
2024.04.09	00:31:43.690	0.98292	0.98292			6
2024.04.09	00:31:43.721	0.98294	0.98294			6
2024.04.09	00:31:43.981	0.98292	0.98292			6
2024.04.09	00:31:44.012	0.98294	0.98294			6
2024.04.09	00:31:44.042	0.98293	0.98293			6
2024.04.09	00:31:44.384	0.98292	0.98292			6
2024.04.09	00:31:44.414	0.98294	0.98294			6
2024.04.09	00:31:44.476	0.98292	0.98292			6
2024.04.09	00:31:44.512	0.98293	0.98293			6
2024.04.09	00:31:44.542	0.98294	0.98294			6
2024.04.09	00:31:44.572	0.98292	0.98292			6
2024.04.09	00:31:44.602	0.98294	0.98294			6
2024.04.09	00:31:44.913	0.98293	0.98293			6
2024.04.09	00:31:44.944	0.98295	0.98295			6
2024.04.09	00:31:44.973	0.98293	0.98293			6
2024.04.09	00:31:46.060	0.98294	0.98294			6
2024.04.09	00:31:46.091	0.98295	0.98295			6
2024.04.09	00:31:46.120	0.98293	0.98293			6
2024.04.09	00:31:46.151	0.98295	0.98295			6
2024.04.09	00:31:55.972	0.98296	0.98296			6
2024.04.09	00:31:56.281	0.98295	0.98295			6
2024.04.09	00:32:00.120	0.98297	0.98297			6
2024.04.09	00:32:00.182	0.98295	0.98295			6
2024.04.09	00:32:03.060	0.98294	0.98294			6
2024.04.09	00:32:06.630	0.98295	0.98295			6
2024.04.09	00:32:12.552	0.98296	0.98296			6
2024.04.09	00:32:14.642	0.98295	0.98295			6
2024.04.09	00:32:20.813	0.98296	0.98296			6
2024.04.09	00:32:21.748	0.98295	0.98295			6
2024.04.09	00:32:21.838	0.98296	0.98296			6
2024.04.09	00:32:22.391	0.98295	0.98295			6
2024.04.09	00:32:39.903	0.98296	0.98296			6
2024.04.09	00:32:39.934	0.98295	0.98295			6
2024.04.09	00:32:47.741	0.98297	0.98297			6
2024.04.09	00:32:48.042	0.98296	0.98296			6
2024.04.09	00:32:48.198	0.98294	0.98294			6
2024.04.09	00:32:48.440	0.98295	0.98295			6
2024.04.09	00:32:54.460	0.98296	0.98296			6
2024.04.09	00:32:55.399	0.98295	0.98295			6
2024.04.09	00:32:55.428	0.98296	0.98296			6
2024.04.09	00:32:55.598	0.98295	0.98295			6
2024.04.09	00:32:55.681	0.98296	0.98296			6
2024.04.09	00:32:59.783	0.98295	0.98295			6
2024.04.09	00:33:00.121	0.98296	0.98296			6
2024.04.09	00:33:00.151	0.98295	0.98295			6
2024.04.09	00:33:03.880	0.98296	0.98296			6
2024.04.09	00:33:03.911	0.98295	0.98295			6
2024.04.09	00:33:07.531	0.98296	0.98296			6
2024.04.09	00:33:15.680	0.98295	0.98295			6
2024.04.09	00:33:16.881	0.98297	0.98297			6
2024.04.09	00:33:17.212	0.98295	0.98295			6
2024.04.09	00:33:23.773	0.98294	0.98294			6
2024.04.09	00:33:26.950	0.98295	0.98295			6
2024.04.09	00:33:27.011	0.98296	0.98296			6
2024.04.09	00:33:27.071	0.98295	0.98295			6
2024.04.09	00:33:27.140	0.98296	0.98296			6
2024.04.09	00:33:30.198	0.98297	0.98297			6
2024.04.09	00:33:33.761	0.98296	0.98296			6
2024.04.09	00:33:33.789	0.98295	0.98295			6
2024.04.09	00:33:34.352	0.98296	0.98296			6
2024.04.09	00:33:38.291	0.98295	0.98295			6
2024.04.09	00:33:39.180	0.98296	0.98296			6
2024.04.09	00:33:43.926	0.98295	0.98295			6
2024.04.09	00:33:44.560	0.98296	0.98296			6
2024.04.09	00:33:44.589	0.98295	0.98295			6
2024.04.09	00:33:45.041	0.98294	0.98294			6
2024.04.09	00:33:45.130	0.98295	0.98295			6
2024.04.09	00:33:45.220	0.98294	0.98294			6
2024.04.09	00:33:46.680	0.98295	0.98295			6
2024.04.09	00:33:54.618	0.98296	0.98296			6
2024.04.09	00:33:56.353	0.98295	0.98295			6
2024.04.09	00:33:56.443	0.98296	0.98296			6
2024.04.09	00:33:59.788	0.98295	0.98295			6
2024.04.09	00:33:59.912	0.98296	0.98296			6
2024.04.09	00:33:59.941	0.98297	0.98297			6
2024.04.09	00:34:00.032	0.98295	0.98295			6
2024.04.09	00:34:35.881	0.98296	0.98296			6
2024.04.09	00:34:35.911	0.98295	0.98295			6
2024.04.09	00:34:39.211	0.98294	0.98294			6
2024.04.09	00:34:39.339	0.98295	0.98295			6
2024.04.09	00:34:47.889	0.98294	0.98294			6
2024.04.09	00:34:47.919	0.98295	0.98295			6
2024.04.09	00:34:48.008	0.98294	0.98294			6
2024.04.09	00:34:48.938	0.98295	0.98295			6
2024.04.09	00:34:49.058	0.98294	0.98294			6
2024.04.09	00:34:49.088	0.98295	0.98295			6
2024.04.09	00:34:55.301	0.98294	0.98294			6
2024.04.09	00:34:55.604	0.98295	0.98295			6
2024.04.09	00:35:03.522	0.98296	0.98296			6
2024.04.09	00:35:03.583	0.98295	0.98295			6
2024.04.09	00:35:03.613	0.98296	0.98296			6
2024.04.09	00:35:03.672	0.98297	0.98297			6
2024.04.09	00:35:03.703	0.98295	0.98295			6
2024.04.09	00:35:03.733	0.98296	0.98296			6
2024.04.09	00:35:04.199	0.98295	0.98295			6
2024.04.09	00:35:07.257	0.98296	0.98296			6
2024.04.09	00:35:07.288	0.98295	0.98295			6
2024.04.09	00:35:07.317	0.98296	0.98296			6
2024.04.09	00:35:07.378	0.98295	0.98295			6
2024.04.09	00:35:12.264	0.98294	0.98294			6
2024.04.09	00:35:12.622	0.98295	0.98295			6
2024.04.09	00:35:13.510	0.98296	0.98296			6
2024.04.09	00:35:14.684	0.98295	0.98295			6
2024.04.09	00:35:21.056	0.98294	0.98294			6
2024.04.09	00:35:26.312	0.98295	0.98295			6
2024.04.09	00:35:29.330	0.98294	0.98294			6
2024.04.09	00:35:31.340	0.98295	0.98295			6
2024.04.09	00:35:35.887	0.98296	0.98296			6
2024.04.09	00:35:35.948	0.98295	0.98295			6
2024.04.09	00:35:36.019	0.98296	0.98296			6
2024.04.09	00:35:36.180	0.98297	0.98297			6
2024.04.09	00:35:36.264	0.98296	0.98296			6
2024.04.09	00:35:36.295	0.98297	0.98297			6
2024.04.09	00:35:36.325	0.98295	0.98295			6
2024.04.09	00:35:36.892	0.98296	0.98296			6
2024.04.09	00:35:36.922	0.98295	0.98295			6
2024.04.09	00:35:37.012	0.98296	0.98296			6
2024.04.09	00:35:37.042	0.98295	0.98295			6
2024.04.09	00:35:41.897	0.98294	0.98294			6
2024.04.09	00:35:42.142	0.98296	0.98296			6
2024.04.09	00:35:42.171	0.98294	0.98294			6
2024.04.09	00:35:42.429	0.98295	0.98295			6
2024.04.09	00:35:46.703	0.98296	0.98296			6
2024.04.09	00:35:46.831	0.98297	0.98297			6
2024.04.09	00:35:46.920	0.98295	0.98295			6
2024.04.09	00:35:46.950	0.98296	0.98296			6
2024.04.09	00:35:47.260	0.98295	0.98295			6
2024.04.09	00:35:49.561	0.98297	0.98297			6
2024.04.09	00:35:51.256	0.98296	0.98296			6
2024.04.09	00:35:51.317	0.98295	0.98295			6
2024.04.09	00:35:51.613	0.98296	0.98296			6
2024.04.09	00:35:51.939	0.98295	0.98295			6
2024.04.09	00:35:52.239	0.98296	0.98296			6
2024.04.09	00:35:53.800	0.98297	0.98297			6
2024.04.09	00:35:53.860	0.98296	0.98296			6
2024.04.09	00:35:54.042	0.98297	0.98297			6
2024.04.09	00:35:54.191	0.98296	0.98296			6
2024.04.09	00:35:54.535	0.98295	0.98295			6
2024.04.09	00:35:54.687	0.98296	0.98296			6
2024.04.09	00:35:57.082	0.98295	0.98295			6
2024.04.09	00:35:57.186	0.98297	0.98297			6
2024.04.09	00:35:57.216	0.98295	0.98295			6
2024.04.09	00:35:57.336	0.98296	0.98296			6
2024.04.09	00:35:57.367	0.98295	0.98295			6
2024.04.09	00:35:57.397	0.98296	0.98296			6
2024.04.09	00:35:57.457	0.98295	0.98295			6
2024.04.09	00:35:57.487	0.98297	0.98297			6
2024.04.09	00:35:57.666	0.98296	0.98296			6
2024.04.09	00:35:57.839	0.98295	0.98295			6
2024.04.09	00:36:00.841	0.98296	0.98296			6
2024.04.09	00:36:01.084	0.98297	0.98297			6
2024.04.09	00:36:01.410	0.98296	0.98296			6
2024.04.09	00:36:05.788	0.98297	0.98297			6
2024.04.09	00:36:06.949	0.98296	0.98296			6
2024.04.09	00:36:09.690	0.98297	0.98297			6
2024.04.09	00:36:10.170	0.98295	0.98295			6
2024.04.09	00:36:10.599	0.98296	0.98296			6
2024.04.09	00:36:12.665	0.98295	0.98295			6
2024.04.09	00:36:13.530	0.98297	0.98297			6
2024.04.09	00:36:13.681	0.98296	0.98296			6
2024.04.09	00:36:13.710	0.98295	0.98295			6
2024.04.09	00:36:13.970	0.98296	0.98296			6
2024.04.09	00:36:18.161	0.98297	0.98297			6
2024.04.09	00:36:18.346	0.98298	0.98298			6
2024.04.09	00:36:18.376	0.98297	0.98297			6
2024.04.09	00:36:21.887	0.98296	0.98296			6
2024.04.09	00:36:21.917	0.98295	0.98295			6
2024.04.09	00:36:28.540	0.98296	0.98296			6
2024.04.09	00:36:28.639	0.98295	0.98295			6
2024.04.09	00:36:34.289	0.98294	0.98294			6
2024.04.09	00:36:37.313	0.98295	0.98295			6
2024.04.09	00:36:37.434	0.98294	0.98294			6
2024.04.09	00:36:37.713	0.98295	0.98295			6
2024.04.09	00:36:37.742	0.98294	0.98294			6
2024.04.09	00:36:37.773	0.98295	0.98295			6
2024.04.09	00:36:38.132	0.98294	0.98294			6
2024.04.09	00:36:38.192	0.98295	0.98295			6
2024.04.09	00:36:38.282	0.98294	0.98294			6
2024.04.09	00:36:38.312	0.98295	0.98295			6
2024.04.09	00:36:38.373	0.98294	0.98294			6
2024.04.09	00:36:38.404	0.98295	0.98295			6
2024.04.09	00:36:38.534	0.98294	0.98294			6
2024.04.09	00:36:38.692	0.98295	0.98295			6
2024.04.09	00:36:39.133	0.98294	0.98294			6
2024.04.09	00:36:39.631	0.98295	0.98295			6
2024.04.09	00:36:39.865	0.98294	0.98294			6
2024.04.09	00:36:40.241	0.98295	0.98295			6
2024.04.09	00:36:40.563	0.98294	0.98294			6
2024.04.09	00:36:40.740	0.98295	0.98295			6
2024.04.09	00:36:42.954	0.98296	0.98296			6
2024.04.09	00:36:42.985	0.98295	0.98295			6
2024.04.09	00:36:43.017	0.98296	0.98296			6
2024.04.09	00:36:45.739	0.98295	0.98295			6
2024.04.09	00:36:46.270	0.98296	0.98296			6
2024.04.09	00:36:46.593	0.98295	0.98295			6
2024.04.09	00:36:46.704	0.98296	0.98296			6
2024.04.09	00:36:46.843	0.98295	0.98295			6
2024.04.09	00:36:48.890	0.98296	0.98296			6
2024.04.09	00:36:49.118	0.98295	0.98295			6
2024.04.09	00:36:49.367	0.98296	0.98296			6
2024.04.09	00:36:50.165	0.98294	0.98294			6
2024.04.09	00:36:50.195	0.98295	0.98295			6
2024.04.09	00:36:50.225	0.98294	0.98294			6
2024.04.09	00:36:50.387	0.98295	0.98295			6
2024.04.09	00:36:50.481	0.98294	0.98294			6
2024.04.09	00:36:50.604	0.98295	0.98295			6
2024.04.09	00:36:50.958	0.98294	0.98294			6
2024.04.09	00:36:50.988	0.98296	0.98296			6
2024.04.09	00:36:51.078	0.98295	0.98295			6
2024.04.09	00:36:51.310	0.98296	0.98296			6
2024.04.09	00:36:51.438	0.98294	0.98294			6
2024.04.09	00:36:51.468	0.98295	0.98295			6
2024.04.09	00:36:52.721	0.98296	0.98296			6
2024.04.09	00:36:54.319	0.98294	0.98294			6
2024.04.09	00:36:54.349	0.98295	0.98295			6
2024.04.09	00:36:54.723	0.98296	0.98296			6
2024.04.09	00:36:54.900	0.98295	0.98295			6
2024.04.09	00:36:55.592	0.98296	0.98296			6
2024.04.09	00:36:55.624	0.98295	0.98295			6
2024.04.09	00:36:56.627	0.98296	0.98296			6
2024.04.09	00:36:57.482	0.98295	0.98295			6
2024.04.09	00:36:57.906	0.98296	0.98296			6
2024.04.09	00:36:57.936	0.98295	0.98295			6
2024.04.09	00:36:58.190	0.98296	0.98296			6
2024.04.09	00:36:58.220	0.98295	0.98295			6
2024.04.09	00:36:58.341	0.98296	0.98296			6
2024.04.09	00:36:58.370	0.98295	0.98295			6
2024.04.09	00:37:00.213	0.98296	0.98296			6
2024.04.09	00:37:00.244	0.98295	0.98295			6
2024.04.09	00:37:00.274	0.98296	0.98296			6
2024.04.09	00:37:00.423	0.98295	0.98295			6
2024.04.09	00:37:02.987	0.98296	0.98296			6
2024.04.09	00:37:04.481	0.98295	0.98295			6
2024.04.09	00:37:06.823	0.98296	0.98296			6
2024.04.09	00:37:06.991	0.98295	0.98295			6
2024.04.09	00:37:10.438	0.98296	0.98296			6
2024.04.09	00:37:10.570	0.98295	0.98295			6
2024.04.09	00:37:12.480	0.98296	0.98296			6
2024.04.09	00:37:13.459	0.98295	0.98295			6
2024.04.09	00:37:13.489	0.98296	0.98296			6
2024.04.09	00:37:15.083	0.98295	0.98295			6
2024.04.09	00:37:15.114	0.98296	0.98296			6
2024.04.09	00:37:15.680	0.98295	0.98295			6
2024.04.09	00:37:15.711	0.98296	0.98296			6
2024.04.09	00:37:16.449	0.98295	0.98295			6
2024.04.09	00:37:16.480	0.98296	0.98296			6
2024.04.09	00:37:16.820	0.98295	0.98295			6
2024.04.09	00:37:16.851	0.98296	0.98296			6
2024.04.09	00:37:19.618	0.98295	0.98295			6
2024.04.09	00:37:19.661	0.98296	0.98296			6
2024.04.09	00:37:19.832	0.98295	0.98295			6
2024.04.09	00:37:19.892	0.98296	0.98296			6
2024.04.09	00:37:20.333	0.98295	0.98295			6
2024.04.09	00:37:20.363	0.98296	0.98296			6
2024.04.09	00:37:20.692	0.98295	0.98295			6
2024.04.09	00:37:20.980	0.98296	0.98296			6
2024.04.09	00:37:23.266	0.98295	0.98295			6
2024.04.09	00:37:28.540	0.98296	0.98296			6
2024.04.09	00:37:28.569	0.98295	0.98295			6
2024.04.09	00:37:29.002	0.98296	0.98296			6
2024.04.09	00:37:29.388	0.98295	0.98295			6
2024.04.09	00:37:30.579	0.98296	0.98296			6
2024.04.09	00:37:32.140	0.98295	0.98295			6
2024.04.09	00:37:32.229	0.98296	0.98296			6
2024.04.09	00:37:32.259	0.98295	0.98295			6
2024.04.09	00:37:32.290	0.98296	0.98296			6
2024.04.09	00:37:32.569	0.98295	0.98295			6
2024.04.09	00:37:34.971	0.98296	0.98296			6
2024.04.09	00:37:35.091	0.98295	0.98295			6
2024.04.09	00:37:35.640	0.98296	0.98296			6
2024.04.09	00:37:35.787	0.98295	0.98295			6
2024.04.09	00:37:35.913	0.98296	0.98296			6
2024.04.09	00:37:36.123	0.98295	0.98295			6
2024.04.09	00:37:36.482	0.98296	0.98296			6
2024.04.09	00:37:36.541	0.98295	0.98295			6
2024.04.09	00:37:36.572	0.98294	0.98294			6
2024.04.09	00:37:36.608	0.98295	0.98295			6
2024.04.09	00:37:36.867	0.98294	0.98294			6
2024.04.09	00:37:37.021	0.98295	0.98295			6
2024.04.09	00:37:37.791	0.98294	0.98294			6
2024.04.09	00:37:38.252	0.98295	0.98295			6
2024.04.09	00:37:38.282	0.98294	0.98294			6
2024.04.09	00:37:40.850	0.98295	0.98295			6
2024.04.09	00:37:40.881	0.98294	0.98294			6
2024.04.09	00:37:40.941	0.98295	0.98295			6
2024.04.09	00:37:41.012	0.98294	0.98294			6
2024.04.09	00:37:41.081	0.98295	0.98295			6
2024.04.09	00:37:41.111	0.98294	0.98294			6
2024.04.09	00:37:44.375	0.98295	0.98295			6
2024.04.09	00:37:51.380	0.98294	0.98294			6
2024.04.09	00:37:51.440	0.98295	0.98295			6
2024.04.09	00:37:52.321	0.98294	0.98294			6
2024.04.09	00:37:55.411	0.98295	0.98295			6
2024.04.09	00:37:56.307	0.98296	0.98296			6
2024.04.09	00:37:57.026	0.98295	0.98295			6
2024.04.09	00:37:57.056	0.98296	0.98296			6
2024.04.09	00:38:07.126	0.98295	0.98295			6
2024.04.09	00:38:07.216	0.98296	0.98296			6
2024.04.09	00:38:07.569	0.98295	0.98295			6
2024.04.09	00:38:07.659	0.98296	0.98296			6
2024.04.09	00:38:12.700	0.98295	0.98295			6
2024.04.09	00:38:12.962	0.98296	0.98296			6
2024.04.09	00:38:13.811	0.98295	0.98295			6
2024.04.09	00:38:14.128	0.98296	0.98296			6
2024.04.09	00:38:17.800	0.98295	0.98295			6
2024.04.09	00:38:18.227	0.98296	0.98296			6
2024.04.09	00:38:18.392	0.98295	0.98295			6
2024.04.09	00:38:18.779	0.98296	0.98296			6
2024.04.09	00:38:19.291	0.98295	0.98295			6
2024.04.09	00:38:25.078	0.98296	0.98296			6
2024.04.09	00:38:27.658	0.98295	0.98295			6
2024.04.09	00:38:28.681	0.98296	0.98296			6
2024.04.09	00:38:31.818	0.98295	0.98295			6
2024.04.09	00:38:31.981	0.98296	0.98296			6
2024.04.09	00:38:32.714	0.98295	0.98295			6
2024.04.09	00:38:32.889	0.98296	0.98296			6
2024.04.09	00:38:33.350	0.98295	0.98295			6
2024.04.09	00:38:33.381	0.98296	0.98296			6
2024.04.09	00:38:33.440	0.98295	0.98295			6
2024.04.09	00:38:37.460	0.98296	0.98296			6
2024.04.09	00:38:44.015	0.98295	0.98295			6
2024.04.09	00:38:53.148	0.98297	0.98297			6
2024.04.09	00:38:55.500	0.98295	0.98295			6
2024.04.09	00:39:00.199	0.98294	0.98294			6
2024.04.09	00:39:00.259	0.98295	0.98295			6
2024.04.09	00:39:00.319	0.98296	0.98296			6
2024.04.09	00:39:02.821	0.98297	0.98297			6
2024.04.09	00:39:02.851	0.98296	0.98296			6
2024.04.09	00:39:03.421	0.98295	0.98295			6
2024.04.09	00:39:13.539	0.98296	0.98296			6
2024.04.09	00:39:17.792	0.98295	0.98295			6
2024.04.09	00:39:28.627	0.98296	0.98296			6
2024.04.09	00:39:32.004	0.98295	0.98295			6
2024.04.09	00:39:36.258	0.98296	0.98296			6
2024.04.09	00:39:36.438	0.98297	0.98297			6
2024.04.09	00:39:36.710	0.98296	0.98296			6
2024.04.09	00:39:42.479	0.98297	0.98297			6
2024.04.09	00:39:44.328	0.98296	0.98296			6
2024.04.09	00:39:44.388	0.98297	0.98297			6
2024.04.09	00:39:44.893	0.98296	0.98296			6
2024.04.09	00:39:44.983	0.98297	0.98297			6
2024.04.09	00:39:47.775	0.98296	0.98296			6
2024.04.09	00:39:47.805	0.98297	0.98297			6
2024.04.09	00:39:47.835	0.98296	0.98296			6
2024.04.09	00:39:49.297	0.98297	0.98297			6
2024.04.09	00:39:49.379	0.98296	0.98296			6
2024.04.09	00:39:49.410	0.98297	0.98297			6
2024.04.09	00:39:53.778	0.98296	0.98296			6
2024.04.09	00:39:53.811	0.98297	0.98297			6
2024.04.09	00:40:02.457	0.98296	0.98296			6
2024.04.09	00:40:02.700	0.98295	0.98295			6
2024.04.09	00:40:03.107	0.98296	0.98296			6
2024.04.09	00:40:03.166	0.98297	0.98297			6
2024.04.09	00:40:06.180	0.98296	0.98296			6
2024.04.09	00:40:06.362	0.98297	0.98297			6
2024.04.09	00:40:06.392	0.98296	0.98296			6
2024.04.09	00:40:38.400	0.98295	0.98295			6
2024.04.09	00:40:38.497	0.98296	0.98296			6
2024.04.09	00:40:39.187	0.98297	0.98297			6
2024.04.09	00:40:39.882	0.98296	0.98296			6
2024.04.09	00:40:39.980	0.98298	0.98298			6
2024.04.09	00:40:40.889	0.98297	0.98297			6
2024.04.09	00:40:41.669	0.98296	0.98296			6
2024.04.09	00:40:42.080	0.98297	0.98297			6
2024.04.09	00:40:43.030	0.98296	0.98296			6
2024.04.09	00:40:43.312	0.98297	0.98297			6
2024.04.09	00:40:46.260	0.98298	0.98298			6
2024.04.09	00:40:49.220	0.98299	0.98299			6
2024.04.09	00:40:53.043	0.98300	0.98300			6
2024.04.09	00:40:53.410	0.98299	0.98299			6
2024.04.09	00:41:01.498	0.98300	0.98300			6
2024.04.09	00:41:03.387	0.98301	0.98301			6
2024.04.09	00:41:03.638	0.98300	0.98300			6
2024.04.09	00:41:10.089	0.98301	0.98301			6
2024.04.09	00:41:10.648	0.98303	0.98303			6
2024.04.09	00:41:11.234	0.98304	0.98304			6
2024.04.09	00:41:11.478	0.98303	0.98303			6
2024.04.09	00:41:14.029	0.98304	0.98304			6
2024.04.09	00:41:17.831	0.98303	0.98303			6
2024.04.09	00:41:20.014	0.98304	0.98304			6
2024.04.09	00:41:21.409	0.98303	0.98303			6
2024.04.09	00:41:21.440	0.98305	0.98305			6
2024.04.09	00:41:23.686	0.98304	0.98304			6
2024.04.09	00:41:23.791	0.98305	0.98305			6
2024.04.09	00:41:23.976	0.98306	0.98306			6
2024.04.09	00:41:24.219	0.98305	0.98305			6
2024.04.09	00:41:24.438	0.98306	0.98306			6
2024.04.09	00:41:24.511	0.98305	0.98305			6
2024.04.09	00:41:24.990	0.98314	0.98314			6
2024.04.09	00:41:25.050	0.98313	0.98313			6
2024.04.09	00:41:25.110	0.98314	0.98314			6
2024.04.09	00:41:25.188	0.98315	0.98315			6
2024.04.09	00:41:25.218	0.98314	0.98314			6
2024.04.09	00:41:25.339	0.98315	0.98315			6
2024.04.09	00:41:25.671	0.98316	0.98316			6
2024.04.09	00:41:25.731	0.98315	0.98315			6
2024.04.09	00:41:26.216	0.98316	0.98316			6
2024.04.09	00:41:26.495	0.98317	0.98317			6
2024.04.09	00:41:26.525	0.98318	0.98318			6
2024.04.09	00:41:30.091	0.98319	0.98319			6
2024.04.09	00:41:30.946	0.98320	0.98320			6
2024.04.09	00:41:31.318	0.98321	0.98321			6
2024.04.09	00:41:36.611	0.98320	0.98320			6
2024.04.09	00:41:38.680	0.98321	0.98321			6
2024.04.09	00:41:41.611	0.98322	0.98322			6
2024.04.09	00:41:42.220	0.98321	0.98321			6
2024.04.09	00:41:42.738	0.98320	0.98320			6
2024.04.09	00:41:42.861	0.98321	0.98321			6
2024.04.09	00:41:43.170	0.98320	0.98320			6
2024.04.09	00:41:43.201	0.98321	0.98321			6
2024.04.09	00:41:43.337	0.98322	0.98322			6
2024.04.09	00:41:44.089	0.98321	0.98321			6
2024.04.09	00:41:44.178	0.98322	0.98322			6
2024.04.09	00:41:46.259	0.98321	0.98321			6
2024.04.09	00:41:48.309	0.98320	0.98320			6
2024.04.09	00:41:48.694	0.98319	0.98319			6
2024.04.09	00:41:49.086	0.98322	0.98322			6
2024.04.09	00:41:49.115	0.98324	0.98324			6
2024.04.09	00:41:49.721	0.98323	0.98323			6
2024.04.09	00:41:50.346	0.98324	0.98324			6
2024.04.09	00:41:50.406	0.98319	0.98319			6
2024.04.09	00:41:50.676	0.98317	0.98317			6
2024.04.09	00:41:52.100	0.98289	0.98289			6
2024.04.09	00:41:52.731	0.98282	0.98282			6
2024.04.09	00:41:52.937	0.98291	0.98291			6
2024.04.09	00:41:59.248	0.98284	0.98284			6
2024.04.09	00:41:59.308	0.98293	0.98293			6
2024.04.09	00:42:01.037	0.98290	0.98290			6
2024.04.09	00:42:06.028	0.98281	0.98281			6
2024.04.09	00:42:06.278	0.98279	0.98279			6
2024.04.09	00:42:06.497	0.98278	0.98278			6
2024.04.09	00:42:06.528	0.98277	0.98277			6
2024.04.09	00:42:06.679	0.98278	0.98278			6
2024.04.09	00:42:06.708	0.98283	0.98283			6
2024.04.09	00:42:07.196	0.98285	0.98285			6
2024.04.09	00:42:07.433	0.98279	0.98279			6
2024.04.09	00:42:07.494	0.98283	0.98283			6
2024.04.09	00:42:07.735	0.98282	0.98282			6
2024.04.09	00:42:08.060	0.98286	0.98286			6
2024.04.09	00:42:08.090	0.98288	0.98288			6
2024.04.09	00:42:08.251	0.98286	0.98286			6
2024.04.09	00:42:08.372	0.98288	0.98288			6
2024.04.09	00:42:08.402	0.98287	0.98287			6
2024.04.09	00:42:08.482	0.98291	0.98291			6
2024.04.09	00:42:08.546	0.98293	0.98293			6
2024.04.09	00:42:08.605	0.98294	0.98294			6
2024.04.09	00:42:08.726	0.98293	0.98293			6
2024.04.09	00:42:08.757	0.98291	0.98291			6
2024.04.09	00:42:09.004	0.98292	0.98292			6
2024.04.09	00:42:09.132	0.98291	0.98291			6
2024.04.09	00:42:09.276	0.98296	0.98296			6
2024.04.09	00:42:09.337	0.98297	0.98297			6
2024.04.09	00:42:09.367	0.98299	0.98299			6
2024.04.09	00:42:09.396	0.98300	0.98300			6
2024.04.09	00:42:09.457	0.98299	0.98299			6
2024.04.09	00:42:09.546	0.98304	0.98304			6
2024.04.09	00:42:10.117	0.98307	0.98307			6
2024.04.09	00:42:10.146	0.98309	0.98309			6
2024.04.09	00:42:10.220	0.98310	0.98310			6
2024.04.09	00:42:10.250	0.98309	0.98309			6
2024.04.09	00:42:10.371	0.98310	0.98310			6
2024.04.09	00:42:10.431	0.98313	0.98313			6
2024.04.09	00:42:10.461	0.98315	0.98315			6
2024.04.09	00:42:10.691	0.98317	0.98317			6
2024.04.09	00:42:10.977	0.98314	0.98314			6
2024.04.09	00:42:11.249	0.98315	0.98315			6
2024.04.09	00:42:11.550	0.98314	0.98314			6
2024.04.09	00:42:17.053	0.98315	0.98315			6
2024.04.09	00:42:17.241	0.98318	0.98318			6
2024.04.09	00:42:35.078	0.98320	0.98320			6
2024.04.09	00:42:36.305	0.98321	0.98321			6
2024.04.09	00:42:37.247	0.98320	0.98320			6
2024.04.09	00:42:37.276	0.98319	0.98319			6
2024.04.09	00:42:37.540	0.98310	0.98310			6
2024.04.09	00:42:37.600	0.98301	0.98301			6
2024.04.09	00:42:37.691	0.98292	0.98292			6
2024.04.09	00:42:37.849	0.98286	0.98286			6
2024.04.09	00:42:37.878	0.98287	0.98287			6
2024.04.09	00:42:38.089	0.98292	0.98292			6
2024.04.09	00:42:38.148	0.98287	0.98287			6
2024.04.09	00:42:39.373	0.98290	0.98290			6
2024.04.09	00:42:39.402	0.98286	0.98286			6
2024.04.09	00:42:40.635	0.98280	0.98280			6
2024.04.09	00:42:40.788	0.98277	0.98277			6
2024.04.09	00:42:41.623	0.98284	0.98284			6
2024.04.09	00:42:41.683	0.98298	0.98298			6
2024.04.09	00:42:41.908	0.98299	0.98299			6
2024.04.09	00:42:41.939	0.98303	0.98303			6
2024.04.09	00:42:41.969	0.98310	0.98310			6
2024.04.09	00:42:42.327	0.98314	0.98314			6
2024.04.09	00:42:42.492	0.98309	0.98309			6
2024.04.09	00:42:42.552	0.98308	0.98308			6
2024.04.09	00:42:44.559	0.98296	0.98296			6
2024.04.09	00:42:44.864	0.98303	0.98303			6
2024.04.09	00:42:44.925	0.98307	0.98307			6
2024.04.09	00:42:45.094	0.98313	0.98313			6
2024.04.09	00:42:45.155	0.98306	0.98306			6
2024.04.09	00:42:45.276	0.98295	0.98295			6
2024.04.09	00:42:45.306	0.98292	0.98292			6
2024.04.09	00:42:45.380	0.98283	0.98283			6
2024.04.09	00:42:52.435	0.98278	0.98278			6
2024.04.09	00:42:55.098	0.98274	0.98274			6
2024.04.09	00:43:23.433	0.98283	0.98283			6
2024.04.09	00:43:25.921	0.98284	0.98284			6
2024.04.09	00:43:29.468	0.98274	0.98274			6
2024.04.09	00:43:44.868	0.98307	0.98307			6
2024.04.09	00:43:44.985	0.98308	0.98308			6
2024.04.09	00:43:45.075	0.98310	0.98310			6
2024.04.09	00:43:45.859	0.98311	0.98311			6
2024.04.09	00:43:46.236	0.98313	0.98313			6
2024.04.09	00:43:47.489	0.98315	0.98315			6
2024.04.09	00:43:48.399	0.98317	0.98317			6
2024.04.09	00:43:48.489	0.98315	0.98315			6
2024.04.09	00:43:48.769	0.98317	0.98317			6
2024.04.09	00:43:48.920	0.98303	0.98303			6
2024.04.09	00:43:49.010	0.98293	0.98293			6
2024.04.09	00:43:49.420	0.98287	0.98287			6
2024.04.09	00:44:00.069	0.98296	0.98296			6
2024.04.09	00:44:00.099	0.98294	0.98294			6
2024.04.09	00:44:00.249	0.98305	0.98305			6
2024.04.09	00:44:00.573	0.98306	0.98306			6
2024.04.09	00:44:00.604	0.98315	0.98315			6
2024.04.09	00:44:00.693	0.98311	0.98311			6
2024.04.09	00:44:00.723	0.98312	0.98312			6
2024.04.09	00:44:00.784	0.98311	0.98311			6
2024.04.09	00:44:01.371	0.98317	0.98317			6
2024.04.09	00:44:01.858	0.98316	0.98316			6
2024.04.09	00:44:01.899	0.98317	0.98317			6
2024.04.09	00:44:02.049	0.98312	0.98312			6
2024.04.09	00:44:02.109	0.98310	0.98310			6
2024.04.09	00:44:02.320	0.98315	0.98315			6
2024.04.09	00:44:03.832	0.98312	0.98312			6
2024.04.09	00:44:04.141	0.98314	0.98314			6
2024.04.09	00:44:05.070	0.98306	0.98306			6
2024.04.09	00:44:05.161	0.98309	0.98309			6
2024.04.09	00:44:05.755	0.98313	0.98313			6
2024.04.09	00:44:06.064	0.98310	0.98310			6
2024.04.09	00:44:06.430	0.98313	0.98313			6
2024.04.09	00:44:06.699	0.98311	0.98311			6
2024.04.09	00:44:07.060	0.98312	0.98312			6
2024.04.09	00:44:07.120	0.98314	0.98314			6
2024.04.09	00:44:07.337	0.98312	0.98312			6
2024.04.09	00:44:07.759	0.98316	0.98316			6
2024.04.09	00:44:07.788	0.98314	0.98314			6
2024.04.09	00:44:08.038	0.98313	0.98313			6
2024.04.09	00:44:09.188	0.98308	0.98308			6
2024.04.09	00:44:09.217	0.98307	0.98307			6
2024.04.09	00:44:09.308	0.98305	0.98305			6
2024.04.09	00:44:09.810	0.98304	0.98304			6
2024.04.09	00:44:09.967	0.98301	0.98301			6
2024.04.09	00:44:10.701	0.98299	0.98299			6
2024.04.09	00:44:11.498	0.98298	0.98298			6
2024.04.09	00:44:11.780	0.98296	0.98296			6
2024.04.09	00:44:11.931	0.98294	0.98294			6
2024.04.09	00:44:11.961	0.98291	0.98291			6
2024.04.09	00:44:12.315	0.98288	0.98288			6
2024.04.09	00:44:12.890	0.98286	0.98286			6
2024.04.09	00:44:13.041	0.98289	0.98289			6
2024.04.09	00:44:13.440	0.98287	0.98287			6
2024.04.09	00:44:13.536	0.98284	0.98284			6
2024.04.09	00:44:15.311	0.98281	0.98281			6
2024.04.09	00:44:15.949	0.98278	0.98278			6
2024.04.09	00:44:16.161	0.98282	0.98282			6
2024.04.09	00:44:16.371	0.98272	0.98272			6
2024.04.09	00:44:16.438	0.98271	0.98271			6
2024.04.09	00:44:17.552	0.98272	0.98272			6
2024.04.09	00:44:17.611	0.98271	0.98271			6
2024.04.09	00:44:18.025	0.98272	0.98272			6
2024.04.09	00:44:18.494	0.98271	0.98271			6
2024.04.09	00:44:18.585	0.98272	0.98272			6
2024.04.09	00:44:18.799	0.98271	0.98271			6
2024.04.09	00:44:25.332	0.98270	0.98270			6
2024.04.09	00:44:25.492	0.98271	0.98271			6
2024.04.09	00:44:26.061	0.98270	0.98270			6
2024.04.09	00:44:26.120	0.98271	0.98271			6
2024.04.09	00:44:26.151	0.98270	0.98270			6
2024.04.09	00:44:26.181	0.98271	0.98271			6
2024.04.09	00:44:26.242	0.98270	0.98270			6
2024.04.09	00:44:26.428	0.98271	0.98271			6
2024.04.09	00:44:26.829	0.98270	0.98270			6
2024.04.09	00:44:26.860	0.98271	0.98271			6
2024.04.09	00:44:26.969	0.98270	0.98270			6
2024.04.09	00:44:27.059	0.98271	0.98271			6
2024.04.09	00:44:27.163	0.98270	0.98270			6
2024.04.09	00:44:27.192	0.98271	0.98271			6
2024.04.09	00:44:27.344	0.98270	0.98270			6
2024.04.09	00:44:27.373	0.98271	0.98271			6
2024.04.09	00:44:27.404	0.98270	0.98270			6
2024.04.09	00:44:27.524	0.98271	0.98271			6
2024.04.09	00:44:27.554	0.98270	0.98270			6
2024.04.09	00:44:27.614	0.98271	0.98271			6
2024.04.09	00:44:27.645	0.98270	0.98270			6
2024.04.09	00:44:27.736	0.98271	0.98271			6
2024.04.09	00:44:27.765	0.98270	0.98270			6
2024.04.09	00:44:27.826	0.98271	0.98271			6
2024.04.09	00:44:27.856	0.98270	0.98270			6
2024.04.09	00:44:27.915	0.98271	0.98271			6
2024.04.09	00:44:27.945	0.98270	0.98270			6
2024.04.09	00:44:27.976	0.98271	0.98271			6
2024.04.09	00:44:28.007	0.98270	0.98270			6
2024.04.09	00:44:28.037	0.98271	0.98271			6
2024.04.09	00:44:28.066	0.98270	0.98270			6
2024.04.09	00:44:28.097	0.98271	0.98271			6
2024.04.09	00:44:28.810	0.98270	0.98270			6
2024.04.09	00:44:29.180	0.98271	0.98271			6
2024.04.09	00:44:29.270	0.98270	0.98270			6
2024.04.09	00:44:29.367	0.98271	0.98271			6
2024.04.09	00:44:30.091	0.98270	0.98270			6
2024.04.09	00:44:30.759	0.98269	0.98269			6
2024.04.09	00:44:31.838	0.98270	0.98270			6
2024.04.09	00:44:32.408	0.98269	0.98269			6
2024.04.09	00:44:32.561	0.98270	0.98270			6
2024.04.09	00:44:32.651	0.98269	0.98269			6
2024.04.09	00:44:32.680	0.98270	0.98270			6
2024.04.09	00:44:32.770	0.98269	0.98269			6
2024.04.09	00:44:32.800	0.98270	0.98270			6
2024.04.09	00:44:32.859	0.98269	0.98269			6
2024.04.09	00:44:32.920	0.98270	0.98270			6
2024.04.09	00:44:33.971	0.98269	0.98269			6
2024.04.09	00:44:34.081	0.98270	0.98270			6
2024.04.09	00:44:34.111	0.98269	0.98269			6
2024.04.09	00:44:34.321	0.98270	0.98270			6
2024.04.09	00:44:34.351	0.98269	0.98269			6
2024.04.09	00:44:34.412	0.98270	0.98270			6
2024.04.09	00:44:34.441	0.98269	0.98269			6
2024.04.09	00:44:34.471	0.98270	0.98270			6
2024.04.09	00:44:34.532	0.98269	0.98269			6
2024.04.09	00:44:34.561	0.98270	0.98270			6
2024.04.09	00:44:34.591	0.98269	0.98269			6
2024.04.09	00:44:34.621	0.98270	0.98270			6
2024.04.09	00:44:34.681	0.98269	0.98269			6
2024.04.09	00:44:34.741	0.98270	0.98270			6
2024.04.09	00:44:34.897	0.98269	0.98269			6
2024.04.09	00:44:35.294	0.98270	0.98270			6
2024.04.09	00:44:35.324	0.98269	0.98269			6
2024.04.09	00:44:35.624	0.98270	0.98270			6
2024.04.09	00:44:35.654	0.98269	0.98269			6
2024.04.09	00:44:35.714	0.98270	0.98270			6
2024.04.09	00:44:35.744	0.98269	0.98269			6
2024.04.09	00:44:35.845	0.98273	0.98273			6
2024.04.09	00:44:35.874	0.98277	0.98277			6
2024.04.09	00:44:35.906	0.98279	0.98279			6
2024.04.09	00:44:35.965	0.98280	0.98280			6
2024.04.09	00:44:35.995	0.98279	0.98279			6
2024.04.09	00:44:36.086	0.98280	0.98280			6
2024.04.09	00:44:36.177	0.98284	0.98284			6
2024.04.09	00:44:36.421	0.98286	0.98286			6
2024.04.09	00:44:36.510	0.98284	0.98284			6
2024.04.09	00:44:36.600	0.98286	0.98286			6
2024.04.09	00:44:36.791	0.98284	0.98284			6
2024.04.09	00:44:36.904	0.98285	0.98285			6
2024.04.09	00:44:36.934	0.98284	0.98284			6
2024.04.09	00:44:36.994	0.98283	0.98283			6
2024.04.09	00:44:37.310	0.98284	0.98284			6
2024.04.09	00:44:37.339	0.98285	0.98285			6
2024.04.09	00:44:37.370	0.98284	0.98284			6
2024.04.09	00:44:37.527	0.98286	0.98286			6
2024.04.09	00:44:37.557	0.98293	0.98293			6
2024.04.09	00:44:37.797	0.98292	0.98292			6
2024.04.09	00:44:37.827	0.98294	0.98294			6
2024.04.09	00:44:37.962	0.98293	0.98293			6
2024.04.09	00:44:38.163	0.98296	0.98296			6
2024.04.09	00:44:38.318	0.98297	0.98297			6
2024.04.09	00:44:38.348	0.98298	0.98298			6
2024.04.09	00:44:38.379	0.98297	0.98297			6
2024.04.09	00:44:38.473	0.98298	0.98298			6
2024.04.09	00:44:38.564	0.98297	0.98297			6
2024.04.09	00:44:38.685	0.98298	0.98298			6
2024.04.09	00:44:38.718	0.98301	0.98301			6
2024.04.09	00:44:38.837	0.98298	0.98298			6
2024.04.09	00:44:38.959	0.98297	0.98297			6
2024.04.09	00:44:38.988	0.98298	0.98298			6
2024.04.09	00:44:39.413	0.98301	0.98301			6
2024.04.09	00:44:39.883	0.98304	0.98304			6
2024.04.09	00:44:39.913	0.98307	0.98307			6
2024.04.09	00:44:40.003	0.98302	0.98302			6
2024.04.09	00:44:41.007	0.98303	0.98303			6
2024.04.09	00:44:41.166	0.98301	0.98301			6
2024.04.09	00:44:41.195	0.98304	0.98304			6
2024.04.09	00:44:41.255	0.98303	0.98303			6
2024.04.09	00:44:45.630	0.98304	0.98304			6
2024.04.09	00:44:45.823	0.98308	0.98308			6
2024.04.09	00:44:46.136	0.98304	0.98304			6
2024.04.09	00:44:46.645	0.98310	0.98310			6
2024.04.09	00:44:46.738	0.98308	0.98308			6
2024.04.09	00:44:47.057	0.98310	0.98310			6
2024.04.09	00:44:47.518	0.98312	0.98312			6
2024.04.09	00:44:47.960	0.98313	0.98313			6
2024.04.09	00:44:49.141	0.98314	0.98314			6
2024.04.09	00:44:49.407	0.98315	0.98315			6
2024.04.09	00:44:49.610	0.98309	0.98309			6
2024.04.09	00:44:49.639	0.98315	0.98315			6
2024.04.09	00:44:49.729	0.98316	0.98316			6
2024.04.09	00:44:49.819	0.98317	0.98317			6
2024.04.09	00:44:50.115	0.98320	0.98320			6
2024.04.09	00:44:50.277	0.98319	0.98319			6
2024.04.09	00:44:51.183	0.98320	0.98320			6
2024.04.09	00:44:51.454	0.98323	0.98323			6
2024.04.09	00:44:51.640	0.98322	0.98322			6
2024.04.09	00:44:52.044	0.98321	0.98321			6
2024.04.09	00:44:52.197	0.98319	0.98319			6
2024.04.09	00:44:52.346	0.98318	0.98318			6
2024.04.09	00:44:52.556	0.98312	0.98312			6
2024.04.09	00:44:52.646	0.98311	0.98311			6
2024.04.09	00:44:52.840	0.98310	0.98310			6
2024.04.09	00:44:53.107	0.98311	0.98311			6
2024.04.09	00:44:53.137	0.98313	0.98313			6
2024.04.09	00:44:53.350	0.98312	0.98312			6
2024.04.09	00:44:53.410	0.98311	0.98311			6
2024.04.09	00:44:53.440	0.98313	0.98313			6
2024.04.09	00:44:53.470	0.98316	0.98316			6
2024.04.09	00:44:53.686	0.98310	0.98310			6
2024.04.09	00:44:53.717	0.98308	0.98308			6
2024.04.09	00:44:53.822	0.98306	0.98306			6
2024.04.09	00:44:53.978	0.98308	0.98308			6
2024.04.09	00:44:54.008	0.98314	0.98314			6
2024.04.09	00:44:54.821	0.98309	0.98309			6
2024.04.09	00:44:54.910	0.98314	0.98314			6
2024.04.09	00:44:55.048	0.98313	0.98313			6
2024.04.09	00:44:55.110	0.98305	0.98305			6
2024.04.09	00:44:55.349	0.98306	0.98306			6
2024.04.09	00:44:55.380	0.98307	0.98307			6
2024.04.09	00:44:55.410	0.98310	0.98310			6
2024.04.09	00:44:55.440	0.98311	0.98311			6
2024.04.09	00:44:55.471	0.98310	0.98310			6
2024.04.09	00:44:56.031	0.98311	0.98311			6
2024.04.09	00:44:56.062	0.98310	0.98310			6
2024.04.09	00:44:56.244	0.98311	0.98311			6
2024.04.09	00:44:56.363	0.98310	0.98310			6
2024.04.09	00:44:57.069	0.98308	0.98308			6
2024.04.09	00:44:57.939	0.98310	0.98310			6
2024.04.09	00:44:58.057	0.98309	0.98309			6
2024.04.09	00:44:58.180	0.98310	0.98310			6
2024.04.09	00:44:58.210	0.98309	0.98309			6
2024.04.09	00:44:58.602	0.98308	0.98308			6
2024.04.09	00:44:58.631	0.98309	0.98309			6
2024.04.09	00:44:58.661	0.98308	0.98308			6
2024.04.09	00:44:58.750	0.98307	0.98307			6
2024.04.09	00:44:59.022	0.98308	0.98308			6
2024.04.09	00:44:59.181	0.98307	0.98307			6
2024.04.09	00:44:59.622	0.98305	0.98305			6
2024.04.09	00:44:59.712	0.98307	0.98307			6
2024.04.09	00:44:59.742	0.98308	0.98308			6
2024.04.09	00:44:59.772	0.98307	0.98307			6
2024.04.09	00:45:00.296	0.98306	0.98306			6
2024.04.09	00:45:00.326	0.98307	0.98307			6
2024.04.09	00:45:00.797	0.98306	0.98306			6
2024.04.09	00:45:01.127	0.98307	0.98307			6
2024.04.09	00:45:01.500	0.98306	0.98306			6
2024.04.09	00:45:01.530	0.98307	0.98307			6
2024.04.09	00:45:01.560	0.98306	0.98306			6
2024.04.09	00:45:01.979	0.98305	0.98305			6
2024.04.09	00:45:02.718	0.98306	0.98306			6
2024.04.09	00:45:02.748	0.98308	0.98308			6
2024.04.09	00:45:03.168	0.98309	0.98309			6
2024.04.09	00:45:03.288	0.98307	0.98307			6
2024.04.09	00:45:03.850	0.98310	0.98310			6
2024.04.09	00:45:03.944	0.98311	0.98311			6
2024.04.09	00:45:04.034	0.98312	0.98312			6
2024.04.09	00:45:06.604	0.98314	0.98314			6
2024.04.09	00:45:07.091	0.98316	0.98316			6
2024.04.09	00:45:07.821	0.98313	0.98313			6
2024.04.09	00:45:12.128	0.98314	0.98314			6
2024.04.09	00:45:12.331	0.98313	0.98313			6
2024.04.09	00:45:12.376	0.98314	0.98314			6
2024.04.09	00:45:12.407	0.98315	0.98315			6
2024.04.09	00:45:12.781	0.98313	0.98313			6
2024.04.09	00:45:12.871	0.98314	0.98314			6
2024.04.09	00:45:12.901	0.98313	0.98313			6
2024.04.09	00:45:13.124	0.98314	0.98314			6
2024.04.09	00:45:13.695	0.98313	0.98313			6
2024.04.09	00:45:13.725	0.98314	0.98314			6
2024.04.09	00:45:13.845	0.98316	0.98316			6
2024.04.09	00:45:14.867	0.98314	0.98314			6
2024.04.09	00:45:14.926	0.98317	0.98317			6
2024.04.09	00:45:15.199	0.98314	0.98314			6
2024.04.09	00:45:15.318	0.98315	0.98315			6
2024.04.09	00:45:15.601	0.98317	0.98317			6
2024.04.09	00:45:15.896	0.98315	0.98315			6
2024.04.09	00:45:16.440	0.98314	0.98314			6
2024.04.09	00:45:16.501	0.98315	0.98315			6
2024.04.09	00:45:16.563	0.98314	0.98314			6
2024.04.09	00:45:16.623	0.98315	0.98315			6
2024.04.09	00:45:17.178	0.98316	0.98316			6
2024.04.09	00:45:17.822	0.98315	0.98315			6
2024.04.09	00:45:17.882	0.98316	0.98316			6
2024.04.09	00:45:18.304	0.98315	0.98315			6
2024.04.09	00:45:18.736	0.98316	0.98316			6
2024.04.09	00:45:18.767	0.98315	0.98315			6
2024.04.09	00:45:18.937	0.98316	0.98316			6
2024.04.09	00:45:19.201	0.98315	0.98315			6
2024.04.09	00:45:19.231	0.98316	0.98316			6
2024.04.09	00:45:19.266	0.98315	0.98315			6
2024.04.09	00:45:19.415	0.98316	0.98316			6
2024.04.09	00:45:19.576	0.98315	0.98315			6
2024.04.09	00:45:19.605	0.98316	0.98316			6
2024.04.09	00:45:19.665	0.98315	0.98315			6
2024.04.09	00:45:19.815	0.98316	0.98316			6
2024.04.09	00:45:20.580	0.98315	0.98315			6
2024.04.09	00:45:20.610	0.98316	0.98316			6
2024.04.09	00:45:20.671	0.98318	0.98318			6
2024.04.09	00:45:20.760	0.98317	0.98317			6
2024.04.09	00:45:20.791	0.98316	0.98316			6
2024.04.09	00:45:21.872	0.98317	0.98317			6
2024.04.09	00:45:22.822	0.98316	0.98316			6
2024.04.09	00:45:24.190	0.98315	0.98315			6
2024.04.09	00:45:24.280	0.98316	0.98316			6
2024.04.09	00:45:25.176	0.98317	0.98317			6
2024.04.09	00:45:25.236	0.98316	0.98316			6
2024.04.09	00:45:25.656	0.98317	0.98317			6
2024.04.09	00:45:26.154	0.98316	0.98316			6
2024.04.09	00:45:26.184	0.98317	0.98317			6
2024.04.09	00:45:26.695	0.98318	0.98318			6
2024.04.09	00:45:26.845	0.98317	0.98317			6
2024.04.09	00:45:26.905	0.98318	0.98318			6
2024.04.09	00:45:27.250	0.98317	0.98317			6
2024.04.09	00:45:27.281	0.98318	0.98318			6
2024.04.09	00:45:27.389	0.98317	0.98317			6
2024.04.09	00:45:27.419	0.98318	0.98318			6
2024.04.09	00:45:27.539	0.98317	0.98317			6
2024.04.09	00:45:27.900	0.98318	0.98318			6
2024.04.09	00:45:27.929	0.98317	0.98317			6
2024.04.09	00:45:27.991	0.98318	0.98318			6
2024.04.09	00:45:28.208	0.98319	0.98319			6
2024.04.09	00:45:28.238	0.98318	0.98318			6
2024.04.09	00:45:28.510	0.98319	0.98319			6
2024.04.09	00:45:28.768	0.98318	0.98318			6
2024.04.09	00:45:28.798	0.98316	0.98316			6
2024.04.09	00:45:28.828	0.98317	0.98317			6
2024.04.09	00:45:29.050	0.98316	0.98316			6
