<DATE>	<TIME>	<BID>	<ASK>	<LAST>	<VOLUME>	<FLAGS>
2024.05.10	00:00:02.922	0.97684	0.97684			6
2024.05.10	00:00:02.947	0.97683	0.97683			6
2024.05.10	00:00:03.459	0.97671	0.97671			6
2024.05.10	00:00:03.459	0.97669	0.97669			6
2024.05.10	00:00:33.018	0.97685	0.97685			6
2024.05.10	00:01:00.937	0.97680	0.97680			6
2024.05.10	00:01:01.677	0.97685	0.97685			6
2024.05.10	00:04:04.628	0.97678	0.97678			6
2024.05.10	00:05:00.022	0.97685	0.97685			6
2024.05.10	00:05:09.044	0.97682	0.97682			6
2024.05.10	00:05:10.302	0.97683	0.97683			6
2024.05.10	00:05:10.986	0.97681	0.97681			6
2024.05.10	00:05:11.523	0.97677	0.97677			6
2024.05.10	00:05:16.962	0.97680	0.97680			6
2024.05.10	00:05:17.396	0.97677	0.97677			6
2024.05.10	00:05:19.316	0.97679	0.97679			6
2024.05.10	00:05:20.322	0.97688	0.97688			6
2024.05.10	00:05:28.546	0.97687	0.97687			6
2024.05.10	00:05:28.817	0.97682	0.97682			6
2024.05.10	00:05:30.126	0.97678	0.97678			6
2024.05.10	00:05:39.258	0.97677	0.97677			6
2024.05.10	00:05:42.166	0.97678	0.97678			6
2024.05.10	00:05:48.928	0.97677	0.97677			6
2024.05.10	00:05:50.360	0.97679	0.97679			6
2024.05.10	00:05:51.386	0.97682	0.97682			6
2024.05.10	00:06:00.006	0.97679	0.97679			6
2024.05.10	00:06:01.594	0.97680	0.97680			6
2024.05.10	00:06:03.996	0.97678	0.97678			6
2024.05.10	00:06:04.520	0.97680	0.97680			6
2024.05.10	00:06:04.550	0.97683	0.97683			6
2024.05.10	00:06:11.272	0.97680	0.97680			6
2024.05.10	00:06:15.793	0.97683	0.97683			6
2024.05.10	00:06:19.655	0.97682	0.97682			6
2024.05.10	00:06:21.122	0.97683	0.97683			6
2024.05.10	00:06:23.000	0.97680	0.97680			6
2024.05.10	00:06:27.116	0.97668	0.97668			6
2024.05.10	00:06:27.671	0.97666	0.97666			6
2024.05.10	00:06:28.916	0.97663	0.97663			6
2024.05.10	00:06:31.901	0.97666	0.97666			6
2024.05.10	00:06:36.816	0.97680	0.97680			6
2024.05.10	00:06:42.323	0.97679	0.97679			6
2024.05.10	00:06:44.918	0.97673	0.97673			6
2024.05.10	00:07:14.586	0.97670	0.97670			6
2024.05.10	00:07:15.330	0.97671	0.97671			6
2024.05.10	00:07:15.763	0.97681	0.97681			6
2024.05.10	00:07:17.389	0.97680	0.97680			6
2024.05.10	00:07:19.651	0.97681	0.97681			6
2024.05.10	00:07:22.295	0.97680	0.97680			6
2024.05.10	00:07:23.345	0.97681	0.97681			6
2024.05.10	00:08:47.293	0.97671	0.97671			6
2024.05.10	00:09:02.379	0.97663	0.97663			6
2024.05.10	00:09:05.820	0.97676	0.97676			6
2024.05.10	00:09:13.742	0.97675	0.97675			6
2024.05.10	00:09:25.250	0.97676	0.97676			6
2024.05.10	00:09:59.795	0.97677	0.97677			6
2024.05.10	00:10:00.671	0.97678	0.97678			6
2024.05.10	00:10:05.081	0.97677	0.97677			6
2024.05.10	00:10:08.649	0.97679	0.97679			6
2024.05.10	00:10:11.528	0.97678	0.97678			6
2024.05.10	00:10:32.623	0.97677	0.97677			6
2024.05.10	00:10:41.858	0.97678	0.97678			6
2024.05.10	00:10:41.888	0.97679	0.97679			6
2024.05.10	00:10:49.097	0.97680	0.97680			6
2024.05.10	00:11:11.148	0.97682	0.97682			6
2024.05.10	00:11:11.179	0.97680	0.97680			6
2024.05.10	00:11:20.206	0.97682	0.97682			6
2024.05.10	00:11:36.815	0.97681	0.97681			6
2024.05.10	00:11:37.716	0.97682	0.97682			6
2024.05.10	00:11:37.745	0.97684	0.97684			6
2024.05.10	00:12:01.785	0.97683	0.97683			6
2024.05.10	00:12:28.518	0.97684	0.97684			6
2024.05.10	00:13:36.877	0.97685	0.97685			6
2024.05.10	00:13:37.724	0.97682	0.97682			6
2024.05.10	00:13:49.864	0.97681	0.97681			6
2024.05.10	00:14:05.688	0.97682	0.97682			6
2024.05.10	00:14:11.276	0.97683	0.97683			6
2024.05.10	00:14:11.929	0.97684	0.97684			6
2024.05.10	00:14:11.959	0.97683	0.97683			6
2024.05.10	00:14:34.357	0.97682	0.97682			6
2024.05.10	00:14:41.866	0.97681	0.97681			6
2024.05.10	00:14:42.506	0.97680	0.97680			6
2024.05.10	00:14:53.078	0.97679	0.97679			6
2024.05.10	00:15:06.570	0.97680	0.97680			6
2024.05.10	00:15:06.599	0.97681	0.97681			6
2024.05.10	00:15:06.628	0.97685	0.97685			6
2024.05.10	00:15:09.008	0.97684	0.97684			6
2024.05.10	00:15:14.676	0.97685	0.97685			6
2024.05.10	00:15:20.385	0.97684	0.97684			6
2024.05.10	00:15:20.505	0.97687	0.97687			6
2024.05.10	00:15:24.733	0.97688	0.97688			6
2024.05.10	00:15:38.716	0.97687	0.97687			6
2024.05.10	00:15:45.164	0.97688	0.97688			6
2024.05.10	00:16:00.060	0.97686	0.97686			6
2024.05.10	00:16:01.645	0.97687	0.97687			6
2024.05.10	00:16:01.675	0.97686	0.97686			6
2024.05.10	00:16:08.395	0.97687	0.97687			6
2024.05.10	00:16:21.761	0.97688	0.97688			6
2024.05.10	00:16:30.123	0.97687	0.97687			6
2024.05.10	00:16:44.086	0.97689	0.97689			6
2024.05.10	00:16:59.686	0.97686	0.97686			6
2024.05.10	00:17:41.348	0.97688	0.97688			6
2024.05.10	00:17:46.116	0.97685	0.97685			6
2024.05.10	00:17:47.905	0.97686	0.97686			6
2024.05.10	00:17:59.994	0.97688	0.97688			6
2024.05.10	00:18:14.608	0.97685	0.97685			6
2024.05.10	00:18:23.689	0.97686	0.97686			6
2024.05.10	00:18:31.636	0.97685	0.97685			6
2024.05.10	00:18:31.667	0.97686	0.97686			6
2024.05.10	00:18:46.584	0.97688	0.97688			6
2024.05.10	00:18:50.391	0.97686	0.97686			6
2024.05.10	00:18:52.476	0.97685	0.97685			6
2024.05.10	00:18:52.958	0.97684	0.97684			6
2024.05.10	00:19:06.976	0.97682	0.97682			6
2024.05.10	00:19:08.564	0.97683	0.97683			6
2024.05.10	00:19:16.066	0.97684	0.97684			6
2024.05.10	00:19:16.096	0.97681	0.97681			6
2024.05.10	00:19:31.847	0.97684	0.97684			6
2024.05.10	00:19:47.814	0.97683	0.97683			6
2024.05.10	00:19:56.884	0.97684	0.97684			6
2024.05.10	00:20:02.228	0.97680	0.97680			6
2024.05.10	00:20:02.316	0.97682	0.97682			6
2024.05.10	00:20:02.526	0.97678	0.97678			6
2024.05.10	00:20:02.556	0.97677	0.97677			6
2024.05.10	00:20:06.112	0.97675	0.97675			6
2024.05.10	00:20:06.141	0.97667	0.97667			6
2024.05.10	00:20:25.780	0.97672	0.97672			6
2024.05.10	00:20:37.095	0.97673	0.97673			6
2024.05.10	00:21:31.875	0.97674	0.97674			6
2024.05.10	00:21:42.116	0.97677	0.97677			6
2024.05.10	00:21:47.025	0.97676	0.97676			6
2024.05.10	00:22:00.395	0.97677	0.97677			6
2024.05.10	00:22:12.355	0.97678	0.97678			6
2024.05.10	00:22:14.685	0.97679	0.97679			6
2024.05.10	00:23:10.095	0.97678	0.97678			6
2024.05.10	00:23:42.207	0.97679	0.97679			6
2024.05.10	00:23:59.126	0.97678	0.97678			6
2024.05.10	00:23:59.156	0.97679	0.97679			6
2024.05.10	00:24:02.278	0.97678	0.97678			6
2024.05.10	00:24:31.841	0.97677	0.97677			6
2024.05.10	00:24:52.285	0.97678	0.97678			6
2024.05.10	00:25:05.474	0.97679	0.97679			6
2024.05.10	00:25:05.504	0.97672	0.97672			6
2024.05.10	00:25:22.338	0.97670	0.97670			6
2024.05.10	00:25:22.487	0.97674	0.97674			6
2024.05.10	00:25:30.098	0.97676	0.97676			6
2024.05.10	00:25:30.127	0.97675	0.97675			6
2024.05.10	00:25:55.352	0.97674	0.97674			6
2024.05.10	00:26:04.314	0.97678	0.97678			6
2024.05.10	00:26:04.963	0.97675	0.97675			6
2024.05.10	00:26:17.273	0.97676	0.97676			6
2024.05.10	00:26:25.845	0.97677	0.97677			6
2024.05.10	00:26:27.363	0.97676	0.97676			6
2024.05.10	00:26:28.834	0.97677	0.97677			6
2024.05.10	00:26:28.864	0.97670	0.97670			6
2024.05.10	00:26:30.194	0.97671	0.97671			6
2024.05.10	00:26:30.224	0.97673	0.97673			6
2024.05.10	00:26:31.934	0.97672	0.97672			6
2024.05.10	00:26:44.293	0.97670	0.97670			6
2024.05.10	00:26:46.075	0.97673	0.97673			6
2024.05.10	00:26:46.194	0.97671	0.97671			6
2024.05.10	00:27:39.911	0.97669	0.97669			6
2024.05.10	00:27:39.942	0.97670	0.97670			6
2024.05.10	00:27:45.376	0.97668	0.97668			6
2024.05.10	00:27:47.417	0.97667	0.97667			6
2024.05.10	00:27:51.475	0.97666	0.97666			6
2024.05.10	00:27:51.506	0.97665	0.97665			6
2024.05.10	00:27:51.564	0.97664	0.97664			6
2024.05.10	00:27:51.624	0.97665	0.97665			6
2024.05.10	00:28:05.545	0.97664	0.97664			6
2024.05.10	00:28:54.501	0.97665	0.97665			6
2024.05.10	00:29:16.317	0.97663	0.97663			6
2024.05.10	00:29:28.392	0.97664	0.97664			6
2024.05.10	00:29:32.277	0.97663	0.97663			6
2024.05.10	00:29:49.487	0.97664	0.97664			6
2024.05.10	00:29:50.105	0.97663	0.97663			6
2024.05.10	00:29:52.650	0.97662	0.97662			6
2024.05.10	00:29:53.584	0.97668	0.97668			6
2024.05.10	00:29:53.615	0.97666	0.97666			6
2024.05.10	00:29:53.675	0.97668	0.97668			6
2024.05.10	00:29:53.705	0.97666	0.97666			6
2024.05.10	00:29:54.088	0.97667	0.97667			6
2024.05.10	00:30:00.015	0.97668	0.97668			6
2024.05.10	00:30:00.044	0.97671	0.97671			6
2024.05.10	00:30:00.074	0.97673	0.97673			6
2024.05.10	00:30:00.103	0.97674	0.97674			6
2024.05.10	00:30:07.084	0.97673	0.97673			6
2024.05.10	00:30:13.491	0.97672	0.97672			6
2024.05.10	00:30:16.075	0.97668	0.97668			6
2024.05.10	00:30:16.543	0.97670	0.97670			6
2024.05.10	00:30:17.052	0.97669	0.97669			6
2024.05.10	00:30:17.560	0.97670	0.97670			6
2024.05.10	00:30:18.065	0.97669	0.97669			6
2024.05.10	00:30:18.096	0.97668	0.97668			6
2024.05.10	00:30:22.000	0.97669	0.97669			6
2024.05.10	00:30:30.035	0.97668	0.97668			6
2024.05.10	00:30:35.093	0.97670	0.97670			6
2024.05.10	00:30:35.376	0.97672	0.97672			6
2024.05.10	00:30:35.761	0.97674	0.97674			6
2024.05.10	00:30:36.285	0.97672	0.97672			6
2024.05.10	00:30:44.963	0.97668	0.97668			6
2024.05.10	00:30:53.698	0.97669	0.97669			6
2024.05.10	00:31:00.594	0.97668	0.97668			6
2024.05.10	00:31:25.098	0.97669	0.97669			6
2024.05.10	00:31:33.884	0.97670	0.97670			6
2024.05.10	00:31:40.604	0.97671	0.97671			6
2024.05.10	00:31:41.996	0.97672	0.97672			6
2024.05.10	00:31:42.992	0.97670	0.97670			6
2024.05.10	00:31:46.122	0.97669	0.97669			6
2024.05.10	00:31:48.205	0.97670	0.97670			6
2024.05.10	00:31:48.283	0.97669	0.97669			6
2024.05.10	00:31:48.343	0.97670	0.97670			6
2024.05.10	00:31:52.151	0.97671	0.97671			6
2024.05.10	00:32:15.034	0.97670	0.97670			6
2024.05.10	00:32:17.579	0.97674	0.97674			6
2024.05.10	00:32:17.609	0.97671	0.97671			6
2024.05.10	00:32:17.639	0.97670	0.97670			6
2024.05.10	00:32:17.668	0.97671	0.97671			6
2024.05.10	00:32:17.743	0.97670	0.97670			6
2024.05.10	00:32:17.772	0.97669	0.97669			6
2024.05.10	00:32:24.064	0.97670	0.97670			6
2024.05.10	00:32:24.096	0.97671	0.97671			6
2024.05.10	00:32:24.167	0.97672	0.97672			6
2024.05.10	00:32:40.663	0.97674	0.97674			6
2024.05.10	00:32:40.693	0.97672	0.97672			6
2024.05.10	00:32:42.272	0.97673	0.97673			6
2024.05.10	00:32:43.537	0.97671	0.97671			6
2024.05.10	00:32:46.119	0.97669	0.97669			6
2024.05.10	00:33:05.591	0.97670	0.97670			6
2024.05.10	00:33:17.225	0.97671	0.97671			6
2024.05.10	00:33:28.629	0.97670	0.97670			6
2024.05.10	00:33:28.786	0.97669	0.97669			6
2024.05.10	00:33:36.896	0.97670	0.97670			6
2024.05.10	00:33:40.127	0.97669	0.97669			6
2024.05.10	00:33:54.761	0.97670	0.97670			6
2024.05.10	00:33:54.852	0.97671	0.97671			6
2024.05.10	00:33:57.130	0.97670	0.97670			6
2024.05.10	00:34:07.913	0.97669	0.97669			6
2024.05.10	00:34:11.963	0.97670	0.97670			6
2024.05.10	00:34:12.023	0.97669	0.97669			6
2024.05.10	00:34:12.054	0.97670	0.97670			6
2024.05.10	00:34:17.402	0.97668	0.97668			6
2024.05.10	00:34:17.433	0.97669	0.97669			6
2024.05.10	00:34:19.015	0.97670	0.97670			6
2024.05.10	00:34:19.045	0.97676	0.97676			6
2024.05.10	00:34:19.074	0.97679	0.97679			6
2024.05.10	00:34:19.105	0.97680	0.97680			6
2024.05.10	00:34:19.164	0.97681	0.97681			6
2024.05.10	00:34:19.195	0.97680	0.97680			6
2024.05.10	00:34:19.225	0.97681	0.97681			6
2024.05.10	00:34:20.174	0.97683	0.97683			6
2024.05.10	00:34:20.204	0.97682	0.97682			6
2024.05.10	00:34:21.478	0.97684	0.97684			6
2024.05.10	00:34:23.058	0.97688	0.97688			6
2024.05.10	00:34:24.097	0.97686	0.97686			6
2024.05.10	00:34:24.127	0.97688	0.97688			6
2024.05.10	00:34:25.853	0.97701	0.97701			6
2024.05.10	00:34:34.982	0.97678	0.97678			6
2024.05.10	00:34:37.475	0.97677	0.97677			6
2024.05.10	00:34:39.458	0.97681	0.97681			6
2024.05.10	00:34:44.485	0.97682	0.97682			6
2024.05.10	00:34:46.556	0.97685	0.97685			6
2024.05.10	00:34:46.585	0.97689	0.97689			6
2024.05.10	00:34:46.676	0.97691	0.97691			6
2024.05.10	00:34:46.767	0.97689	0.97689			6
2024.05.10	00:34:46.797	0.97690	0.97690			6
2024.05.10	00:34:47.044	0.97691	0.97691			6
2024.05.10	00:34:47.074	0.97690	0.97690			6
2024.05.10	00:34:47.535	0.97691	0.97691			6
2024.05.10	00:34:47.565	0.97690	0.97690			6
2024.05.10	00:34:47.854	0.97687	0.97687			6
2024.05.10	00:34:47.885	0.97690	0.97690			6
2024.05.10	00:34:48.558	0.97694	0.97694			6
2024.05.10	00:34:54.564	0.97695	0.97695			6
2024.05.10	00:34:54.595	0.97698	0.97698			6
2024.05.10	00:34:59.550	0.97697	0.97697			6
2024.05.10	00:35:10.884	0.97698	0.97698			6
2024.05.10	00:35:14.814	0.97696	0.97696			6
2024.05.10	00:35:14.844	0.97695	0.97695			6
2024.05.10	00:35:15.165	0.97694	0.97694			6
2024.05.10	00:35:15.914	0.97695	0.97695			6
2024.05.10	00:35:16.379	0.97694	0.97694			6
2024.05.10	00:35:18.792	0.97693	0.97693			6
2024.05.10	00:35:19.072	0.97695	0.97695			6
2024.05.10	00:35:19.783	0.97693	0.97693			6
2024.05.10	00:35:20.803	0.97695	0.97695			6
2024.05.10	00:35:21.327	0.97692	0.97692			6
2024.05.10	00:35:21.387	0.97693	0.97693			6
2024.05.10	00:35:26.665	0.97697	0.97697			6
2024.05.10	00:35:30.933	0.97698	0.97698			6
2024.05.10	00:35:30.963	0.97684	0.97684			6
2024.05.10	00:35:31.313	0.97674	0.97674			6
2024.05.10	00:35:35.203	0.97673	0.97673			6
2024.05.10	00:35:41.921	0.97670	0.97670			6
2024.05.10	00:35:41.983	0.97671	0.97671			6
2024.05.10	00:35:46.134	0.97667	0.97667			6
2024.05.10	00:35:46.195	0.97669	0.97669			6
2024.05.10	00:35:49.263	0.97667	0.97667			6
2024.05.10	00:35:49.292	0.97665	0.97665			6
2024.05.10	00:35:49.323	0.97666	0.97666			6
2024.05.10	00:35:49.353	0.97668	0.97668			6
2024.05.10	00:35:49.412	0.97666	0.97666			6
2024.05.10	00:35:50.473	0.97664	0.97664			6
2024.05.10	00:35:52.924	0.97667	0.97667			6
2024.05.10	00:35:52.954	0.97677	0.97677			6
2024.05.10	00:35:53.014	0.97676	0.97676			6
2024.05.10	00:35:53.881	0.97677	0.97677			6
2024.05.10	00:35:53.941	0.97676	0.97676			6
2024.05.10	00:35:53.971	0.97675	0.97675			6
2024.05.10	00:35:54.031	0.97678	0.97678			6
2024.05.10	00:35:54.063	0.97677	0.97677			6
2024.05.10	00:35:54.091	0.97675	0.97675			6
2024.05.10	00:35:55.572	0.97677	0.97677			6
2024.05.10	00:36:00.961	0.97678	0.97678			6
2024.05.10	00:36:01.283	0.97679	0.97679			6
2024.05.10	00:36:01.360	0.97677	0.97677			6
2024.05.10	00:36:04.404	0.97678	0.97678			6
2024.05.10	00:36:05.729	0.97679	0.97679			6
2024.05.10	00:36:06.124	0.97681	0.97681			6
2024.05.10	00:36:20.593	0.97680	0.97680			6
2024.05.10	00:36:23.472	0.97671	0.97671			6
2024.05.10	00:36:23.502	0.97669	0.97669			6
2024.05.10	00:36:24.062	0.97666	0.97666			6
2024.05.10	00:36:24.480	0.97665	0.97665			6
2024.05.10	00:36:26.559	0.97667	0.97667			6
2024.05.10	00:36:26.618	0.97668	0.97668			6
2024.05.10	00:36:26.678	0.97669	0.97669			6
2024.05.10	00:36:30.116	0.97673	0.97673			6
2024.05.10	00:36:41.877	0.97670	0.97670			6
2024.05.10	00:36:41.907	0.97667	0.97667			6
2024.05.10	00:36:41.937	0.97665	0.97665			6
2024.05.10	00:36:41.966	0.97666	0.97666			6
2024.05.10	00:36:42.381	0.97664	0.97664			6
2024.05.10	00:36:42.442	0.97663	0.97663			6
2024.05.10	00:36:42.477	0.97662	0.97662			6
2024.05.10	00:36:43.462	0.97664	0.97664			6
2024.05.10	00:36:45.816	0.97666	0.97666			6
2024.05.10	00:36:45.846	0.97677	0.97677			6
2024.05.10	00:36:45.906	0.97678	0.97678			6
2024.05.10	00:36:46.963	0.97677	0.97677			6
2024.05.10	00:36:49.510	0.97679	0.97679			6
2024.05.10	00:37:07.163	0.97681	0.97681			6
2024.05.10	00:37:07.193	0.97678	0.97678			6
2024.05.10	00:37:07.222	0.97677	0.97677			6
2024.05.10	00:37:10.067	0.97678	0.97678			6
2024.05.10	00:37:11.094	0.97692	0.97692			6
2024.05.10	00:37:11.125	0.97697	0.97697			6
2024.05.10	00:37:11.582	0.97690	0.97690			6
2024.05.10	00:37:11.612	0.97697	0.97697			6
2024.05.10	00:37:12.172	0.97696	0.97696			6
2024.05.10	00:37:17.572	0.97695	0.97695			6
2024.05.10	00:37:17.691	0.97696	0.97696			6
2024.05.10	00:37:17.843	0.97695	0.97695			6
2024.05.10	00:37:18.054	0.97691	0.97691			6
2024.05.10	00:37:18.084	0.97687	0.97687			6
2024.05.10	00:37:18.145	0.97686	0.97686			6
2024.05.10	00:37:18.478	0.97682	0.97682			6
2024.05.10	00:37:18.508	0.97678	0.97678			6
2024.05.10	00:37:18.841	0.97677	0.97677			6
2024.05.10	00:37:19.246	0.97678	0.97678			6
2024.05.10	00:37:19.343	0.97677	0.97677			6
2024.05.10	00:37:19.372	0.97676	0.97676			6
2024.05.10	00:37:19.508	0.97677	0.97677			6
2024.05.10	00:37:19.537	0.97678	0.97678			6
2024.05.10	00:37:19.791	0.97679	0.97679			6
2024.05.10	00:37:19.821	0.97678	0.97678			6
2024.05.10	00:37:19.852	0.97677	0.97677			6
2024.05.10	00:37:19.881	0.97678	0.97678			6
2024.05.10	00:37:19.942	0.97677	0.97677			6
2024.05.10	00:37:20.734	0.97675	0.97675			6
2024.05.10	00:37:25.873	0.97676	0.97676			6
2024.05.10	00:37:25.903	0.97677	0.97677			6
2024.05.10	00:37:25.962	0.97678	0.97678			6
2024.05.10	00:37:28.302	0.97677	0.97677			6
2024.05.10	00:37:29.223	0.97676	0.97676			6
2024.05.10	00:37:31.534	0.97678	0.97678			6
2024.05.10	00:37:31.751	0.97677	0.97677			6
2024.05.10	00:37:38.022	0.97678	0.97678			6
2024.05.10	00:37:40.293	0.97679	0.97679			6
2024.05.10	00:37:42.988	0.97680	0.97680			6
2024.05.10	00:37:43.278	0.97679	0.97679			6
2024.05.10	00:37:43.398	0.97680	0.97680			6
2024.05.10	00:37:45.694	0.97678	0.97678			6
2024.05.10	00:37:47.317	0.97679	0.97679			6
2024.05.10	00:37:47.504	0.97678	0.97678			6
2024.05.10	00:37:48.202	0.97677	0.97677			6
2024.05.10	00:37:48.533	0.97678	0.97678			6
2024.05.10	00:37:48.652	0.97677	0.97677			6
2024.05.10	00:37:48.923	0.97680	0.97680			6
2024.05.10	00:37:49.373	0.97679	0.97679			6
2024.05.10	00:37:49.403	0.97678	0.97678			6
2024.05.10	00:37:49.536	0.97677	0.97677			6
2024.05.10	00:37:51.722	0.97676	0.97676			6
2024.05.10	00:37:51.753	0.97677	0.97677			6
2024.05.10	00:37:56.003	0.97676	0.97676			6
2024.05.10	00:37:56.064	0.97677	0.97677			6
2024.05.10	00:37:56.123	0.97675	0.97675			6
2024.05.10	00:37:58.412	0.97676	0.97676			6
2024.05.10	00:37:59.443	0.97675	0.97675			6
2024.05.10	00:38:00.085	0.97676	0.97676			6
2024.05.10	00:38:00.410	0.97677	0.97677			6
2024.05.10	00:38:00.471	0.97676	0.97676			6
2024.05.10	00:38:00.687	0.97677	0.97677			6
2024.05.10	00:38:00.781	0.97676	0.97676			6
2024.05.10	00:38:01.281	0.97677	0.97677			6
2024.05.10	00:38:01.340	0.97676	0.97676			6
2024.05.10	00:38:02.377	0.97677	0.97677			6
2024.05.10	00:38:02.440	0.97676	0.97676			6
2024.05.10	00:38:02.599	0.97677	0.97677			6
2024.05.10	00:38:06.108	0.97678	0.97678			6
2024.05.10	00:38:14.042	0.97677	0.97677			6
2024.05.10	00:38:14.072	0.97675	0.97675			6
2024.05.10	00:38:14.147	0.97679	0.97679			6
2024.05.10	00:38:14.177	0.97676	0.97676			6
2024.05.10	00:38:14.267	0.97677	0.97677			6
2024.05.10	00:38:18.939	0.97674	0.97674			6
2024.05.10	00:38:23.077	0.97672	0.97672			6
2024.05.10	00:38:30.153	0.97670	0.97670			6
2024.05.10	00:38:49.463	0.97671	0.97671			6
2024.05.10	00:38:49.492	0.97666	0.97666			6
2024.05.10	00:38:49.522	0.97667	0.97667			6
2024.05.10	00:38:49.582	0.97665	0.97665			6
2024.05.10	00:38:49.612	0.97660	0.97660			6
2024.05.10	00:38:49.813	0.97661	0.97661			6
2024.05.10	00:38:50.452	0.97663	0.97663			6
2024.05.10	00:38:51.482	0.97666	0.97666			6
2024.05.10	00:38:51.582	0.97670	0.97670			6
2024.05.10	00:38:51.611	0.97678	0.97678			6
2024.05.10	00:38:51.791	0.97679	0.97679			6
2024.05.10	00:38:51.821	0.97678	0.97678			6
2024.05.10	00:38:51.940	0.97679	0.97679			6
2024.05.10	00:38:56.119	0.97676	0.97676			6
2024.05.10	00:38:56.179	0.97678	0.97678			6
2024.05.10	00:38:56.552	0.97677	0.97677			6
2024.05.10	00:38:59.886	0.97678	0.97678			6
2024.05.10	00:39:01.681	0.97677	0.97677			6
2024.05.10	00:39:02.873	0.97676	0.97676			6
2024.05.10	00:39:03.117	0.97677	0.97677			6
2024.05.10	00:39:04.723	0.97678	0.97678			6
2024.05.10	00:39:06.080	0.97679	0.97679			6
2024.05.10	00:39:06.111	0.97680	0.97680			6
2024.05.10	00:39:06.795	0.97679	0.97679			6
2024.05.10	00:39:06.824	0.97678	0.97678			6
2024.05.10	00:39:06.884	0.97679	0.97679			6
2024.05.10	00:39:15.479	0.97678	0.97678			6
2024.05.10	00:39:19.094	0.97679	0.97679			6
2024.05.10	00:39:20.084	0.97680	0.97680			6
2024.05.10	00:39:20.171	0.97678	0.97678			6
2024.05.10	00:39:20.652	0.97679	0.97679			6
2024.05.10	00:39:21.378	0.97678	0.97678			6
2024.05.10	00:39:21.408	0.97673	0.97673			6
2024.05.10	00:39:21.633	0.97670	0.97670			6
2024.05.10	00:39:22.092	0.97667	0.97667			6
2024.05.10	00:39:22.183	0.97671	0.97671			6
2024.05.10	00:39:30.205	0.97673	0.97673			6
2024.05.10	00:39:30.264	0.97672	0.97672			6
2024.05.10	00:39:30.353	0.97671	0.97671			6
2024.05.10	00:39:30.525	0.97670	0.97670			6
2024.05.10	00:39:30.969	0.97671	0.97671			6
2024.05.10	00:39:32.969	0.97670	0.97670			6
2024.05.10	00:39:35.444	0.97664	0.97664			6
2024.05.10	00:39:35.474	0.97665	0.97665			6
2024.05.10	00:39:38.553	0.97666	0.97666			6
2024.05.10	00:39:41.116	0.97667	0.97667			6
2024.05.10	00:39:43.614	0.97665	0.97665			6
2024.05.10	00:39:47.481	0.97660	0.97660			6
2024.05.10	00:39:49.492	0.97664	0.97664			6
2024.05.10	00:39:49.521	0.97666	0.97666			6
2024.05.10	00:39:50.914	0.97665	0.97665			6
2024.05.10	00:39:53.723	0.97664	0.97664			6
2024.05.10	00:39:56.670	0.97665	0.97665			6
2024.05.10	00:39:56.864	0.97669	0.97669			6
2024.05.10	00:39:57.204	0.97671	0.97671			6
2024.05.10	00:39:57.295	0.97673	0.97673			6
2024.05.10	00:39:57.572	0.97671	0.97671			6
2024.05.10	00:39:58.609	0.97666	0.97666			6
2024.05.10	00:40:01.112	0.97665	0.97665			6
2024.05.10	00:40:03.582	0.97666	0.97666			6
2024.05.10	00:40:06.124	0.97667	0.97667			6
2024.05.10	00:40:07.325	0.97668	0.97668			6
2024.05.10	00:40:07.356	0.97667	0.97667			6
2024.05.10	00:40:09.332	0.97666	0.97666			6
2024.05.10	00:40:09.363	0.97667	0.97667			6
2024.05.10	00:40:09.423	0.97666	0.97666			6
2024.05.10	00:40:11.511	0.97664	0.97664			6
2024.05.10	00:40:16.113	0.97665	0.97665			6
2024.05.10	00:40:19.465	0.97667	0.97667			6
2024.05.10	00:40:19.801	0.97669	0.97669			6
2024.05.10	00:40:20.478	0.97664	0.97664			6
2024.05.10	00:40:37.093	0.97665	0.97665			6
2024.05.10	00:40:39.368	0.97664	0.97664			6
2024.05.10	00:40:46.658	0.97666	0.97666			6
2024.05.10	00:40:46.717	0.97664	0.97664			6
2024.05.10	00:40:51.191	0.97672	0.97672			6
2024.05.10	00:40:51.480	0.97667	0.97667			6
2024.05.10	00:40:54.223	0.97664	0.97664			6
2024.05.10	00:40:55.461	0.97662	0.97662			6
2024.05.10	00:40:55.490	0.97660	0.97660			6
2024.05.10	00:40:56.181	0.97663	0.97663			6
2024.05.10	00:40:56.211	0.97664	0.97664			6
2024.05.10	00:40:59.695	0.97666	0.97666			6
2024.05.10	00:41:05.812	0.97669	0.97669			6
2024.05.10	00:41:09.513	0.97674	0.97674			6
2024.05.10	00:41:13.426	0.97686	0.97686			6
2024.05.10	00:41:13.456	0.97687	0.97687			6
2024.05.10	00:41:13.546	0.97686	0.97686			6
2024.05.10	00:41:13.576	0.97681	0.97681			6
2024.05.10	00:41:14.291	0.97688	0.97688			6
2024.05.10	00:41:14.351	0.97687	0.97687			6
2024.05.10	00:41:14.381	0.97688	0.97688			6
2024.05.10	00:41:14.410	0.97675	0.97675			6
2024.05.10	00:41:14.470	0.97674	0.97674			6
2024.05.10	00:41:15.097	0.97675	0.97675			6
2024.05.10	00:41:25.264	0.97676	0.97676			6
2024.05.10	00:41:27.952	0.97678	0.97678			6
2024.05.10	00:41:28.400	0.97677	0.97677			6
2024.05.10	00:41:33.940	0.97676	0.97676			6
2024.05.10	00:41:34.139	0.97677	0.97677			6
2024.05.10	00:41:34.910	0.97676	0.97676			6
2024.05.10	00:41:35.861	0.97677	0.97677			6
2024.05.10	00:42:00.269	0.97678	0.97678			6
2024.05.10	00:42:06.552	0.97677	0.97677			6
2024.05.10	00:42:13.938	0.97678	0.97678			6
2024.05.10	00:42:14.007	0.97677	0.97677			6
2024.05.10	00:42:14.037	0.97678	0.97678			6
2024.05.10	00:42:15.950	0.97677	0.97677			6
2024.05.10	00:42:18.985	0.97678	0.97678			6
2024.05.10	00:42:19.051	0.97676	0.97676			6
2024.05.10	00:42:21.191	0.97677	0.97677			6
2024.05.10	00:42:24.161	0.97679	0.97679			6
2024.05.10	00:42:24.190	0.97677	0.97677			6
2024.05.10	00:42:25.202	0.97678	0.97678			6
2024.05.10	00:42:25.231	0.97677	0.97677			6
2024.05.10	00:42:28.233	0.97678	0.97678			6
2024.05.10	00:42:28.840	0.97677	0.97677			6
2024.05.10	00:42:32.580	0.97676	0.97676			6
2024.05.10	00:42:35.252	0.97677	0.97677			6
2024.05.10	00:42:51.229	0.97678	0.97678			6
2024.05.10	00:42:53.074	0.97681	0.97681			6
2024.05.10	00:42:53.105	0.97694	0.97694			6
2024.05.10	00:42:53.134	0.97695	0.97695			6
2024.05.10	00:42:53.207	0.97697	0.97697			6
2024.05.10	00:42:56.192	0.97696	0.97696			6
2024.05.10	00:42:56.513	0.97685	0.97685			6
2024.05.10	00:42:56.543	0.97684	0.97684			6
2024.05.10	00:42:56.854	0.97690	0.97690			6
2024.05.10	00:42:56.884	0.97680	0.97680			6
2024.05.10	00:42:58.129	0.97671	0.97671			6
2024.05.10	00:42:58.189	0.97669	0.97669			6
2024.05.10	00:43:01.193	0.97671	0.97671			6
2024.05.10	00:43:01.619	0.97670	0.97670			6
2024.05.10	00:43:01.649	0.97668	0.97668			6
2024.05.10	00:43:02.058	0.97664	0.97664			6
2024.05.10	00:43:02.162	0.97665	0.97665			6
2024.05.10	00:43:02.192	0.97666	0.97666			6
2024.05.10	00:43:02.970	0.97664	0.97664			6
2024.05.10	00:43:04.990	0.97666	0.97666			6
2024.05.10	00:43:07.334	0.97658	0.97658			6
2024.05.10	00:43:07.365	0.97659	0.97659			6
2024.05.10	00:43:07.425	0.97663	0.97663			6
2024.05.10	00:43:07.503	0.97667	0.97667			6
2024.05.10	00:43:07.535	0.97669	0.97669			6
2024.05.10	00:43:07.663	0.97666	0.97666			6
2024.05.10	00:43:08.645	0.97665	0.97665			6
2024.05.10	00:43:08.675	0.97664	0.97664			6
2024.05.10	00:43:11.042	0.97667	0.97667			6
2024.05.10	00:43:14.222	0.97668	0.97668			6
2024.05.10	00:43:14.312	0.97667	0.97667			6
2024.05.10	00:43:14.371	0.97666	0.97666			6
2024.05.10	00:43:14.460	0.97667	0.97667			6
2024.05.10	00:43:15.532	0.97668	0.97668			6
2024.05.10	00:43:32.477	0.97662	0.97662			6
2024.05.10	00:43:32.537	0.97666	0.97666			6
2024.05.10	00:43:32.568	0.97668	0.97668			6
2024.05.10	00:43:35.921	0.97669	0.97669			6
2024.05.10	00:43:36.251	0.97668	0.97668			6
2024.05.10	00:43:37.606	0.97669	0.97669			6
2024.05.10	00:43:38.041	0.97666	0.97666			6
2024.05.10	00:43:38.101	0.97668	0.97668			6
2024.05.10	00:43:38.180	0.97669	0.97669			6
2024.05.10	00:43:40.913	0.97670	0.97670			6
2024.05.10	00:43:40.942	0.97669	0.97669			6
2024.05.10	00:43:45.775	0.97668	0.97668			6
2024.05.10	00:43:45.980	0.97669	0.97669			6
2024.05.10	00:43:46.040	0.97665	0.97665			6
2024.05.10	00:43:46.070	0.97668	0.97668			6
2024.05.10	00:43:48.260	0.97669	0.97669			6
2024.05.10	00:43:57.929	0.97671	0.97671			6
2024.05.10	00:44:01.110	0.97666	0.97666			6
2024.05.10	00:44:01.615	0.97665	0.97665			6
2024.05.10	00:44:01.676	0.97666	0.97666			6
2024.05.10	00:44:06.124	0.97668	0.97668			6
2024.05.10	00:44:06.183	0.97669	0.97669			6
2024.05.10	00:44:21.102	0.97671	0.97671			6
2024.05.10	00:44:21.329	0.97672	0.97672			6
2024.05.10	00:44:21.360	0.97670	0.97670			6
2024.05.10	00:44:31.262	0.97669	0.97669			6
2024.05.10	00:44:36.081	0.97671	0.97671			6
2024.05.10	00:44:36.112	0.97684	0.97684			6
2024.05.10	00:44:41.429	0.97680	0.97680			6
2024.05.10	00:44:42.071	0.97686	0.97686			6
2024.05.10	00:44:42.905	0.97684	0.97684			6
2024.05.10	00:44:42.936	0.97685	0.97685			6
2024.05.10	00:44:43.232	0.97683	0.97683			6
2024.05.10	00:44:43.263	0.97685	0.97685			6
2024.05.10	00:44:56.152	0.97686	0.97686			6
2024.05.10	00:44:56.342	0.97682	0.97682			6
2024.05.10	00:44:56.372	0.97680	0.97680			6
2024.05.10	00:44:56.888	0.97688	0.97688			6
2024.05.10	00:44:57.223	0.97686	0.97686			6
2024.05.10	00:45:00.514	0.97685	0.97685			6
2024.05.10	00:45:06.162	0.97687	0.97687			6
2024.05.10	00:45:06.452	0.97686	0.97686			6
2024.05.10	00:45:14.669	0.97689	0.97689			6
2024.05.10	00:45:16.891	0.97688	0.97688			6
2024.05.10	00:45:16.981	0.97687	0.97687			6
2024.05.10	00:45:33.461	0.97686	0.97686			6
2024.05.10	00:45:37.093	0.97687	0.97687			6
2024.05.10	00:45:40.181	0.97685	0.97685			6
2024.05.10	00:45:40.259	0.97686	0.97686			6
2024.05.10	00:45:40.319	0.97687	0.97687			6
2024.05.10	00:45:42.231	0.97688	0.97688			6
2024.05.10	00:45:56.260	0.97687	0.97687			6
2024.05.10	00:46:01.106	0.97688	0.97688			6
2024.05.10	00:46:01.136	0.97687	0.97687			6
2024.05.10	00:46:11.001	0.97688	0.97688			6
2024.05.10	00:46:14.113	0.97687	0.97687			6
2024.05.10	00:46:14.143	0.97686	0.97686			6
2024.05.10	00:46:14.203	0.97687	0.97687			6
2024.05.10	00:46:14.263	0.97688	0.97688			6
2024.05.10	00:46:40.541	0.97686	0.97686			6
2024.05.10	00:46:40.571	0.97688	0.97688			6
2024.05.10	00:46:42.654	0.97687	0.97687			6
2024.05.10	00:46:44.172	0.97686	0.97686			6
2024.05.10	00:46:54.080	0.97685	0.97685			6
2024.05.10	00:46:54.286	0.97686	0.97686			6
2024.05.10	00:46:54.317	0.97687	0.97687			6
2024.05.10	00:46:55.382	0.97686	0.97686			6
2024.05.10	00:46:56.099	0.97685	0.97685			6
2024.05.10	00:47:00.046	0.97684	0.97684			6
2024.05.10	00:47:06.116	0.97688	0.97688			6
2024.05.10	00:47:18.001	0.97687	0.97687			6
2024.05.10	00:47:20.241	0.97685	0.97685			6
2024.05.10	00:47:22.441	0.97683	0.97683			6
2024.05.10	00:47:22.501	0.97684	0.97684			6
2024.05.10	00:47:22.692	0.97679	0.97679			6
2024.05.10	00:47:22.722	0.97673	0.97673			6
2024.05.10	00:47:22.822	0.97674	0.97674			6
2024.05.10	00:47:42.690	0.97670	0.97670			6
2024.05.10	00:47:48.335	0.97671	0.97671			6
2024.05.10	00:47:50.688	0.97670	0.97670			6
2024.05.10	00:47:51.977	0.97671	0.97671			6
2024.05.10	00:48:00.352	0.97674	0.97674			6
2024.05.10	00:48:00.741	0.97673	0.97673			6
2024.05.10	00:48:01.991	0.97674	0.97674			6
2024.05.10	00:48:03.544	0.97673	0.97673			6
2024.05.10	00:48:04.911	0.97671	0.97671			6
2024.05.10	00:48:05.223	0.97673	0.97673			6
2024.05.10	00:48:05.679	0.97678	0.97678			6
2024.05.10	00:48:08.447	0.97677	0.97677			6
2024.05.10	00:48:08.477	0.97675	0.97675			6
2024.05.10	00:48:08.671	0.97674	0.97674			6
2024.05.10	00:48:12.996	0.97673	0.97673			6
2024.05.10	00:48:16.844	0.97671	0.97671			6
2024.05.10	00:48:18.172	0.97672	0.97672			6
2024.05.10	00:48:24.135	0.97673	0.97673			6
2024.05.10	00:48:26.333	0.97672	0.97672			6
2024.05.10	00:48:26.608	0.97671	0.97671			6
2024.05.10	00:48:30.061	0.97672	0.97672			6
2024.05.10	00:48:31.032	0.97670	0.97670			6
2024.05.10	00:48:33.814	0.97667	0.97667			6
2024.05.10	00:48:33.852	0.97666	0.97666			6
2024.05.10	00:48:33.912	0.97665	0.97665			6
2024.05.10	00:48:35.935	0.97667	0.97667			6
2024.05.10	00:48:37.933	0.97676	0.97676			6
2024.05.10	00:48:38.272	0.97678	0.97678			6
2024.05.10	00:48:38.431	0.97677	0.97677			6
2024.05.10	00:48:38.970	0.97678	0.97678			6
2024.05.10	00:48:44.070	0.97679	0.97679			6
2024.05.10	00:48:44.575	0.97680	0.97680			6
2024.05.10	00:48:47.310	0.97679	0.97679			6
2024.05.10	00:48:47.912	0.97678	0.97678			6
2024.05.10	00:48:48.063	0.97679	0.97679			6
2024.05.10	00:48:48.265	0.97678	0.97678			6
2024.05.10	00:48:48.495	0.97674	0.97674			6
2024.05.10	00:48:48.923	0.97673	0.97673			6
2024.05.10	00:48:49.188	0.97672	0.97672			6
2024.05.10	00:48:49.971	0.97671	0.97671			6
2024.05.10	00:48:53.304	0.97672	0.97672			6
2024.05.10	00:48:54.303	0.97678	0.97678			6
2024.05.10	00:48:56.094	0.97679	0.97679			6
2024.05.10	00:48:56.125	0.97678	0.97678			6
2024.05.10	00:48:57.027	0.97679	0.97679			6
2024.05.10	00:48:58.157	0.97676	0.97676			6
2024.05.10	00:48:58.662	0.97675	0.97675			6
2024.05.10	00:48:59.912	0.97676	0.97676			6
2024.05.10	00:49:00.769	0.97673	0.97673			6
2024.05.10	00:49:01.080	0.97671	0.97671			6
2024.05.10	00:49:02.091	0.97679	0.97679			6
2024.05.10	00:49:02.121	0.97688	0.97688			6
2024.05.10	00:49:05.041	0.97689	0.97689			6
2024.05.10	00:49:05.070	0.97688	0.97688			6
2024.05.10	00:49:05.621	0.97689	0.97689			6
2024.05.10	00:49:05.922	0.97681	0.97681			6
2024.05.10	00:49:05.981	0.97680	0.97680			6
2024.05.10	00:49:06.011	0.97679	0.97679			6
2024.05.10	00:49:06.041	0.97678	0.97678			6
2024.05.10	00:49:06.411	0.97677	0.97677			6
2024.05.10	00:49:06.773	0.97673	0.97673			6
2024.05.10	00:49:07.074	0.97669	0.97669			6
2024.05.10	00:49:07.104	0.97670	0.97670			6
2024.05.10	00:49:07.374	0.97673	0.97673			6
2024.05.10	00:49:07.455	0.97671	0.97671			6
2024.05.10	00:49:07.484	0.97669	0.97669			6
2024.05.10	00:49:07.978	0.97670	0.97670			6
2024.05.10	00:49:08.053	0.97669	0.97669			6
2024.05.10	00:49:08.995	0.97668	0.97668			6
2024.05.10	00:49:09.024	0.97669	0.97669			6
2024.05.10	00:49:13.142	0.97671	0.97671			6
2024.05.10	00:49:13.509	0.97670	0.97670			6
2024.05.10	00:49:17.039	0.97668	0.97668			6
2024.05.10	00:49:17.069	0.97670	0.97670			6
2024.05.10	00:49:17.674	0.97671	0.97671			6
2024.05.10	00:49:27.183	0.97670	0.97670			6
2024.05.10	00:49:27.487	0.97668	0.97668			6
2024.05.10	00:49:34.831	0.97669	0.97669			6
2024.05.10	00:49:35.056	0.97670	0.97670			6
2024.05.10	00:49:35.752	0.97671	0.97671			6
2024.05.10	00:49:35.810	0.97670	0.97670			6
2024.05.10	00:49:35.841	0.97669	0.97669			6
2024.05.10	00:49:35.917	0.97667	0.97667			6
2024.05.10	00:49:36.189	0.97668	0.97668			6
2024.05.10	00:49:36.660	0.97667	0.97667			6
2024.05.10	00:49:36.783	0.97666	0.97666			6
2024.05.10	00:49:36.936	0.97674	0.97674			6
2024.05.10	00:49:37.171	0.97666	0.97666			6
2024.05.10	00:49:39.511	0.97668	0.97668			6
2024.05.10	00:49:39.849	0.97678	0.97678			6
2024.05.10	00:49:40.149	0.97681	0.97681			6
2024.05.10	00:49:40.827	0.97679	0.97679			6
2024.05.10	00:49:42.000	0.97680	0.97680			6
2024.05.10	00:49:42.030	0.97679	0.97679			6
2024.05.10	00:49:43.520	0.97678	0.97678			6
2024.05.10	00:49:48.037	0.97677	0.97677			6
2024.05.10	00:49:48.067	0.97674	0.97674			6
2024.05.10	00:49:48.560	0.97673	0.97673			6
2024.05.10	00:49:48.899	0.97674	0.97674			6
2024.05.10	00:49:48.980	0.97673	0.97673			6
2024.05.10	00:49:51.198	0.97674	0.97674			6
2024.05.10	00:49:51.579	0.97673	0.97673			6
2024.05.10	00:49:51.982	0.97672	0.97672			6
2024.05.10	00:49:52.072	0.97674	0.97674			6
2024.05.10	00:49:52.191	0.97673	0.97673			6
2024.05.10	00:49:52.222	0.97672	0.97672			6
2024.05.10	00:49:56.090	0.97671	0.97671			6
2024.05.10	00:49:57.059	0.97672	0.97672			6
2024.05.10	00:49:57.090	0.97671	0.97671			6
2024.05.10	00:49:57.992	0.97672	0.97672			6
2024.05.10	00:49:58.022	0.97671	0.97671			6
2024.05.10	00:49:59.280	0.97674	0.97674			6
2024.05.10	00:49:59.340	0.97673	0.97673			6
2024.05.10	00:49:59.872	0.97671	0.97671			6
2024.05.10	00:50:04.130	0.97672	0.97672			6
2024.05.10	00:50:04.190	0.97673	0.97673			6
2024.05.10	00:50:04.719	0.97672	0.97672			6
2024.05.10	00:50:04.749	0.97671	0.97671			6
2024.05.10	00:50:06.103	0.97672	0.97672			6
2024.05.10	00:50:06.461	0.97674	0.97674			6
2024.05.10	00:50:06.521	0.97673	0.97673			6
2024.05.10	00:50:39.862	0.97672	0.97672			6
2024.05.10	00:50:43.426	0.97674	0.97674			6
2024.05.10	00:50:43.485	0.97673	0.97673			6
2024.05.10	00:50:44.216	0.97672	0.97672			6
2024.05.10	00:50:44.245	0.97671	0.97671			6
2024.05.10	00:50:44.485	0.97670	0.97670			6
2024.05.10	00:50:44.909	0.97666	0.97666			6
2024.05.10	00:50:46.021	0.97668	0.97668			6
2024.05.10	00:50:46.052	0.97674	0.97674			6
2024.05.10	00:50:46.544	0.97675	0.97675			6
2024.05.10	00:50:46.633	0.97674	0.97674			6
2024.05.10	00:50:51.510	0.97672	0.97672			6
2024.05.10	00:50:51.540	0.97669	0.97669			6
2024.05.10	00:50:54.270	0.97679	0.97679			6
2024.05.10	00:50:54.332	0.97681	0.97681			6
2024.05.10	00:50:54.362	0.97680	0.97680			6
2024.05.10	00:50:54.392	0.97681	0.97681			6
2024.05.10	00:50:54.422	0.97683	0.97683			6
2024.05.10	00:50:54.571	0.97685	0.97685			6
2024.05.10	00:50:54.931	0.97684	0.97684			6
2024.05.10	00:50:55.932	0.97685	0.97685			6
2024.05.10	00:50:57.290	0.97690	0.97690			6
2024.05.10	00:50:57.320	0.97691	0.97691			6
2024.05.10	00:50:57.350	0.97690	0.97690			6
2024.05.10	00:50:57.381	0.97687	0.97687			6
2024.05.10	00:50:57.944	0.97691	0.97691			6
2024.05.10	00:50:57.974	0.97694	0.97694			6
2024.05.10	00:50:58.034	0.97695	0.97695			6
2024.05.10	00:51:00.289	0.97693	0.97693			6
2024.05.10	00:51:00.321	0.97695	0.97695			6
2024.05.10	00:51:00.664	0.97694	0.97694			6
2024.05.10	00:51:00.743	0.97695	0.97695			6
2024.05.10	00:51:00.898	0.97694	0.97694			6
2024.05.10	00:51:01.469	0.97695	0.97695			6
2024.05.10	00:51:01.818	0.97694	0.97694			6
2024.05.10	00:51:02.345	0.97688	0.97688			6
2024.05.10	00:51:02.376	0.97687	0.97687			6
2024.05.10	00:51:02.406	0.97676	0.97676			6
2024.05.10	00:51:02.789	0.97674	0.97674			6
2024.05.10	00:51:03.474	0.97673	0.97673			6
2024.05.10	00:51:04.489	0.97674	0.97674			6
2024.05.10	00:51:04.747	0.97675	0.97675			6
2024.05.10	00:51:04.778	0.97689	0.97689			6
2024.05.10	00:51:04.807	0.97690	0.97690			6
2024.05.10	00:51:05.002	0.97683	0.97683			6
2024.05.10	00:51:05.032	0.97676	0.97676			6
2024.05.10	00:51:05.930	0.97675	0.97675			6
2024.05.10	00:51:06.963	0.97676	0.97676			6
2024.05.10	00:51:07.162	0.97674	0.97674			6
2024.05.10	00:51:09.476	0.97676	0.97676			6
2024.05.10	00:51:13.740	0.97681	0.97681			6
2024.05.10	00:51:27.230	0.97682	0.97682			6
2024.05.10	00:51:27.592	0.97681	0.97681			6
2024.05.10	00:51:28.706	0.97680	0.97680			6
2024.05.10	00:51:30.424	0.97677	0.97677			6
2024.05.10	00:51:30.793	0.97676	0.97676			6
2024.05.10	00:51:30.927	0.97675	0.97675			6
2024.05.10	00:51:34.459	0.97676	0.97676			6
2024.05.10	00:51:34.489	0.97677	0.97677			6
2024.05.10	00:51:35.446	0.97673	0.97673			6
2024.05.10	00:51:36.100	0.97671	0.97671			6
2024.05.10	00:51:36.130	0.97669	0.97669			6
2024.05.10	00:51:36.419	0.97668	0.97668			6
2024.05.10	00:51:36.812	0.97667	0.97667			6
2024.05.10	00:51:41.064	0.97668	0.97668			6
2024.05.10	00:51:41.381	0.97667	0.97667			6
2024.05.10	00:51:46.832	0.97666	0.97666			6
2024.05.10	00:51:47.058	0.97667	0.97667			6
2024.05.10	00:51:47.388	0.97668	0.97668			6
2024.05.10	00:51:50.151	0.97666	0.97666			6
2024.05.10	00:51:50.180	0.97668	0.97668			6
2024.05.10	00:51:50.240	0.97667	0.97667			6
2024.05.10	00:51:50.361	0.97668	0.97668			6
2024.05.10	00:51:52.710	0.97672	0.97672			6
2024.05.10	00:51:52.769	0.97674	0.97674			6
2024.05.10	00:51:52.799	0.97672	0.97672			6
2024.05.10	00:51:52.828	0.97670	0.97670			6
2024.05.10	00:51:52.858	0.97671	0.97671			6
2024.05.10	00:51:52.888	0.97670	0.97670			6
2024.05.10	00:51:52.949	0.97668	0.97668			6
2024.05.10	00:51:53.248	0.97669	0.97669			6
2024.05.10	00:51:53.337	0.97670	0.97670			6
2024.05.10	00:51:53.368	0.97669	0.97669			6
2024.05.10	00:51:53.918	0.97671	0.97671			6
2024.05.10	00:51:56.631	0.97672	0.97672			6
2024.05.10	00:51:57.129	0.97683	0.97683			6
2024.05.10	00:51:57.221	0.97688	0.97688			6
2024.05.10	00:51:57.400	0.97684	0.97684			6
2024.05.10	00:51:57.741	0.97687	0.97687			6
2024.05.10	00:51:57.771	0.97689	0.97689			6
2024.05.10	00:51:57.867	0.97685	0.97685			6
2024.05.10	00:51:57.928	0.97682	0.97682			6
2024.05.10	00:51:57.987	0.97683	0.97683			6
2024.05.10	00:51:58.017	0.97682	0.97682			6
2024.05.10	00:51:58.078	0.97676	0.97676			6
2024.05.10	00:51:58.137	0.97678	0.97678			6
2024.05.10	00:51:58.197	0.97676	0.97676			6
2024.05.10	00:52:00.891	0.97678	0.97678			6
2024.05.10	00:52:00.951	0.97679	0.97679			6
2024.05.10	00:52:00.980	0.97681	0.97681			6
2024.05.10	00:52:01.256	0.97680	0.97680			6
2024.05.10	00:52:02.794	0.97681	0.97681			6
2024.05.10	00:52:02.969	0.97682	0.97682			6
2024.05.10	00:52:03.059	0.97681	0.97681			6
2024.05.10	00:52:03.089	0.97682	0.97682			6
2024.05.10	00:52:03.328	0.97683	0.97683			6
2024.05.10	00:52:03.391	0.97685	0.97685			6
2024.05.10	00:52:03.839	0.97681	0.97681			6
2024.05.10	00:52:08.404	0.97683	0.97683			6
2024.05.10	00:52:08.434	0.97681	0.97681			6
2024.05.10	00:52:11.110	0.97682	0.97682			6
2024.05.10	00:52:11.829	0.97683	0.97683			6
2024.05.10	00:52:11.888	0.97682	0.97682			6
2024.05.10	00:52:11.999	0.97683	0.97683			6
2024.05.10	00:52:12.218	0.97682	0.97682			6
2024.05.10	00:52:17.442	0.97683	0.97683			6
2024.05.10	00:52:17.802	0.97682	0.97682			6
2024.05.10	00:52:20.369	0.97681	0.97681			6
2024.05.10	00:52:20.735	0.97674	0.97674			6
2024.05.10	00:52:21.843	0.97681	0.97681			6
2024.05.10	00:52:21.904	0.97682	0.97682			6
2024.05.10	00:52:28.031	0.97681	0.97681			6
2024.05.10	00:52:28.628	0.97682	0.97682			6
2024.05.10	00:52:28.790	0.97683	0.97683			6
2024.05.10	00:52:29.040	0.97682	0.97682			6
2024.05.10	00:52:29.341	0.97683	0.97683			6
2024.05.10	00:52:29.459	0.97682	0.97682			6
2024.05.10	00:52:29.730	0.97683	0.97683			6
2024.05.10	00:52:29.880	0.97682	0.97682			6
2024.05.10	00:52:29.910	0.97684	0.97684			6
2024.05.10	00:52:29.940	0.97677	0.97677			6
2024.05.10	00:52:29.970	0.97684	0.97684			6
2024.05.10	00:52:30.000	0.97675	0.97675			6
2024.05.10	00:52:30.310	0.97674	0.97674			6
2024.05.10	00:52:30.921	0.97682	0.97682			6
2024.05.10	00:52:39.432	0.97670	0.97670			6
2024.05.10	00:52:39.462	0.97669	0.97669			6
2024.05.10	00:52:39.504	0.97670	0.97670			6
2024.05.10	00:52:39.534	0.97669	0.97669			6
2024.05.10	00:52:39.908	0.97671	0.97671			6
2024.05.10	00:52:39.938	0.97672	0.97672			6
2024.05.10	00:52:42.149	0.97674	0.97674			6
2024.05.10	00:52:43.249	0.97673	0.97673			6
2024.05.10	00:52:44.091	0.97670	0.97670			6
2024.05.10	00:52:45.490	0.97671	0.97671			6
2024.05.10	00:52:46.639	0.97670	0.97670			6
2024.05.10	00:52:47.029	0.97672	0.97672			6
2024.05.10	00:52:47.059	0.97673	0.97673			6
2024.05.10	00:52:49.252	0.97668	0.97668			6
2024.05.10	00:52:49.282	0.97669	0.97669			6
2024.05.10	00:52:49.312	0.97670	0.97670			6
2024.05.10	00:52:49.984	0.97669	0.97669			6
2024.05.10	00:52:55.869	0.97677	0.97677			6
2024.05.10	00:52:55.899	0.97679	0.97679			6
2024.05.10	00:52:55.930	0.97678	0.97678			6
2024.05.10	00:52:55.959	0.97679	0.97679			6
2024.05.10	00:52:56.019	0.97680	0.97680			6
2024.05.10	00:52:56.049	0.97679	0.97679			6
2024.05.10	00:52:56.951	0.97678	0.97678			6
2024.05.10	00:52:57.041	0.97677	0.97677			6
2024.05.10	00:52:57.855	0.97679	0.97679			6
2024.05.10	00:52:59.271	0.97686	0.97686			6
2024.05.10	00:52:59.302	0.97694	0.97694			6
2024.05.10	00:52:59.392	0.97693	0.97693			6
2024.05.10	00:52:59.574	0.97691	0.97691			6
2024.05.10	00:52:59.852	0.97690	0.97690			6
2024.05.10	00:52:59.883	0.97680	0.97680			6
2024.05.10	00:53:00.706	0.97679	0.97679			6
2024.05.10	00:53:02.151	0.97680	0.97680			6
2024.05.10	00:53:03.663	0.97681	0.97681			6
2024.05.10	00:53:06.111	0.97680	0.97680			6
2024.05.10	00:53:06.721	0.97681	0.97681			6
2024.05.10	00:53:07.710	0.97680	0.97680			6
2024.05.10	00:53:10.982	0.97668	0.97668			6
2024.05.10	00:53:11.012	0.97666	0.97666			6
2024.05.10	00:53:11.522	0.97665	0.97665			6
2024.05.10	00:53:11.947	0.97668	0.97668			6
2024.05.10	00:53:12.200	0.97669	0.97669			6
2024.05.10	00:53:17.052	0.97681	0.97681			6
2024.05.10	00:53:17.326	0.97680	0.97680			6
2024.05.10	00:53:18.390	0.97681	0.97681			6
2024.05.10	00:53:18.420	0.97680	0.97680			6
2024.05.10	00:53:18.699	0.97681	0.97681			6
2024.05.10	00:53:19.338	0.97678	0.97678			6
2024.05.10	00:53:19.369	0.97675	0.97675			6
2024.05.10	00:53:19.398	0.97677	0.97677			6
2024.05.10	00:53:19.780	0.97675	0.97675			6
2024.05.10	00:53:19.839	0.97674	0.97674			6
2024.05.10	00:53:20.384	0.97673	0.97673			6
2024.05.10	00:53:20.418	0.97670	0.97670			6
2024.05.10	00:53:20.449	0.97668	0.97668			6
2024.05.10	00:53:20.930	0.97671	0.97671			6
2024.05.10	00:53:21.719	0.97672	0.97672			6
2024.05.10	00:53:22.270	0.97673	0.97673			6
2024.05.10	00:53:22.301	0.97674	0.97674			6
2024.05.10	00:53:22.576	0.97675	0.97675			6
2024.05.10	00:53:22.659	0.97672	0.97672			6
2024.05.10	00:53:22.940	0.97673	0.97673			6
2024.05.10	00:53:23.008	0.97674	0.97674			6
2024.05.10	00:53:27.622	0.97675	0.97675			6
2024.05.10	00:53:27.682	0.97673	0.97673			6
2024.05.10	00:53:28.001	0.97675	0.97675			6
2024.05.10	00:53:28.260	0.97676	0.97676			6
2024.05.10	00:53:28.291	0.97675	0.97675			6
2024.05.10	00:53:29.073	0.97677	0.97677			6
2024.05.10	00:53:29.133	0.97674	0.97674			6
2024.05.10	00:53:29.193	0.97673	0.97673			6
2024.05.10	00:53:29.349	0.97674	0.97674			6
2024.05.10	00:53:29.380	0.97673	0.97673			6
2024.05.10	00:53:29.669	0.97674	0.97674			6
2024.05.10	00:53:30.249	0.97675	0.97675			6
2024.05.10	00:53:30.511	0.97676	0.97676			6
2024.05.10	00:53:30.581	0.97675	0.97675			6
2024.05.10	00:53:30.610	0.97673	0.97673			6
2024.05.10	00:53:30.640	0.97672	0.97672			6
2024.05.10	00:53:31.157	0.97673	0.97673			6
2024.05.10	00:53:31.187	0.97674	0.97674			6
2024.05.10	00:53:31.248	0.97672	0.97672			6
2024.05.10	00:53:31.350	0.97673	0.97673			6
2024.05.10	00:53:31.380	0.97672	0.97672			6
2024.05.10	00:53:31.469	0.97674	0.97674			6
2024.05.10	00:53:31.499	0.97672	0.97672			6
2024.05.10	00:53:31.914	0.97673	0.97673			6
2024.05.10	00:53:31.945	0.97674	0.97674			6
2024.05.10	00:53:32.005	0.97673	0.97673			6
2024.05.10	00:53:32.036	0.97672	0.97672			6
2024.05.10	00:53:38.258	0.97674	0.97674			6
2024.05.10	00:53:39.127	0.97671	0.97671			6
2024.05.10	00:53:40.159	0.97672	0.97672			6
2024.05.10	00:53:40.189	0.97673	0.97673			6
2024.05.10	00:53:40.219	0.97671	0.97671			6
2024.05.10	00:53:40.309	0.97674	0.97674			6
2024.05.10	00:53:40.340	0.97671	0.97671			6
2024.05.10	00:53:41.080	0.97670	0.97670			6
2024.05.10	00:53:41.524	0.97671	0.97671			6
2024.05.10	00:53:42.321	0.97674	0.97674			6
2024.05.10	00:53:42.350	0.97671	0.97671			6
2024.05.10	00:53:42.767	0.97672	0.97672			6
2024.05.10	00:53:43.042	0.97673	0.97673			6
2024.05.10	00:53:43.103	0.97672	0.97672			6
2024.05.10	00:53:43.133	0.97670	0.97670			6
2024.05.10	00:53:46.704	0.97671	0.97671			6
2024.05.10	00:53:46.765	0.97670	0.97670			6
2024.05.10	00:53:46.795	0.97671	0.97671			6
2024.05.10	00:53:46.825	0.97669	0.97669			6
2024.05.10	00:53:47.810	0.97671	0.97671			6
2024.05.10	00:53:48.362	0.97673	0.97673			6
2024.05.10	00:53:48.392	0.97672	0.97672			6
2024.05.10	00:53:48.685	0.97674	0.97674			6
2024.05.10	00:53:48.714	0.97675	0.97675			6
2024.05.10	00:53:48.879	0.97674	0.97674			6
2024.05.10	00:53:48.940	0.97673	0.97673			6
2024.05.10	00:53:48.970	0.97672	0.97672			6
2024.05.10	00:53:49.086	0.97671	0.97671			6
2024.05.10	00:53:49.783	0.97673	0.97673			6
2024.05.10	00:53:49.842	0.97671	0.97671			6
2024.05.10	00:53:49.902	0.97672	0.97672			6
2024.05.10	00:53:50.098	0.97673	0.97673			6
2024.05.10	00:53:50.288	0.97672	0.97672			6
2024.05.10	00:53:50.348	0.97673	0.97673			6
2024.05.10	00:53:50.378	0.97672	0.97672			6
2024.05.10	00:53:50.408	0.97673	0.97673			6
2024.05.10	00:53:50.680	0.97672	0.97672			6
2024.05.10	00:53:52.260	0.97673	0.97673			6
2024.05.10	00:53:56.111	0.97672	0.97672			6
2024.05.10	00:53:56.179	0.97671	0.97671			6
2024.05.10	00:53:56.929	0.97669	0.97669			6
2024.05.10	00:53:57.932	0.97673	0.97673			6
2024.05.10	00:53:57.964	0.97671	0.97671			6
2024.05.10	00:53:58.478	0.97670	0.97670			6
2024.05.10	00:54:00.226	0.97664	0.97664			6
2024.05.10	00:54:00.447	0.97666	0.97666			6
2024.05.10	00:54:00.477	0.97664	0.97664			6
2024.05.10	00:54:01.899	0.97663	0.97663			6
2024.05.10	00:54:06.117	0.97669	0.97669			6
2024.05.10	00:54:06.719	0.97668	0.97668			6
2024.05.10	00:54:07.003	0.97669	0.97669			6
2024.05.10	00:54:10.173	0.97668	0.97668			6
2024.05.10	00:54:13.119	0.97667	0.97667			6
2024.05.10	00:54:14.049	0.97673	0.97673			6
2024.05.10	00:54:14.079	0.97671	0.97671			6
2024.05.10	00:54:15.458	0.97669	0.97669			6
2024.05.10	00:54:16.111	0.97671	0.97671			6
2024.05.10	00:54:19.668	0.97678	0.97678			6
2024.05.10	00:54:23.589	0.97676	0.97676			6
2024.05.10	00:54:23.618	0.97673	0.97673			6
2024.05.10	00:54:24.549	0.97672	0.97672			6
2024.05.10	00:54:27.910	0.97673	0.97673			6
2024.05.10	00:54:28.180	0.97674	0.97674			6
2024.05.10	00:54:28.209	0.97675	0.97675			6
2024.05.10	00:54:28.280	0.97673	0.97673			6
2024.05.10	00:54:28.330	0.97672	0.97672			6
2024.05.10	00:54:28.620	0.97673	0.97673			6
2024.05.10	00:54:31.179	0.97671	0.97671			6
2024.05.10	00:54:31.238	0.97672	0.97672			6
2024.05.10	00:54:32.398	0.97669	0.97669			6
2024.05.10	00:54:32.690	0.97668	0.97668			6
2024.05.10	00:54:33.029	0.97666	0.97666			6
2024.05.10	00:54:36.051	0.97667	0.97667			6
2024.05.10	00:54:36.675	0.97665	0.97665			6
2024.05.10	00:54:38.011	0.97667	0.97667			6
2024.05.10	00:54:38.079	0.97668	0.97668			6
2024.05.10	00:54:38.470	0.97670	0.97670			6
2024.05.10	00:54:38.499	0.97669	0.97669			6
2024.05.10	00:54:39.091	0.97671	0.97671			6
2024.05.10	00:54:43.269	0.97669	0.97669			6
2024.05.10	00:54:43.795	0.97680	0.97680			6
2024.05.10	00:54:43.824	0.97682	0.97682			6
2024.05.10	00:54:43.854	0.97685	0.97685			6
2024.05.10	00:54:44.277	0.97684	0.97684			6
2024.05.10	00:54:45.319	0.97686	0.97686			6
2024.05.10	00:54:45.382	0.97685	0.97685			6
2024.05.10	00:54:46.941	0.97686	0.97686			6
2024.05.10	00:54:48.509	0.97687	0.97687			6
2024.05.10	00:54:48.539	0.97691	0.97691			6
2024.05.10	00:54:51.596	0.97687	0.97687			6
2024.05.10	00:54:53.457	0.97686	0.97686			6
2024.05.10	00:54:59.691	0.97687	0.97687			6
2024.05.10	00:55:01.100	0.97686	0.97686			6
2024.05.10	00:55:01.129	0.97682	0.97682			6
2024.05.10	00:55:01.599	0.97681	0.97681			6
2024.05.10	00:55:06.090	0.97682	0.97682			6
2024.05.10	00:55:06.120	0.97687	0.97687			6
2024.05.10	00:55:14.928	0.97688	0.97688			6
2024.05.10	00:55:25.558	0.97687	0.97687			6
2024.05.10	00:55:25.660	0.97686	0.97686			6
2024.05.10	00:55:25.809	0.97687	0.97687			6
2024.05.10	00:55:25.870	0.97686	0.97686			6
2024.05.10	00:55:25.900	0.97688	0.97688			6
2024.05.10	00:55:26.241	0.97687	0.97687			6
2024.05.10	00:55:26.272	0.97688	0.97688			6
2024.05.10	00:55:47.389	0.97691	0.97691			6
2024.05.10	00:55:52.059	0.97690	0.97690			6
2024.05.10	00:55:56.124	0.97684	0.97684			6
2024.05.10	00:55:56.184	0.97683	0.97683			6
2024.05.10	00:55:57.028	0.97682	0.97682			6
2024.05.10	00:55:57.372	0.97683	0.97683			6
2024.05.10	00:55:57.402	0.97682	0.97682			6
2024.05.10	00:56:10.525	0.97683	0.97683			6
2024.05.10	00:56:10.799	0.97673	0.97673			6
2024.05.10	00:56:10.988	0.97674	0.97674			6
2024.05.10	00:56:11.019	0.97679	0.97679			6
2024.05.10	00:56:11.432	0.97678	0.97678			6
2024.05.10	00:56:11.492	0.97679	0.97679			6
2024.05.10	00:56:11.864	0.97678	0.97678			6
2024.05.10	00:56:11.894	0.97679	0.97679			6
2024.05.10	00:56:11.928	0.97678	0.97678			6
2024.05.10	00:56:12.577	0.97679	0.97679			6
2024.05.10	00:56:15.470	0.97678	0.97678			6
2024.05.10	00:56:21.366	0.97676	0.97676			6
2024.05.10	00:56:22.273	0.97677	0.97677			6
2024.05.10	00:56:22.511	0.97676	0.97676			6
2024.05.10	00:56:22.870	0.97677	0.97677			6
2024.05.10	00:56:23.678	0.97676	0.97676			6
2024.05.10	00:56:24.611	0.97677	0.97677			6
2024.05.10	00:56:24.857	0.97678	0.97678			6
2024.05.10	00:56:25.710	0.97677	0.97677			6
2024.05.10	00:56:28.639	0.97678	0.97678			6
2024.05.10	00:56:44.721	0.97677	0.97677			6
2024.05.10	00:56:45.020	0.97678	0.97678			6
2024.05.10	00:56:45.090	0.97677	0.97677			6
2024.05.10	00:56:47.378	0.97678	0.97678			6
2024.05.10	00:56:47.691	0.97677	0.97677			6
2024.05.10	00:56:47.722	0.97678	0.97678			6
2024.05.10	00:56:49.040	0.97677	0.97677			6
2024.05.10	00:56:50.929	0.97678	0.97678			6
2024.05.10	00:56:52.327	0.97677	0.97677			6
2024.05.10	00:56:56.144	0.97671	0.97671			6
2024.05.10	00:56:57.992	0.97672	0.97672			6
2024.05.10	00:56:58.024	0.97673	0.97673			6
2024.05.10	00:56:58.054	0.97671	0.97671			6
2024.05.10	00:56:58.919	0.97670	0.97670			6
2024.05.10	00:57:01.767	0.97671	0.97671			6
2024.05.10	00:57:01.797	0.97672	0.97672			6
2024.05.10	00:57:02.420	0.97671	0.97671			6
2024.05.10	00:57:05.815	0.97672	0.97672			6
2024.05.10	00:57:05.845	0.97678	0.97678			6
2024.05.10	00:57:06.190	0.97677	0.97677			6
2024.05.10	00:57:08.237	0.97678	0.97678			6
2024.05.10	00:57:10.131	0.97677	0.97677			6
2024.05.10	00:57:24.869	0.97679	0.97679			6
2024.05.10	00:57:25.478	0.97678	0.97678			6
2024.05.10	00:57:25.508	0.97677	0.97677			6
2024.05.10	00:57:25.792	0.97678	0.97678			6
2024.05.10	00:57:26.872	0.97677	0.97677			6
2024.05.10	00:57:26.903	0.97678	0.97678			6
2024.05.10	00:57:31.449	0.97677	0.97677			6
2024.05.10	00:57:40.015	0.97678	0.97678			6
2024.05.10	00:57:40.753	0.97677	0.97677			6
2024.05.10	00:58:01.148	0.97672	0.97672			6
2024.05.10	00:58:01.246	0.97673	0.97673			6
2024.05.10	00:58:01.439	0.97675	0.97675			6
2024.05.10	00:58:01.530	0.97672	0.97672			6
2024.05.10	00:58:01.560	0.97673	0.97673			6
2024.05.10	00:58:01.590	0.97671	0.97671			6
2024.05.10	00:58:01.621	0.97673	0.97673			6
2024.05.10	00:58:01.650	0.97672	0.97672			6
2024.05.10	00:58:02.040	0.97671	0.97671			6
2024.05.10	00:58:03.712	0.97672	0.97672			6
2024.05.10	00:58:03.772	0.97671	0.97671			6
2024.05.10	00:58:06.117	0.97678	0.97678			6
2024.05.10	00:58:06.177	0.97679	0.97679			6
2024.05.10	00:58:06.383	0.97678	0.97678			6
2024.05.10	00:58:08.738	0.97677	0.97677			6
2024.05.10	00:58:56.092	0.97676	0.97676			6
2024.05.10	00:58:56.123	0.97673	0.97673			6
2024.05.10	00:58:57.025	0.97674	0.97674			6
2024.05.10	00:58:57.055	0.97672	0.97672			6
2024.05.10	00:59:03.522	0.97670	0.97670			6
2024.05.10	00:59:03.570	0.97671	0.97671			6
2024.05.10	00:59:03.631	0.97670	0.97670			6
2024.05.10	00:59:05.845	0.97671	0.97671			6
2024.05.10	00:59:05.875	0.97673	0.97673			6
2024.05.10	00:59:05.905	0.97677	0.97677			6
2024.05.10	00:59:17.663	0.97676	0.97676			6
2024.05.10	00:59:22.020	0.97677	0.97677			6
2024.05.10	00:59:31.604	0.97676	0.97676			6
2024.05.10	00:59:31.634	0.97677	0.97677			6
2024.05.10	00:59:36.685	0.97678	0.97678			6
2024.05.10	00:59:36.776	0.97679	0.97679			6
2024.05.10	00:59:37.473	0.97678	0.97678			6
2024.05.10	00:59:37.622	0.97677	0.97677			6
2024.05.10	00:59:38.551	0.97675	0.97675			6
2024.05.10	00:59:38.640	0.97676	0.97676			6
2024.05.10	00:59:42.141	0.97677	0.97677			6
2024.05.10	00:59:55.558	0.97678	0.97678			6
2024.05.10	00:59:55.589	0.97677	0.97677			6
2024.05.10	00:59:57.433	0.97675	0.97675			6
2024.05.10	00:59:57.462	0.97676	0.97676			6
2024.05.10	00:59:59.997	0.97675	0.97675			6
2024.05.10	01:00:00.089	0.97672	0.97672			6
2024.05.10	01:00:00.120	0.97668	0.97668			6
2024.05.10	01:00:00.149	0.97671	0.97671			6
2024.05.10	01:00:00.178	0.97673	0.97673			6
2024.05.10	01:00:00.209	0.97677	0.97677			6
2024.05.10	01:00:00.237	0.97676	0.97676			6
2024.05.10	01:00:00.359	0.97675	0.97675			6
2024.05.10	01:00:00.388	0.97670	0.97670			6
2024.05.10	01:00:00.417	0.97668	0.97668			6
2024.05.10	01:00:00.628	0.97667	0.97667			6
2024.05.10	01:00:00.660	0.97665	0.97665			6
2024.05.10	01:00:00.689	0.97666	0.97666			6
2024.05.10	01:00:00.719	0.97664	0.97664			6
2024.05.10	01:00:00.810	0.97667	0.97667			6
2024.05.10	01:00:01.170	0.97669	0.97669			6
2024.05.10	01:00:01.200	0.97672	0.97672			6
2024.05.10	01:00:01.230	0.97667	0.97667			6
2024.05.10	01:00:01.319	0.97666	0.97666			6
2024.05.10	01:00:01.439	0.97664	0.97664			6
2024.05.10	01:00:01.469	0.97662	0.97662			6
2024.05.10	01:00:01.500	0.97664	0.97664			6
2024.05.10	01:00:01.590	0.97661	0.97661			6
2024.05.10	01:00:01.620	0.97663	0.97663			6
2024.05.10	01:00:01.741	0.97665	0.97665			6
2024.05.10	01:00:01.770	0.97666	0.97666			6
2024.05.10	01:00:01.831	0.97667	0.97667			6
2024.05.10	01:00:01.981	0.97668	0.97668			6
2024.05.10	01:00:02.011	0.97665	0.97665			6
2024.05.10	01:00:02.281	0.97666	0.97666			6
2024.05.10	01:00:02.371	0.97667	0.97667			6
2024.05.10	01:00:02.703	0.97669	0.97669			6
2024.05.10	01:00:02.733	0.97667	0.97667			6
2024.05.10	01:00:03.163	0.97668	0.97668			6
2024.05.10	01:00:04.699	0.97669	0.97669			6
2024.05.10	01:00:04.759	0.97667	0.97667			6
2024.05.10	01:00:05.428	0.97669	0.97669			6
2024.05.10	01:00:05.548	0.97667	0.97667			6
2024.05.10	01:00:05.579	0.97669	0.97669			6
2024.05.10	01:00:05.639	0.97668	0.97668			6
2024.05.10	01:00:05.758	0.97669	0.97669			6
2024.05.10	01:00:05.788	0.97673	0.97673			6
2024.05.10	01:00:05.878	0.97674	0.97674			6
2024.05.10	01:00:06.078	0.97671	0.97671			6
2024.05.10	01:00:06.198	0.97674	0.97674			6
2024.05.10	01:00:06.469	0.97671	0.97671			6
2024.05.10	01:00:06.498	0.97675	0.97675			6
2024.05.10	01:00:06.619	0.97676	0.97676			6
2024.05.10	01:00:06.709	0.97677	0.97677			6
2024.05.10	01:00:06.739	0.97674	0.97674			6
2024.05.10	01:00:06.770	0.97677	0.97677			6
2024.05.10	01:00:08.529	0.97676	0.97676			6
2024.05.10	01:00:10.309	0.97675	0.97675			6
2024.05.10	01:00:10.756	0.97674	0.97674			6
2024.05.10	01:00:10.786	0.97676	0.97676			6
2024.05.10	01:00:11.439	0.97677	0.97677			6
2024.05.10	01:00:11.950	0.97675	0.97675			6
2024.05.10	01:00:15.241	0.97677	0.97677			6
2024.05.10	01:00:22.179	0.97676	0.97676			6
2024.05.10	01:00:22.298	0.97678	0.97678			6
2024.05.10	01:00:22.581	0.97680	0.97680			6
2024.05.10	01:00:28.159	0.97682	0.97682			6
2024.05.10	01:00:28.699	0.97680	0.97680			6
2024.05.10	01:00:29.011	0.97675	0.97675			6
2024.05.10	01:00:29.041	0.97674	0.97674			6
2024.05.10	01:00:30.410	0.97673	0.97673			6
2024.05.10	01:00:32.046	0.97675	0.97675			6
2024.05.10	01:00:33.764	0.97676	0.97676			6
2024.05.10	01:00:36.715	0.97675	0.97675			6
2024.05.10	01:00:41.513	0.97679	0.97679			6
2024.05.10	01:01:16.234	0.97678	0.97678			6
2024.05.10	01:01:16.321	0.97677	0.97677			6
2024.05.10	01:01:44.266	0.97678	0.97678			6
2024.05.10	01:01:59.519	0.97677	0.97677			6
2024.05.10	01:02:00.648	0.97676	0.97676			6
2024.05.10	01:02:11.558	0.97675	0.97675			6
2024.05.10	01:02:11.891	0.97674	0.97674			6
2024.05.10	01:02:15.590	0.97676	0.97676			6
2024.05.10	01:02:15.861	0.97675	0.97675			6
2024.05.10	01:02:25.936	0.97673	0.97673			6
2024.05.10	01:03:00.718	0.97674	0.97674			6
2024.05.10	01:03:01.850	0.97676	0.97676			6
2024.05.10	01:03:01.940	0.97674	0.97674			6
2024.05.10	01:03:02.212	0.97675	0.97675			6
2024.05.10	01:03:04.418	0.97678	0.97678			6
2024.05.10	01:03:04.448	0.97673	0.97673			6
2024.05.10	01:03:04.478	0.97670	0.97670			6
2024.05.10	01:03:04.537	0.97667	0.97667			6
2024.05.10	01:03:04.567	0.97666	0.97666			6
2024.05.10	01:03:04.647	0.97667	0.97667			6
2024.05.10	01:03:05.049	0.97666	0.97666			6
2024.05.10	01:03:05.158	0.97665	0.97665			6
2024.05.10	01:03:07.072	0.97666	0.97666			6
2024.05.10	01:03:07.162	0.97665	0.97665			6
2024.05.10	01:03:07.740	0.97663	0.97663			6
2024.05.10	01:03:10.919	0.97665	0.97665			6
2024.05.10	01:03:13.980	0.97666	0.97666			6
2024.05.10	01:03:15.229	0.97667	0.97667			6
2024.05.10	01:03:24.799	0.97668	0.97668			6
2024.05.10	01:03:25.730	0.97667	0.97667			6
2024.05.10	01:03:29.029	0.97668	0.97668			6
2024.05.10	01:03:45.429	0.97669	0.97669			6
2024.05.10	01:03:49.896	0.97670	0.97670			6
2024.05.10	01:03:58.719	0.97669	0.97669			6
2024.05.10	01:03:59.437	0.97670	0.97670			6
2024.05.10	01:04:00.017	0.97670				2
2024.05.10	01:04:00.508	0.97669	0.97669			6
2024.05.10	01:04:01.023	0.97668	0.97668			6
2024.05.10	01:04:06.099	0.97669	0.97669			6
2024.05.10	01:04:06.129	0.97670	0.97670			6
2024.05.10	01:04:17.079	0.97669	0.97669			6
2024.05.10	01:04:29.595	0.97670	0.97670			6
2024.05.10	01:04:37.029	0.97669	0.97669			6
2024.05.10	01:04:50.897	0.97670	0.97670			6
2024.05.10	01:04:55.853	0.97669	0.97669			6
2024.05.10	01:04:57.819	0.97670	0.97670			6
2024.05.10	01:05:01.137	0.97669	0.97669			6
2024.05.10	01:05:01.629	0.97668	0.97668			6
2024.05.10	01:05:10.770	0.97669	0.97669			6
2024.05.10	01:05:18.367	0.97670	0.97670			6
2024.05.10	01:05:27.769	0.97669	0.97669			6
2024.05.10	01:05:28.390	0.97670	0.97670			6
2024.05.10	01:05:35.058	0.97669	0.97669			6
2024.05.10	01:05:37.667	0.97668	0.97668			6
2024.05.10	01:05:59.030	0.97669	0.97669			6
2024.05.10	01:06:00.910	0.97668	0.97668			6
2024.05.10	01:06:01.444	0.97667	0.97667			6
2024.05.10	01:06:06.108	0.97668	0.97668			6
2024.05.10	01:06:06.138	0.97669	0.97669			6
2024.05.10	01:06:09.137	0.97668	0.97668			6
2024.05.10	01:06:09.634	0.97669	0.97669			6
2024.05.10	01:06:11.398	0.97668	0.97668			6
2024.05.10	01:06:39.719	0.97667	0.97667			6
2024.05.10	01:06:43.828	0.97668	0.97668			6
2024.05.10	01:06:49.979	0.97669	0.97669			6
2024.05.10	01:07:01.124	0.97668	0.97668			6
2024.05.10	01:07:01.154	0.97667	0.97667			6
2024.05.10	01:07:06.127	0.97668	0.97668			6
2024.05.10	01:07:09.123	0.97670	0.97670			6
2024.05.10	01:07:09.213	0.97671	0.97671			6
2024.05.10	01:07:09.306	0.97674	0.97674			6
2024.05.10	01:07:09.497	0.97673	0.97673			6
2024.05.10	01:07:19.100	0.97674	0.97674			6
2024.05.10	01:07:20.629	0.97673	0.97673			6
2024.05.10	01:07:33.383	0.97674	0.97674			6
2024.05.10	01:08:07.858	0.97672	0.97672			6
2024.05.10	01:08:07.888	0.97671	0.97671			6
2024.05.10	01:08:11.359	0.97670	0.97670			6
2024.05.10	01:08:13.731	0.97669	0.97669			6
2024.05.10	01:08:14.922	0.97670	0.97670			6
2024.05.10	01:08:15.650	0.97669	0.97669			6
2024.05.10	01:08:55.888	0.97670	0.97670			6
2024.05.10	01:09:01.102	0.97669	0.97669			6
2024.05.10	01:09:18.736	0.97670	0.97670			6
2024.05.10	01:09:21.685	0.97669	0.97669			6
2024.05.10	01:09:29.561	0.97671	0.97671			6
2024.05.10	01:09:29.802	0.97672	0.97672			6
2024.05.10	01:09:35.609	0.97671	0.97671			6
2024.05.10	01:09:47.608	0.97672	0.97672			6
2024.05.10	01:10:02.307	0.97671	0.97671			6
2024.05.10	01:10:08.602	0.97672	0.97672			6
2024.05.10	01:10:39.154	0.97670	0.97670			6
2024.05.10	01:10:39.184	0.97668	0.97668			6
2024.05.10	01:10:39.214	0.97667	0.97667			6
2024.05.10	01:10:39.243	0.97666	0.97666			6
2024.05.10	01:10:39.273	0.97667	0.97667			6
2024.05.10	01:10:39.303	0.97666	0.97666			6
2024.05.10	01:10:39.365	0.97665	0.97665			6
2024.05.10	01:10:39.393	0.97666	0.97666			6
2024.05.10	01:10:42.465	0.97671	0.97671			6
2024.05.10	01:10:42.563	0.97672	0.97672			6
2024.05.10	01:10:45.442	0.97673	0.97673			6
2024.05.10	01:10:45.570	0.97672	0.97672			6
2024.05.10	01:10:49.233	0.97673	0.97673			6
2024.05.10	01:11:04.364	0.97671	0.97671			6
2024.05.10	01:11:10.262	0.97672	0.97672			6
2024.05.10	01:11:10.819	0.97673	0.97673			6
2024.05.10	01:11:11.611	0.97671	0.97671			6
2024.05.10	01:11:12.968	0.97672	0.97672			6
2024.05.10	01:11:17.661	0.97671	0.97671			6
2024.05.10	01:11:21.086	0.97672	0.97672			6
2024.05.10	01:11:21.177	0.97671	0.97671			6
2024.05.10	01:11:21.207	0.97673	0.97673			6
2024.05.10	01:11:21.596	0.97672	0.97672			6
2024.05.10	01:11:22.471	0.97673	0.97673			6
2024.05.10	01:11:23.927	0.97672	0.97672			6
2024.05.10	01:11:27.851	0.97671	0.97671			6
2024.05.10	01:11:27.971	0.97672	0.97672			6
2024.05.10	01:11:50.961	0.97671	0.97671			6
2024.05.10	01:11:57.338	0.97672	0.97672			6
2024.05.10	01:11:57.818	0.97673	0.97673			6
2024.05.10	01:12:00.310	0.97672	0.97672			6
2024.05.10	01:12:00.459	0.97671	0.97671			6
2024.05.10	01:12:00.846	0.97672	0.97672			6
2024.05.10	01:12:01.085	0.97671	0.97671			6
2024.05.10	01:12:01.265	0.97672	0.97672			6
2024.05.10	01:12:01.883	0.97671	0.97671			6
2024.05.10	01:12:01.943	0.97672	0.97672			6
2024.05.10	01:12:02.464	0.97671	0.97671			6
2024.05.10	01:12:03.763	0.97672	0.97672			6
2024.05.10	01:12:08.316	0.97673	0.97673			6
2024.05.10	01:12:10.295	0.97674	0.97674			6
2024.05.10	01:12:10.355	0.97675	0.97675			6
2024.05.10	01:12:11.190	0.97674	0.97674			6
2024.05.10	01:12:16.350	0.97675	0.97675			6
2024.05.10	01:12:20.398	0.97673	0.97673			6
2024.05.10	01:12:20.428	0.97672	0.97672			6
2024.05.10	01:12:20.458	0.97673	0.97673			6
2024.05.10	01:12:20.489	0.97670	0.97670			6
2024.05.10	01:12:20.819	0.97669	0.97669			6
2024.05.10	01:12:21.749	0.97670	0.97670			6
2024.05.10	01:12:22.533	0.97669	0.97669			6
2024.05.10	01:12:22.562	0.97667	0.97667			6
2024.05.10	01:12:22.623	0.97668	0.97668			6
2024.05.10	01:12:23.013	0.97669	0.97669			6
2024.05.10	01:12:23.436	0.97668	0.97668			6
2024.05.10	01:12:25.782	0.97667	0.97667			6
2024.05.10	01:12:26.109	0.97668	0.97668			6
2024.05.10	01:12:31.144	0.97667	0.97667			6
2024.05.10	01:12:36.255	0.97668	0.97668			6
2024.05.10	01:12:36.286	0.97666	0.97666			6
2024.05.10	01:12:36.316	0.97667	0.97667			6
2024.05.10	01:12:36.346	0.97669	0.97669			6
2024.05.10	01:12:55.828	0.97668	0.97668			6
2024.05.10	01:12:56.038	0.97667	0.97667			6
2024.05.10	01:12:56.068	0.97668	0.97668			6
2024.05.10	01:12:56.159	0.97666	0.97666			6
2024.05.10	01:12:56.218	0.97667	0.97667			6
2024.05.10	01:13:01.078	0.97668	0.97668			6
2024.05.10	01:13:01.108	0.97667	0.97667			6
2024.05.10	01:13:03.482	0.97666	0.97666			6
2024.05.10	01:13:06.079	0.97667	0.97667			6
2024.05.10	01:13:06.739	0.97668	0.97668			6
2024.05.10	01:13:25.598	0.97667	0.97667			6
2024.05.10	01:13:25.627	0.97666	0.97666			6
2024.05.10	01:13:25.718	0.97667	0.97667			6
2024.05.10	01:13:27.636	0.97671	0.97671			6
2024.05.10	01:13:27.667	0.97669	0.97669			6
2024.05.10	01:13:27.696	0.97668	0.97668			6
2024.05.10	01:13:40.234	0.97667	0.97667			6
2024.05.10	01:13:41.463	0.97668	0.97668			6
2024.05.10	01:13:41.737	0.97667	0.97667			6
2024.05.10	01:13:53.570	0.97669	0.97669			6
2024.05.10	01:13:53.632	0.97670	0.97670			6
2024.05.10	01:13:53.690	0.97671	0.97671			6
2024.05.10	01:14:19.776	0.97670	0.97670			6
2024.05.10	01:14:22.520	0.97671	0.97671			6
2024.05.10	01:14:28.281	0.97670	0.97670			6
2024.05.10	01:14:28.311	0.97671	0.97671			6
2024.05.10	01:14:33.521	0.97670	0.97670			6
2024.05.10	01:14:35.307	0.97671	0.97671			6
2024.05.10	01:14:36.052	0.97670	0.97670			6
2024.05.10	01:14:38.479	0.97671	0.97671			6
2024.05.10	01:14:38.509	0.97670	0.97670			6
2024.05.10	01:14:38.868	0.97666	0.97666			6
2024.05.10	01:14:39.453	0.97665	0.97665			6
2024.05.10	01:14:39.695	0.97666	0.97666			6
2024.05.10	01:14:40.279	0.97669	0.97669			6
2024.05.10	01:14:41.053	0.97666	0.97666			6
2024.05.10	01:14:44.236	0.97667	0.97667			6
2024.05.10	01:14:54.431	0.97666	0.97666			6
2024.05.10	01:15:00.811	0.97665	0.97665			6
2024.05.10	01:15:03.021	0.97666	0.97666			6
2024.05.10	01:15:05.143	0.97667	0.97667			6
2024.05.10	01:15:05.444	0.97666	0.97666			6
2024.05.10	01:15:10.022	0.97667	0.97667			6
2024.05.10	01:15:21.738	0.97666	0.97666			6
2024.05.10	01:15:36.683	0.97665	0.97665			6
2024.05.10	01:15:37.678	0.97667	0.97667			6
2024.05.10	01:15:40.301	0.97668	0.97668			6
2024.05.10	01:15:41.039	0.97667	0.97667			6
2024.05.10	01:15:41.738	0.97668	0.97668			6
2024.05.10	01:16:00.002	0.97667	0.97667			6
2024.05.10	01:16:03.892	0.97668	0.97668			6
2024.05.10	01:16:06.576	0.97667	0.97667			6
2024.05.10	01:16:06.667	0.97668	0.97668			6
2024.05.10	01:16:24.101	0.97667	0.97667			6
2024.05.10	01:16:24.193	0.97670	0.97670			6
2024.05.10	01:16:24.492	0.97669	0.97669			6
2024.05.10	01:16:54.891	0.97670	0.97670			6
2024.05.10	01:17:00.958	0.97670				2
2024.05.10	01:17:03.650	0.97669	0.97669			6
2024.05.10	01:17:04.862	0.97670	0.97670			6
2024.05.10	01:17:26.772	0.97669	0.97669			6
2024.05.10	01:17:26.832	0.97670	0.97670			6
2024.05.10	01:17:27.110	0.97669	0.97669			6
2024.05.10	01:17:41.160	0.97670	0.97670			6
2024.05.10	01:17:41.481	0.97669	0.97669			6
2024.05.10	01:18:06.091	0.97669				2
2024.05.10	01:18:10.656	0.97670	0.97670			6
2024.05.10	01:18:19.330	0.97669	0.97669			6
2024.05.10	01:18:23.052	0.97670	0.97670			6
2024.05.10	01:18:35.348	0.97671	0.97671			6
2024.05.10	01:18:35.582	0.97670	0.97670			6
2024.05.10	01:19:01.495	0.97670				2
2024.05.10	01:19:12.563	0.97671	0.97671			6
2024.05.10	01:19:12.652	0.97672	0.97672			6
2024.05.10	01:19:12.987	0.97671	0.97671			6
2024.05.10	01:19:15.179	0.97670	0.97670			6
2024.05.10	01:19:16.198	0.97671	0.97671			6
2024.05.10	01:19:20.355	0.97673	0.97673			6
2024.05.10	01:19:20.499	0.97672	0.97672			6
2024.05.10	01:19:25.935	0.97671	0.97671			6
2024.05.10	01:19:26.234	0.97672	0.97672			6
2024.05.10	01:19:28.513	0.97673	0.97673			6
2024.05.10	01:19:30.278	0.97672	0.97672			6
2024.05.10	01:19:31.321	0.97673	0.97673			6
2024.05.10	01:19:33.838	0.97672	0.97672			6
2024.05.10	01:19:34.306	0.97671	0.97671			6
2024.05.10	01:19:46.848	0.97672	0.97672			6
2024.05.10	01:19:47.182	0.97671	0.97671			6
2024.05.10	01:19:47.368	0.97673	0.97673			6
2024.05.10	01:19:47.699	0.97672	0.97672			6
2024.05.10	01:19:48.090	0.97671	0.97671			6
2024.05.10	01:20:12.658	0.97673	0.97673			6
2024.05.10	01:20:12.688	0.97674	0.97674			6
2024.05.10	01:20:22.152	0.97673	0.97673			6
2024.05.10	01:20:34.075	0.97674	0.97674			6
2024.05.10	01:20:37.437	0.97673	0.97673			6
2024.05.10	01:20:50.978	0.97671	0.97671			6
2024.05.10	01:20:51.157	0.97670	0.97670			6
2024.05.10	01:21:00.645	0.97670				2
2024.05.10	01:21:18.794	0.97674	0.97674			6
2024.05.10	01:21:19.115	0.97670	0.97670			6
2024.05.10	01:21:30.514	0.97671	0.97671			6
2024.05.10	01:21:30.815	0.97672	0.97672			6
2024.05.10	01:21:34.560	0.97673	0.97673			6
2024.05.10	01:21:34.589	0.97674	0.97674			6
2024.05.10	01:21:34.619	0.97673	0.97673			6
2024.05.10	01:21:34.680	0.97672	0.97672			6
2024.05.10	01:21:39.292	0.97671	0.97671			6
2024.05.10	01:21:45.864	0.97672	0.97672			6
2024.05.10	01:21:46.938	0.97671	0.97671			6
2024.05.10	01:21:52.921	0.97672	0.97672			6
2024.05.10	01:21:58.695	0.97674	0.97674			6
2024.05.10	01:21:59.076	0.97675	0.97675			6
2024.05.10	01:22:04.348	0.97675				2
2024.05.10	01:22:07.916	0.97674	0.97674			6
2024.05.10	01:22:08.333	0.97676	0.97676			6
2024.05.10	01:22:08.402	0.97677	0.97677			6
2024.05.10	01:23:00.306	0.97677				2
2024.05.10	01:23:08.656	0.97676	0.97676			6
2024.05.10	01:23:08.757	0.97677	0.97677			6
2024.05.10	01:23:08.818	0.97676	0.97676			6
2024.05.10	01:23:09.116	0.97675	0.97675			6
2024.05.10	01:23:17.603	0.97676	0.97676			6
2024.05.10	01:23:20.936	0.97675	0.97675			6
2024.05.10	01:23:33.658	0.97676	0.97676			6
2024.05.10	01:23:33.687	0.97677	0.97677			6
2024.05.10	01:23:33.718	0.97679	0.97679			6
2024.05.10	01:24:00.091	0.97679				2
2024.05.10	01:24:00.393	0.97678	0.97678			6
2024.05.10	01:24:00.452	0.97679	0.97679			6
2024.05.10	01:24:00.542	0.97680	0.97680			6
2024.05.10	01:24:00.572	0.97679	0.97679			6
2024.05.10	01:24:00.731	0.97678	0.97678			6
2024.05.10	01:24:00.760	0.97675	0.97675			6
2024.05.10	01:24:01.358	0.97676	0.97676			6
2024.05.10	01:24:04.677	0.97675	0.97675			6
2024.05.10	01:24:10.114	0.97676	0.97676			6
2024.05.10	01:24:11.871	0.97677	0.97677			6
2024.05.10	01:24:19.658	0.97676	0.97676			6
2024.05.10	01:24:19.905	0.97677	0.97677			6
2024.05.10	01:24:25.427	0.97676	0.97676			6
2024.05.10	01:24:26.416	0.97677	0.97677			6
2024.05.10	01:24:26.761	0.97676	0.97676			6
2024.05.10	01:24:28.689	0.97677	0.97677			6
2024.05.10	01:24:28.935	0.97676	0.97676			6
2024.05.10	01:24:30.219	0.97677	0.97677			6
2024.05.10	01:24:30.249	0.97676	0.97676			6
2024.05.10	01:24:32.455	0.97677	0.97677			6
2024.05.10	01:24:34.656	0.97676	0.97676			6
2024.05.10	01:24:34.685	0.97675	0.97675			6
2024.05.10	01:24:34.775	0.97674	0.97674			6
2024.05.10	01:24:35.018	0.97675	0.97675			6
2024.05.10	01:24:39.534	0.97676	0.97676			6
2024.05.10	01:24:40.224	0.97677	0.97677			6
2024.05.10	01:24:42.825	0.97678	0.97678			6
2024.05.10	01:24:56.760	0.97679	0.97679			6
2024.05.10	01:24:59.348	0.97678	0.97678			6
2024.05.10	01:25:02.179	0.97679	0.97679			6
2024.05.10	01:25:10.115	0.97678	0.97678			6
2024.05.10	01:25:17.308	0.97677	0.97677			6
2024.05.10	01:25:18.064	0.97679	0.97679			6
2024.05.10	01:25:18.592	0.97678	0.97678			6
2024.05.10	01:25:21.148	0.97679	0.97679			6
2024.05.10	01:26:00.124	0.97679				2
2024.05.10	01:26:06.132	0.97677	0.97677			6
2024.05.10	01:26:06.313	0.97678	0.97678			6
2024.05.10	01:26:06.703	0.97679	0.97679			6
2024.05.10	01:26:16.962	0.97680	0.97680			6
2024.05.10	01:26:24.057	0.97679	0.97679			6
2024.05.10	01:26:26.222	0.97678	0.97678			6
2024.05.10	01:26:33.814	0.97679	0.97679			6
2024.05.10	01:26:41.120	0.97680	0.97680			6
2024.05.10	01:26:45.213	0.97677	0.97677			6
2024.05.10	01:26:45.515	0.97680	0.97680			6
2024.05.10	01:26:46.444	0.97678	0.97678			6
2024.05.10	01:27:00.142	0.97677	0.97677			6
2024.05.10	01:27:00.472	0.97679	0.97679			6
2024.05.10	01:27:05.295	0.97678	0.97678			6
2024.05.10	01:27:06.455	0.97679	0.97679			6
2024.05.10	01:27:08.852	0.97678	0.97678			6
2024.05.10	01:27:09.061	0.97679	0.97679			6
2024.05.10	01:27:09.092	0.97680	0.97680			6
2024.05.10	01:27:11.056	0.97681	0.97681			6
2024.05.10	01:27:11.180	0.97680	0.97680			6
2024.05.10	01:27:11.889	0.97681	0.97681			6
2024.05.10	01:27:12.080	0.97680	0.97680			6
2024.05.10	01:27:12.262	0.97679	0.97679			6
2024.05.10	01:27:13.157	0.97678	0.97678			6
2024.05.10	01:27:14.142	0.97679	0.97679			6
2024.05.10	01:27:16.607	0.97678	0.97678			6
2024.05.10	01:27:18.711	0.97679	0.97679			6
2024.05.10	01:27:19.107	0.97678	0.97678			6
2024.05.10	01:27:19.167	0.97679	0.97679			6
2024.05.10	01:27:19.500	0.97678	0.97678			6
2024.05.10	01:27:20.086	0.97679	0.97679			6
2024.05.10	01:27:28.535	0.97678	0.97678			6
2024.05.10	01:27:29.047	0.97679	0.97679			6
2024.05.10	01:27:31.462	0.97678	0.97678			6
2024.05.10	01:27:50.137	0.97679	0.97679			6
2024.05.10	01:27:50.167	0.97678	0.97678			6
2024.05.10	01:27:54.362	0.97677	0.97677			6
2024.05.10	01:27:54.512	0.97678	0.97678			6
2024.05.10	01:27:56.988	0.97677	0.97677			6
2024.05.10	01:28:00.607	0.97678	0.97678			6
2024.05.10	01:28:04.133	0.97679	0.97679			6
2024.05.10	01:28:25.378	0.97680	0.97680			6
2024.05.10	01:28:25.408	0.97681	0.97681			6
2024.05.10	01:28:31.352	0.97679	0.97679			6
2024.05.10	01:28:33.574	0.97681	0.97681			6
2024.05.10	01:28:36.215	0.97679	0.97679			6
2024.05.10	01:28:43.800	0.97680	0.97680			6
2024.05.10	01:28:48.856	0.97681	0.97681			6
2024.05.10	01:29:00.460	0.97680	0.97680			6
2024.05.10	01:29:41.304	0.97679	0.97679			6
2024.05.10	01:29:45.085	0.97678	0.97678			6
2024.05.10	01:29:45.479	0.97677	0.97677			6
2024.05.10	01:29:47.007	0.97678	0.97678			6
2024.05.10	01:29:59.468	0.97680	0.97680			6
2024.05.10	01:29:59.528	0.97679	0.97679			6
2024.05.10	01:29:59.559	0.97680	0.97680			6
2024.05.10	01:29:59.588	0.97677	0.97677			6
2024.05.10	01:29:59.677	0.97676	0.97676			6
2024.05.10	01:30:00.068	0.97675	0.97675			6
2024.05.10	01:30:00.128	0.97676	0.97676			6
2024.05.10	01:30:00.461	0.97677	0.97677			6
2024.05.10	01:30:01.672	0.97676	0.97676			6
2024.05.10	01:30:01.852	0.97675	0.97675			6
2024.05.10	01:30:06.036	0.97674	0.97674			6
2024.05.10	01:30:06.305	0.97675	0.97675			6
2024.05.10	01:30:06.395	0.97676	0.97676			6
2024.05.10	01:30:06.608	0.97677	0.97677			6
2024.05.10	01:30:11.625	0.97676	0.97676			6
2024.05.10	01:30:18.284	0.97675	0.97675			6
2024.05.10	01:30:20.088	0.97676	0.97676			6
2024.05.10	01:30:22.690	0.97675	0.97675			6
2024.05.10	01:30:23.481	0.97676	0.97676			6
2024.05.10	01:30:39.872	0.97675	0.97675			6
2024.05.10	01:30:44.925	0.97676	0.97676			6
2024.05.10	01:30:53.953	0.97677	0.97677			6
2024.05.10	01:30:54.206	0.97680	0.97680			6
2024.05.10	01:30:54.266	0.97679	0.97679			6
2024.05.10	01:30:55.045	0.97678	0.97678			6
2024.05.10	01:31:13.109	0.97677	0.97677			6
2024.05.10	01:31:13.560	0.97678	0.97678			6
2024.05.10	01:31:13.590	0.97679	0.97679			6
2024.05.10	01:31:19.329	0.97678	0.97678			6
2024.05.10	01:31:22.047	0.97679	0.97679			6
2024.05.10	01:31:23.000	0.97678	0.97678			6
2024.05.10	01:31:23.661	0.97677	0.97677			6
2024.05.10	01:31:25.235	0.97679	0.97679			6
2024.05.10	01:31:50.591	0.97678	0.97678			6
2024.05.10	01:32:00.807	0.97678				2
2024.05.10	01:32:04.710	0.97679	0.97679			6
2024.05.10	01:32:11.054	0.97680	0.97680			6
2024.05.10	01:32:11.474	0.97681	0.97681			6
2024.05.10	01:32:16.029	0.97680	0.97680			6
2024.05.10	01:32:16.485	0.97681	0.97681			6
2024.05.10	01:32:18.506	0.97680	0.97680			6
2024.05.10	01:32:19.415	0.97678	0.97678			6
2024.05.10	01:32:19.477	0.97677	0.97677			6
2024.05.10	01:32:19.567	0.97676	0.97676			6
2024.05.10	01:32:41.074	0.97675	0.97675			6
2024.05.10	01:33:00.799	0.97675				2
2024.05.10	01:33:40.404	0.97674	0.97674			6
2024.05.10	01:33:41.157	0.97675	0.97675			6
2024.05.10	01:33:41.406	0.97674	0.97674			6
2024.05.10	01:33:42.358	0.97675	0.97675			6
2024.05.10	01:33:45.674	0.97674	0.97674			6
2024.05.10	01:33:49.456	0.97675	0.97675			6
2024.05.10	01:33:50.785	0.97674	0.97674			6
2024.05.10	01:33:51.819	0.97675	0.97675			6
2024.05.10	01:33:52.857	0.97674	0.97674			6
2024.05.10	01:33:53.686	0.97675	0.97675			6
2024.05.10	01:34:01.225	0.97675				2
2024.05.10	01:34:03.883	0.97676	0.97676			6
2024.05.10	01:34:08.704	0.97674	0.97674			6
2024.05.10	01:34:08.914	0.97673	0.97673			6
2024.05.10	01:34:09.277	0.97672	0.97672			6
2024.05.10	01:34:09.420	0.97673	0.97673			6
2024.05.10	01:34:09.903	0.97672	0.97672			6
2024.05.10	01:34:15.336	0.97673	0.97673			6
2024.05.10	01:34:15.617	0.97672	0.97672			6
2024.05.10	01:34:16.646	0.97673	0.97673			6
2024.05.10	01:34:16.707	0.97672	0.97672			6
2024.05.10	01:34:19.557	0.97673	0.97673			6
2024.05.10	01:34:25.074	0.97672	0.97672			6
2024.05.10	01:34:27.959	0.97673	0.97673			6
2024.05.10	01:34:33.355	0.97672	0.97672			6
2024.05.10	01:34:33.939	0.97673	0.97673			6
2024.05.10	01:34:35.304	0.97672	0.97672			6
2024.05.10	01:34:38.797	0.97673	0.97673			6
2024.05.10	01:34:41.557	0.97672	0.97672			6
2024.05.10	01:34:41.646	0.97673	0.97673			6
2024.05.10	01:34:42.574	0.97672	0.97672			6
2024.05.10	01:34:43.137	0.97673	0.97673			6
2024.05.10	01:34:44.164	0.97674	0.97674			6
2024.05.10	01:34:45.286	0.97675	0.97675			6
2024.05.10	01:34:45.316	0.97674	0.97674			6
2024.05.10	01:34:46.233	0.97675	0.97675			6
2024.05.10	01:34:46.294	0.97674	0.97674			6
2024.05.10	01:34:49.257	0.97675	0.97675			6
2024.05.10	01:34:52.040	0.97674	0.97674			6
2024.05.10	01:35:01.305	0.97674				2
2024.05.10	01:35:24.836	0.97675	0.97675			6
2024.05.10	01:35:25.685	0.97674	0.97674			6
2024.05.10	01:35:32.933	0.97673	0.97673			6
2024.05.10	01:35:34.816	0.97672	0.97672			6
2024.05.10	01:35:37.822	0.97673	0.97673			6
2024.05.10	01:35:44.642	0.97672	0.97672			6
2024.05.10	01:35:49.588	0.97673	0.97673			6
2024.05.10	01:35:55.816	0.97672	0.97672			6
2024.05.10	01:35:56.064	0.97673	0.97673			6
2024.05.10	01:36:00.155	0.97673				2
2024.05.10	01:36:02.274	0.97674	0.97674			6
2024.05.10	01:36:23.921	0.97675	0.97675			6
2024.05.10	01:36:29.249	0.97676	0.97676			6
2024.05.10	01:36:29.396	0.97675	0.97675			6
2024.05.10	01:36:34.606	0.97676	0.97676			6
2024.05.10	01:36:34.636	0.97677	0.97677			6
2024.05.10	01:36:34.877	0.97675	0.97675			6
2024.05.10	01:36:35.134	0.97676	0.97676			6
2024.05.10	01:36:40.196	0.97677	0.97677			6
2024.05.10	01:36:40.556	0.97676	0.97676			6
2024.05.10	01:36:50.903	0.97677	0.97677			6
2024.05.10	01:37:00.442	0.97678	0.97678			6
2024.05.10	01:37:00.713	0.97679	0.97679			6
2024.05.10	01:37:00.743	0.97678	0.97678			6
2024.05.10	01:37:04.462	0.97679	0.97679			6
2024.05.10	01:37:09.212	0.97680	0.97680			6
2024.05.10	01:37:10.433	0.97679	0.97679			6
2024.05.10	01:37:16.513	0.97678	0.97678			6
2024.05.10	01:37:32.662	0.97679	0.97679			6
2024.05.10	01:37:33.398	0.97678	0.97678			6
2024.05.10	01:37:36.513	0.97679	0.97679			6
2024.05.10	01:38:01.655	0.97679				2
2024.05.10	01:38:06.136	0.97681	0.97681			6
2024.05.10	01:38:06.227	0.97680	0.97680			6
2024.05.10	01:38:45.514	0.97679	0.97679			6
2024.05.10	01:39:00.030	0.97678	0.97678			6
2024.05.10	01:39:00.060	0.97676	0.97676			6
2024.05.10	01:39:00.121	0.97675	0.97675			6
2024.05.10	01:39:00.422	0.97674	0.97674			6
2024.05.10	01:39:00.452	0.97672	0.97672			6
2024.05.10	01:39:01.006	0.97671	0.97671			6
2024.05.10	01:39:01.293	0.97672	0.97672			6
2024.05.10	01:39:04.125	0.97669	0.97669			6
2024.05.10	01:39:04.421	0.97672	0.97672			6
2024.05.10	01:39:07.442	0.97673	0.97673			6
2024.05.10	01:39:07.473	0.97676	0.97676			6
2024.05.10	01:39:07.562	0.97677	0.97677			6
2024.05.10	01:39:13.191	0.97678	0.97678			6
2024.05.10	01:39:14.755	0.97677	0.97677			6
2024.05.10	01:39:15.027	0.97678	0.97678			6
2024.05.10	01:39:15.794	0.97677	0.97677			6
2024.05.10	01:39:16.526	0.97678	0.97678			6
2024.05.10	01:39:18.822	0.97677	0.97677			6
2024.05.10	01:39:20.308	0.97678	0.97678			6
2024.05.10	01:39:20.888	0.97677	0.97677			6
2024.05.10	01:39:21.603	0.97678	0.97678			6
2024.05.10	01:39:28.031	0.97677	0.97677			6
2024.05.10	01:39:32.244	0.97678	0.97678			6
2024.05.10	01:39:33.317	0.97677	0.97677			6
2024.05.10	01:39:33.586	0.97678	0.97678			6
2024.05.10	01:39:35.390	0.97677	0.97677			6
2024.05.10	01:39:35.524	0.97678	0.97678			6
2024.05.10	01:39:36.105	0.97677	0.97677			6
2024.05.10	01:39:39.515	0.97678	0.97678			6
2024.05.10	01:39:40.567	0.97677	0.97677			6
2024.05.10	01:39:43.585	0.97678	0.97678			6
2024.05.10	01:39:44.047	0.97677	0.97677			6
2024.05.10	01:39:46.604	0.97679	0.97679			6
2024.05.10	01:39:46.633	0.97678	0.97678			6
2024.05.10	01:40:11.916	0.97678				2
2024.05.10	01:40:34.248	0.97677	0.97677			6
2024.05.10	01:40:35.830	0.97678	0.97678			6
2024.05.10	01:40:46.369	0.97677	0.97677			6
2024.05.10	01:40:51.047	0.97678	0.97678			6
2024.05.10	01:40:52.469	0.97677	0.97677			6
2024.05.10	01:40:56.212	0.97676	0.97676			6
2024.05.10	01:40:56.242	0.97675	0.97675			6
2024.05.10	01:41:01.377	0.97674	0.97674			6
2024.05.10	01:41:01.906	0.97675	0.97675			6
2024.05.10	01:41:01.997	0.97674	0.97674			6
2024.05.10	01:41:14.784	0.97676	0.97676			6
2024.05.10	01:41:14.844	0.97675	0.97675			6
2024.05.10	01:41:15.796	0.97676	0.97676			6
2024.05.10	01:41:22.003	0.97675	0.97675			6
2024.05.10	01:41:22.097	0.97676	0.97676			6
2024.05.10	01:41:24.685	0.97677	0.97677			6
2024.05.10	01:41:24.986	0.97676	0.97676			6
2024.05.10	01:41:25.103	0.97675	0.97675			6
2024.05.10	01:41:31.318	0.97676	0.97676			6
2024.05.10	01:41:32.988	0.97677	0.97677			6
2024.05.10	01:41:33.018	0.97678	0.97678			6
2024.05.10	01:41:50.469	0.97676	0.97676			6
2024.05.10	01:41:50.656	0.97675	0.97675			6
2024.05.10	01:41:55.803	0.97676	0.97676			6
2024.05.10	01:41:56.334	0.97675	0.97675			6
2024.05.10	01:42:03.564	0.97675				2
2024.05.10	01:42:09.784	0.97676	0.97676			6
2024.05.10	01:42:11.445	0.97675	0.97675			6
2024.05.10	01:42:11.535	0.97677	0.97677			6
2024.05.10	01:42:11.775	0.97678	0.97678			6
2024.05.10	01:42:12.572	0.97677	0.97677			6
2024.05.10	01:42:18.876	0.97676	0.97676			6
2024.05.10	01:42:29.752	0.97677	0.97677			6
2024.05.10	01:42:34.193	0.97678	0.97678			6
2024.05.10	01:42:40.529	0.97677	0.97677			6
2024.05.10	01:42:44.732	0.97678	0.97678			6
2024.05.10	01:42:45.695	0.97677	0.97677			6
2024.05.10	01:42:50.876	0.97676	0.97676			6
2024.05.10	01:42:50.907	0.97677	0.97677			6
2024.05.10	01:42:51.718	0.97676	0.97676			6
2024.05.10	01:42:51.962	0.97677	0.97677			6
2024.05.10	01:42:55.730	0.97676	0.97676			6
2024.05.10	01:42:56.215	0.97677	0.97677			6
2024.05.10	01:43:02.252	0.97676	0.97676			6
2024.05.10	01:43:03.654	0.97677	0.97677			6
2024.05.10	01:43:10.372	0.97675	0.97675			6
2024.05.10	01:43:10.403	0.97676	0.97676			6
2024.05.10	01:43:10.432	0.97675	0.97675			6
2024.05.10	01:43:11.403	0.97676	0.97676			6
2024.05.10	01:43:12.076	0.97675	0.97675			6
2024.05.10	01:43:13.109	0.97676	0.97676			6
2024.05.10	01:43:13.170	0.97675	0.97675			6
2024.05.10	01:43:13.795	0.97676	0.97676			6
2024.05.10	01:43:13.939	0.97675	0.97675			6
2024.05.10	01:43:14.334	0.97676	0.97676			6
2024.05.10	01:43:14.606	0.97675	0.97675			6
2024.05.10	01:43:14.955	0.97676	0.97676			6
2024.05.10	01:43:15.403	0.97674	0.97674			6
2024.05.10	01:43:15.539	0.97673	0.97673			6
2024.05.10	01:43:15.957	0.97674	0.97674			6
2024.05.10	01:43:23.858	0.97672	0.97672			6
2024.05.10	01:43:23.888	0.97669	0.97669			6
2024.05.10	01:43:23.918	0.97668	0.97668			6
2024.05.10	01:43:23.948	0.97669	0.97669			6
2024.05.10	01:43:23.978	0.97668	0.97668			6
2024.05.10	01:43:24.370	0.97670	0.97670			6
2024.05.10	01:43:26.631	0.97669	0.97669			6
2024.05.10	01:43:26.720	0.97668	0.97668			6
2024.05.10	01:43:52.382	0.97669	0.97669			6
2024.05.10	01:44:00.473	0.97669				2
2024.05.10	01:44:00.632	0.97670	0.97670			6
2024.05.10	01:44:00.812	0.97671	0.97671			6
2024.05.10	01:44:00.934	0.97672	0.97672			6
2024.05.10	01:44:03.202	0.97671	0.97671			6
2024.05.10	01:44:03.758	0.97670	0.97670			6
2024.05.10	01:44:09.237	0.97671	0.97671			6
2024.05.10	01:44:10.162	0.97670	0.97670			6
2024.05.10	01:44:12.267	0.97671	0.97671			6
2024.05.10	01:44:13.001	0.97670	0.97670			6
2024.05.10	01:44:53.724	0.97671	0.97671			6
2024.05.10	01:44:54.721	0.97670	0.97670			6
2024.05.10	01:44:58.389	0.97671	0.97671			6
2024.05.10	01:45:00.804	0.97671				2
2024.05.10	01:45:01.141	0.97670	0.97670			6
2024.05.10	01:45:36.146	0.97672	0.97672			6
2024.05.10	01:45:36.803	0.97671	0.97671			6
2024.05.10	01:45:36.894	0.97670	0.97670			6
2024.05.10	01:45:43.540	0.97671	0.97671			6
2024.05.10	01:45:44.154	0.97670	0.97670			6
2024.05.10	01:45:46.989	0.97671	0.97671			6
2024.05.10	01:45:50.217	0.97670	0.97670			6
2024.05.10	01:45:53.604	0.97671	0.97671			6
2024.05.10	01:45:54.777	0.97670	0.97670			6
2024.05.10	01:45:56.021	0.97671	0.97671			6
2024.05.10	01:46:07.609	0.97669	0.97669			6
2024.05.10	01:46:10.253	0.97670	0.97670			6
2024.05.10	01:46:14.551	0.97669	0.97669			6
2024.05.10	01:46:15.352	0.97670	0.97670			6
2024.05.10	01:46:16.017	0.97669	0.97669			6
2024.05.10	01:46:16.381	0.97670	0.97670			6
2024.05.10	01:46:17.215	0.97669	0.97669			6
2024.05.10	01:46:17.445	0.97670	0.97670			6
2024.05.10	01:46:20.495	0.97669	0.97669			6
2024.05.10	01:46:21.563	0.97670	0.97670			6
2024.05.10	01:46:22.349	0.97669	0.97669			6
2024.05.10	01:46:22.601	0.97670	0.97670			6
2024.05.10	01:46:23.025	0.97669	0.97669			6
2024.05.10	01:46:23.636	0.97670	0.97670			6
2024.05.10	01:46:27.135	0.97669	0.97669			6
2024.05.10	01:46:28.273	0.97670	0.97670			6
2024.05.10	01:46:29.466	0.97669	0.97669			6
2024.05.10	01:46:31.517	0.97670	0.97670			6
2024.05.10	01:46:33.772	0.97669	0.97669			6
2024.05.10	01:47:00.404	0.97669				2
2024.05.10	01:47:07.108	0.97670	0.97670			6
2024.05.10	01:47:07.198	0.97669	0.97669			6
2024.05.10	01:47:07.228	0.97667	0.97667			6
2024.05.10	01:47:08.582	0.97668	0.97668			6
2024.05.10	01:47:09.356	0.97669	0.97669			6
2024.05.10	01:47:10.885	0.97668	0.97668			6
2024.05.10	01:47:11.449	0.97669	0.97669			6
2024.05.10	01:47:21.273	0.97668	0.97668			6
2024.05.10	01:47:21.931	0.97669	0.97669			6
2024.05.10	01:47:22.075	0.97668	0.97668			6
2024.05.10	01:47:22.972	0.97669	0.97669			6
2024.05.10	01:47:23.093	0.97668	0.97668			6
2024.05.10	01:47:24.002	0.97669	0.97669			6
2024.05.10	01:47:24.136	0.97668	0.97668			6
2024.05.10	01:47:25.032	0.97669	0.97669			6
2024.05.10	01:47:25.183	0.97668	0.97668			6
2024.05.10	01:47:26.053	0.97669	0.97669			6
2024.05.10	01:47:28.114	0.97668	0.97668			6
2024.05.10	01:47:28.434	0.97669	0.97669			6
2024.05.10	01:47:29.163	0.97668	0.97668			6
2024.05.10	01:47:31.494	0.97669	0.97669			6
2024.05.10	01:47:32.269	0.97668	0.97668			6
2024.05.10	01:47:33.021	0.97670	0.97670			6
2024.05.10	01:47:41.861	0.97669	0.97669			6
2024.05.10	01:47:51.457	0.97668	0.97668			6
2024.05.10	01:47:51.488	0.97670	0.97670			6
2024.05.10	01:47:51.516	0.97669	0.97669			6
2024.05.10	01:47:51.786	0.97668	0.97668			6
2024.05.10	01:48:00.341	0.97668				2
2024.05.10	01:48:07.421	0.97667	0.97667			6
2024.05.10	01:48:21.602	0.97668	0.97668			6
2024.05.10	01:48:29.167	0.97667	0.97667			6
2024.05.10	01:48:30.085	0.97668	0.97668			6
2024.05.10	01:48:31.069	0.97667	0.97667			6
2024.05.10	01:48:35.581	0.97666	0.97666			6
2024.05.10	01:48:36.256	0.97667	0.97667			6
2024.05.10	01:48:37.143	0.97666	0.97666			6
2024.05.10	01:48:40.541	0.97667	0.97667			6
2024.05.10	01:48:44.087	0.97666	0.97666			6
2024.05.10	01:48:44.358	0.97665	0.97665			6
2024.05.10	01:48:45.780	0.97664	0.97664			6
2024.05.10	01:49:01.098	0.97665	0.97665			6
2024.05.10	01:49:01.191	0.97659	0.97659			6
2024.05.10	01:49:01.218	0.97658	0.97658			6
2024.05.10	01:49:01.402	0.97657	0.97657			6
2024.05.10	01:49:10.072	0.97658	0.97658			6
2024.05.10	01:49:12.530	0.97659	0.97659			6
2024.05.10	01:49:13.017	0.97658	0.97658			6
2024.05.10	01:49:16.363	0.97659	0.97659			6
2024.05.10	01:49:20.472	0.97658	0.97658			6
2024.05.10	01:49:21.365	0.97659	0.97659			6
2024.05.10	01:49:29.725	0.97656	0.97656			6
2024.05.10	01:49:30.044	0.97659	0.97659			6
2024.05.10	01:49:30.422	0.97660	0.97660			6
2024.05.10	01:49:30.452	0.97659	0.97659			6
2024.05.10	01:50:05.668	0.97659				2
2024.05.10	01:50:13.632	0.97658	0.97658			6
2024.05.10	01:50:13.662	0.97657	0.97657			6
2024.05.10	01:50:13.726	0.97658	0.97658			6
2024.05.10	01:50:13.957	0.97657	0.97657			6
2024.05.10	01:50:27.119	0.97658	0.97658			6
2024.05.10	01:50:43.201	0.97659	0.97659			6
2024.05.10	01:50:51.931	0.97657	0.97657			6
2024.05.10	01:50:52.020	0.97655	0.97655			6
2024.05.10	01:50:52.049	0.97656	0.97656			6
2024.05.10	01:51:04.031	0.97656				2
2024.05.10	01:51:04.122	0.97659	0.97659			6
2024.05.10	01:51:04.152	0.97664	0.97664			6
2024.05.10	01:51:04.212	0.97665	0.97665			6
2024.05.10	01:51:04.242	0.97666	0.97666			6
2024.05.10	01:51:04.401	0.97665	0.97665			6
2024.05.10	01:51:05.156	0.97667	0.97667			6
2024.05.10	01:51:09.851	0.97668	0.97668			6
2024.05.10	01:51:11.671	0.97667	0.97667			6
2024.05.10	01:51:11.987	0.97668	0.97668			6
2024.05.10	01:51:14.216	0.97667	0.97667			6
2024.05.10	01:51:16.370	0.97668	0.97668			6
2024.05.10	01:51:36.477	0.97666	0.97666			6
2024.05.10	01:51:57.232	0.97664	0.97664			6
2024.05.10	01:51:57.263	0.97663	0.97663			6
2024.05.10	01:51:57.294	0.97664	0.97664			6
2024.05.10	01:52:01.653	0.97665	0.97665			6
2024.05.10	01:52:01.684	0.97664	0.97664			6
2024.05.10	01:52:02.152	0.97665	0.97665			6
2024.05.10	01:52:02.450	0.97664	0.97664			6
2024.05.10	01:52:02.838	0.97665	0.97665			6
2024.05.10	01:52:07.181	0.97663	0.97663			6
2024.05.10	01:52:09.646	0.97665	0.97665			6
2024.05.10	01:52:12.101	0.97663	0.97663			6
2024.05.10	01:52:12.130	0.97665	0.97665			6
2024.05.10	01:52:12.695	0.97664	0.97664			6
2024.05.10	01:52:22.126	0.97665	0.97665			6
2024.05.10	01:52:22.432	0.97664	0.97664			6
2024.05.10	01:53:00.922	0.97666	0.97666			6
2024.05.10	01:53:20.139	0.97665	0.97665			6
2024.05.10	01:53:20.385	0.97664	0.97664			6
2024.05.10	01:53:26.038	0.97665	0.97665			6
2024.05.10	01:53:40.568	0.97666	0.97666			6
2024.05.10	01:53:40.776	0.97665	0.97665			6
2024.05.10	01:53:49.157	0.97666	0.97666			6
2024.05.10	01:54:01.728	0.97666				2
2024.05.10	01:54:45.422	0.97665	0.97665			6
2024.05.10	01:55:02.957	0.97665				2
2024.05.10	01:55:18.694	0.97664	0.97664			6
2024.05.10	01:55:27.871	0.97665	0.97665			6
2024.05.10	01:55:39.757	0.97666	0.97666			6
2024.05.10	01:55:39.877	0.97665	0.97665			6
2024.05.10	01:55:40.087	0.97666	0.97666			6
2024.05.10	01:55:49.625	0.97665	0.97665			6
2024.05.10	01:55:54.665	0.97666	0.97666			6
2024.05.10	01:55:55.069	0.97668	0.97668			6
2024.05.10	01:55:55.369	0.97666	0.97666			6
2024.05.10	01:56:14.035	0.97667	0.97667			6
2024.05.10	01:57:07.268	0.97667				2
2024.05.10	01:57:23.202	0.97666	0.97666			6
2024.05.10	01:57:52.854	0.97665	0.97665			6
2024.05.10	01:57:52.884	0.97667	0.97667			6
2024.05.10	01:57:53.003	0.97666	0.97666			6
2024.05.10	01:57:53.035	0.97664	0.97664			6
2024.05.10	01:57:53.064	0.97663	0.97663			6
2024.05.10	01:57:53.127	0.97661	0.97661			6
2024.05.10	01:57:53.247	0.97660	0.97660			6
2024.05.10	01:57:53.561	0.97659	0.97659			6
2024.05.10	01:58:01.401	0.97659				2
2024.05.10	01:58:03.330	0.97660	0.97660			6
2024.05.10	01:58:03.600	0.97661	0.97661			6
2024.05.10	01:58:07.397	0.97663	0.97663			6
2024.05.10	01:58:13.071	0.97662	0.97662			6
2024.05.10	01:58:55.149	0.97663	0.97663			6
2024.05.10	01:58:55.830	0.97662	0.97662			6
2024.05.10	01:59:08.365	0.97662				2
2024.05.10	01:59:15.065	0.97661	0.97661			6
2024.05.10	01:59:16.196	0.97660	0.97660			6
2024.05.10	01:59:16.286	0.97661	0.97661			6
2024.05.10	01:59:39.831	0.97662	0.97662			6
2024.05.10	01:59:45.515	0.97661	0.97661			6
2024.05.10	01:59:45.544	0.97662	0.97662			6
2024.05.10	01:59:45.575	0.97661	0.97661			6
2024.05.10	02:00:00.038	0.97662	0.97662			6
2024.05.10	02:00:00.069	0.97663	0.97663			6
2024.05.10	02:00:00.186	0.97664	0.97664			6
2024.05.10	02:00:00.771	0.97663	0.97663			6
2024.05.10	02:00:02.330	0.97664	0.97664			6
2024.05.10	02:00:02.722	0.97665	0.97665			6
2024.05.10	02:00:03.207	0.97664	0.97664			6
2024.05.10	02:00:03.329	0.97663	0.97663			6
2024.05.10	02:00:03.628	0.97662	0.97662			6
2024.05.10	02:00:03.719	0.97661	0.97661			6
2024.05.10	02:00:03.868	0.97662	0.97662			6
2024.05.10	02:00:03.929	0.97661	0.97661			6
2024.05.10	02:00:04.019	0.97660	0.97660			6
2024.05.10	02:00:04.080	0.97661	0.97661			6
2024.05.10	02:00:04.348	0.97660	0.97660			6
2024.05.10	02:00:04.440	0.97659	0.97659			6
2024.05.10	02:00:05.050	0.97661	0.97661			6
2024.05.10	02:00:05.533	0.97660	0.97660			6
2024.05.10	02:00:06.045	0.97661	0.97661			6
2024.05.10	02:00:06.075	0.97663	0.97663			6
2024.05.10	02:00:07.354	0.97662	0.97662			6
2024.05.10	02:00:07.413	0.97663	0.97663			6
2024.05.10	02:00:07.446	0.97662	0.97662			6
2024.05.10	02:00:07.474	0.97663	0.97663			6
2024.05.10	02:00:10.783	0.97664	0.97664			6
2024.05.10	02:00:11.091	0.97663	0.97663			6
2024.05.10	02:00:11.869	0.97666	0.97666			6
2024.05.10	02:00:11.961	0.97667	0.97667			6
2024.05.10	02:00:12.291	0.97666	0.97666			6
2024.05.10	02:00:12.382	0.97667	0.97667			6
2024.05.10	02:00:13.011	0.97666	0.97666			6
2024.05.10	02:00:58.835	0.97668	0.97668			6
2024.05.10	02:00:58.863	0.97667	0.97667			6
2024.05.10	02:00:58.893	0.97668	0.97668			6
2024.05.10	02:01:00.072	0.97668				2
2024.05.10	02:01:26.178	0.97667	0.97667			6
2024.05.10	02:01:26.418	0.97668	0.97668			6
2024.05.10	02:01:27.267	0.97667	0.97667			6
2024.05.10	02:01:27.536	0.97668	0.97668			6
2024.05.10	02:01:43.765	0.97667	0.97667			6
2024.05.10	02:01:45.535	0.97666	0.97666			6
2024.05.10	02:01:51.160	0.97665	0.97665			6
2024.05.10	02:01:51.368	0.97666	0.97666			6
2024.05.10	02:02:00.527	0.97666				2
2024.05.10	02:02:03.588	0.97665	0.97665			6
2024.05.10	02:02:03.707	0.97666	0.97666			6
2024.05.10	02:02:03.827	0.97667	0.97667			6
2024.05.10	02:02:03.859	0.97668	0.97668			6
2024.05.10	02:02:03.919	0.97667	0.97667			6
2024.05.10	02:02:04.157	0.97666	0.97666			6
2024.05.10	02:02:06.581	0.97665	0.97665			6
2024.05.10	02:02:09.156	0.97666	0.97666			6
2024.05.10	02:02:17.078	0.97667	0.97667			6
2024.05.10	02:02:28.284	0.97666	0.97666			6
2024.05.10	02:02:29.308	0.97667	0.97667			6
2024.05.10	02:03:00.403	0.97663	0.97663			6
2024.05.10	02:03:00.462	0.97662	0.97662			6
2024.05.10	02:03:00.522	0.97661	0.97661			6
2024.05.10	02:03:00.553	0.97659	0.97659			6
2024.05.10	02:03:02.598	0.97658	0.97658			6
2024.05.10	02:03:04.964	0.97659	0.97659			6
2024.05.10	02:03:05.334	0.97658	0.97658			6
2024.05.10	02:03:05.543	0.97659	0.97659			6
2024.05.10	02:03:05.770	0.97658	0.97658			6
2024.05.10	02:03:06.758	0.97659	0.97659			6
2024.05.10	02:03:17.560	0.97658	0.97658			6
2024.05.10	02:03:25.071	0.97659	0.97659			6
2024.05.10	02:03:25.101	0.97658	0.97658			6
2024.05.10	02:03:25.131	0.97659	0.97659			6
2024.05.10	02:03:35.508	0.97658	0.97658			6
2024.05.10	02:03:35.599	0.97659	0.97659			6
2024.05.10	02:03:35.719	0.97658	0.97658			6
2024.05.10	02:03:36.594	0.97659	0.97659			6
2024.05.10	02:03:36.715	0.97658	0.97658			6
2024.05.10	02:03:37.601	0.97659	0.97659			6
2024.05.10	02:03:37.729	0.97658	0.97658			6
2024.05.10	02:03:38.625	0.97659	0.97659			6
2024.05.10	02:03:38.753	0.97658	0.97658			6
2024.05.10	02:03:39.654	0.97659	0.97659			6
2024.05.10	02:03:39.737	0.97658	0.97658			6
2024.05.10	02:03:39.977	0.97659	0.97659			6
2024.05.10	02:03:41.772	0.97658	0.97658			6
2024.05.10	02:03:48.940	0.97657	0.97657			6
2024.05.10	02:03:49.211	0.97658	0.97658			6
2024.05.10	02:03:49.422	0.97659	0.97659			6
2024.05.10	02:03:49.524	0.97658	0.97658			6
2024.05.10	02:03:49.674	0.97657	0.97657			6
2024.05.10	02:03:50.833	0.97658	0.97658			6
2024.05.10	02:03:52.189	0.97659	0.97659			6
2024.05.10	02:03:52.220	0.97661	0.97661			6
2024.05.10	02:03:52.281	0.97660	0.97660			6
2024.05.10	02:03:52.310	0.97661	0.97661			6
2024.05.10	02:03:54.052	0.97660	0.97660			6
2024.05.10	02:03:56.134	0.97661	0.97661			6
2024.05.10	02:04:00.252	0.97662	0.97662			6
2024.05.10	02:04:00.947	0.97661	0.97661			6
2024.05.10	02:04:03.335	0.97659	0.97659			6
2024.05.10	02:04:21.627	0.97660	0.97660			6
2024.05.10	02:04:21.657	0.97659	0.97659			6
2024.05.10	02:04:25.264	0.97658	0.97658			6
2024.05.10	02:04:25.292	0.97659	0.97659			6
2024.05.10	02:04:26.108	0.97660	0.97660			6
2024.05.10	02:04:26.228	0.97662	0.97662			6
2024.05.10	02:04:29.373	0.97663	0.97663			6
2024.05.10	02:04:55.113	0.97662	0.97662			6
2024.05.10	02:04:56.917	0.97661	0.97661			6
2024.05.10	02:05:03.394	0.97662	0.97662			6
2024.05.10	02:05:03.513	0.97661	0.97661			6
2024.05.10	02:05:08.137	0.97662	0.97662			6
2024.05.10	02:05:08.167	0.97663	0.97663			6
2024.05.10	02:05:26.105	0.97664	0.97664			6
2024.05.10	02:05:28.811	0.97663	0.97663			6
2024.05.10	02:05:55.474	0.97664	0.97664			6
2024.05.10	02:05:55.652	0.97663	0.97663			6
2024.05.10	02:05:58.019	0.97662	0.97662			6
2024.05.10	02:06:09.150	0.97663	0.97663			6
2024.05.10	02:06:09.180	0.97662	0.97662			6
2024.05.10	02:06:09.361	0.97661	0.97661			6
2024.05.10	02:06:11.982	0.97660	0.97660			6
2024.05.10	02:06:13.084	0.97661	0.97661			6
2024.05.10	02:06:15.517	0.97660	0.97660			6
2024.05.10	02:06:20.064	0.97661	0.97661			6
2024.05.10	02:06:22.834	0.97660	0.97660			6
2024.05.10	02:06:30.408	0.97661	0.97661			6
2024.05.10	02:06:33.853	0.97660	0.97660			6
2024.05.10	02:06:44.481	0.97661	0.97661			6
2024.05.10	02:06:47.585	0.97662	0.97662			6
2024.05.10	02:07:20.764	0.97661	0.97661			6
2024.05.10	02:07:22.100	0.97662	0.97662			6
2024.05.10	02:07:22.791	0.97661	0.97661			6
2024.05.10	02:07:24.924	0.97662	0.97662			6
2024.05.10	02:07:31.920	0.97663	0.97663			6
2024.05.10	02:07:56.779	0.97662	0.97662			6
2024.05.10	02:08:05.629	0.97663	0.97663			6
2024.05.10	02:08:05.748	0.97664	0.97664			6
2024.05.10	02:08:05.778	0.97663	0.97663			6
2024.05.10	02:08:05.901	0.97664	0.97664			6
2024.05.10	02:08:07.135	0.97663	0.97663			6
2024.05.10	02:08:12.053	0.97664	0.97664			6
2024.05.10	02:08:15.051	0.97665	0.97665			6
2024.05.10	02:08:15.081	0.97666	0.97666			6
2024.05.10	02:08:15.879	0.97665	0.97665			6
2024.05.10	02:08:16.857	0.97667	0.97667			6
2024.05.10	02:08:16.886	0.97665	0.97665			6
2024.05.10	02:08:17.338	0.97666	0.97666			6
2024.05.10	02:08:35.315	0.97667	0.97667			6
2024.05.10	02:08:36.935	0.97666	0.97666			6
2024.05.10	02:08:45.107	0.97667	0.97667			6
2024.05.10	02:08:56.716	0.97666	0.97666			6
2024.05.10	02:09:00.172	0.97667	0.97667			6
2024.05.10	02:09:00.498	0.97666	0.97666			6
2024.05.10	02:09:08.999	0.97667	0.97667			6
2024.05.10	02:09:15.680	0.97665	0.97665			6
2024.05.10	02:09:15.770	0.97666	0.97666			6
2024.05.10	02:09:24.930	0.97665	0.97665			6
2024.05.10	02:09:25.261	0.97666	0.97666			6
2024.05.10	02:09:34.256	0.97664	0.97664			6
2024.05.10	02:09:35.018	0.97663	0.97663			6
2024.05.10	02:09:44.345	0.97664	0.97664			6
2024.05.10	02:10:01.629	0.97664				2
2024.05.10	02:10:17.933	0.97662	0.97662			6
2024.05.10	02:10:17.962	0.97663	0.97663			6
2024.05.10	02:10:17.993	0.97662	0.97662			6
2024.05.10	02:10:18.141	0.97663	0.97663			6
2024.05.10	02:10:32.480	0.97664	0.97664			6
2024.05.10	02:10:33.484	0.97663	0.97663			6
2024.05.10	02:10:48.468	0.97664	0.97664			6
2024.05.10	02:10:57.958	0.97663	0.97663			6
2024.05.10	02:10:58.611	0.97664	0.97664			6
2024.05.10	02:10:58.761	0.97663	0.97663			6
2024.05.10	02:11:02.559	0.97664	0.97664			6
2024.05.10	02:11:02.783	0.97663	0.97663			6
2024.05.10	02:11:03.872	0.97662	0.97662			6
2024.05.10	02:11:03.962	0.97663	0.97663			6
2024.05.10	02:11:04.851	0.97664	0.97664			6
2024.05.10	02:11:05.302	0.97663	0.97663			6
2024.05.10	02:11:05.332	0.97664	0.97664			6
2024.05.10	02:11:16.512	0.97665	0.97665			6
2024.05.10	02:11:26.418	0.97664	0.97664			6
2024.05.10	02:11:28.979	0.97666	0.97666			6
