<DATE>	<TIME>	<BID>	<ASK>	<LAST>	<VOLUME>	<FLAGS>
2024.03.13	00:00:02.597	0.95868	0.95868			6
2024.03.13	00:00:03.839	0.95869	0.95869			6
2024.03.13	00:00:04.054	0.95870	0.95870			6
2024.03.13	00:00:04.245	0.95863	0.95863			6
2024.03.13	00:00:04.375	0.95870	0.95870			6
2024.03.13	00:00:04.417	0.95868	0.95868			6
2024.03.13	00:00:04.459	0.95867	0.95867			6
2024.03.13	00:00:04.480	0.95866	0.95866			6
2024.03.13	00:00:04.515	0.95864	0.95864			6
2024.03.13	00:00:04.655	0.95868	0.95868			6
2024.03.13	00:00:05.077	0.95864	0.95864			6
2024.03.13	00:00:05.224	0.95866	0.95866			6
2024.03.13	00:00:05.224	0.95865	0.95865			6
2024.03.13	00:00:05.303	0.95866	0.95866			6
2024.03.13	00:00:05.340	0.95869	0.95869			6
2024.03.13	00:00:05.340	0.95871	0.95871			6
2024.03.13	00:00:05.403	0.95872	0.95872			6
2024.03.13	00:00:05.421	0.95871	0.95871			6
2024.03.13	00:00:05.440	0.95872	0.95872			6
2024.03.13	00:00:05.440	0.95871	0.95871			6
2024.03.13	00:00:05.460	0.95870	0.95870			6
2024.03.13	00:00:05.473	0.95871	0.95871			6
2024.03.13	00:00:05.473	0.95870	0.95870			6
2024.03.13	00:00:05.493	0.95869	0.95869			6
2024.03.13	00:00:05.493	0.95868	0.95868			6
2024.03.13	00:00:05.493	0.95869	0.95869			6
2024.03.13	00:00:05.532	0.95870	0.95870			6
2024.03.13	00:00:05.555	0.95868	0.95868			6
2024.03.13	00:00:05.610	0.95869	0.95869			6
2024.03.13	00:00:05.610	0.95868	0.95868			6
2024.03.13	00:00:05.611	0.95867	0.95867			6
2024.03.13	00:00:05.611	0.95869	0.95869			6
2024.03.13	00:00:05.611	0.95867	0.95867			6
2024.03.13	00:00:07.543	0.95868	0.95868			6
2024.03.13	00:00:08.045	0.95869	0.95869			6
2024.03.13	00:00:08.105	0.95868	0.95868			6
2024.03.13	00:00:08.740	0.95866	0.95866			6
2024.03.13	00:00:11.174	0.95863	0.95863			6
2024.03.13	00:00:11.204	0.95862	0.95862			6
2024.03.13	00:00:11.885	0.95863	0.95863			6
2024.03.13	00:00:12.880	0.95864	0.95864			6
2024.03.13	00:00:15.102	0.95862	0.95862			6
2024.03.13	00:00:15.132	0.95863	0.95863			6
2024.03.13	00:00:16.665	0.95864	0.95864			6
2024.03.13	00:00:17.001	0.95863	0.95863			6
2024.03.13	00:00:19.692	0.95862	0.95862			6
2024.03.13	00:00:20.081	0.95861	0.95861			6
2024.03.13	00:00:20.285	0.95862	0.95862			6
2024.03.13	00:00:20.841	0.95863	0.95863			6
2024.03.13	00:00:21.617	0.95862	0.95862			6
2024.03.13	00:00:25.375	0.95861	0.95861			6
2024.03.13	00:00:34.455	0.95862	0.95862			6
2024.03.13	00:00:34.545	0.95864	0.95864			6
2024.03.13	00:00:34.785	0.95863	0.95863			6
2024.03.13	00:00:39.483	0.95861	0.95861			6
2024.03.13	00:00:39.514	0.95860	0.95860			6
2024.03.13	00:00:39.573	0.95859	0.95859			6
2024.03.13	00:00:39.944	0.95858	0.95858			6
2024.03.13	00:00:40.010	0.95859	0.95859			6
2024.03.13	00:00:40.101	0.95860	0.95860			6
2024.03.13	00:00:40.287	0.95859	0.95859			6
2024.03.13	00:00:40.467	0.95860	0.95860			6
2024.03.13	00:00:48.410	0.95861	0.95861			6
2024.03.13	00:00:49.341	0.95860	0.95860			6
2024.03.13	00:00:49.372	0.95858	0.95858			6
2024.03.13	00:00:50.855	0.95859	0.95859			6
2024.03.13	00:00:51.562	0.95860	0.95860			6
2024.03.13	00:00:51.592	0.95865	0.95865			6
2024.03.13	00:00:51.622	0.95866	0.95866			6
2024.03.13	00:00:51.922	0.95865	0.95865			6
2024.03.13	00:01:00.495	0.95866	0.95866			6
2024.03.13	00:01:01.244	0.95865	0.95865			6
2024.03.13	00:01:03.725	0.95867	0.95867			6
2024.03.13	00:01:05.103	0.95868	0.95868			6
2024.03.13	00:01:05.640	0.95870	0.95870			6
2024.03.13	00:01:10.750	0.95869	0.95869			6
2024.03.13	00:01:16.702	0.95867	0.95867			6
2024.03.13	00:01:16.731	0.95868	0.95868			6
2024.03.13	00:01:17.202	0.95869	0.95869			6
2024.03.13	00:01:19.037	0.95870	0.95870			6
2024.03.13	00:01:19.067	0.95871	0.95871			6
2024.03.13	00:01:19.701	0.95869	0.95869			6
2024.03.13	00:01:21.927	0.95868	0.95868			6
2024.03.13	00:01:24.715	0.95870	0.95870			6
2024.03.13	00:01:24.745	0.95872	0.95872			6
2024.03.13	00:01:24.774	0.95873	0.95873			6
2024.03.13	00:01:48.656	0.95874	0.95874			6
2024.03.13	00:01:59.745	0.95871	0.95871			6
2024.03.13	00:01:59.926	0.95870	0.95870			6
2024.03.13	00:02:00.086	0.95874	0.95874			6
2024.03.13	00:02:01.210	0.95871	0.95871			6
2024.03.13	00:02:05.764	0.95870	0.95870			6
2024.03.13	00:02:07.211	0.95869	0.95869			6
2024.03.13	00:02:07.888	0.95870	0.95870			6
2024.03.13	00:02:08.297	0.95867	0.95867			6
2024.03.13	00:02:09.019	0.95869	0.95869			6
2024.03.13	00:02:09.825	0.95868	0.95868			6
2024.03.13	00:02:18.455	0.95869	0.95869			6
2024.03.13	00:02:19.433	0.95868	0.95868			6
2024.03.13	00:02:52.274	0.95867	0.95867			6
2024.03.13	00:02:52.364	0.95868	0.95868			6
2024.03.13	00:02:52.456	0.95867	0.95867			6
2024.03.13	00:02:52.575	0.95868	0.95868			6
2024.03.13	00:02:52.671	0.95867	0.95867			6
2024.03.13	00:02:52.791	0.95868	0.95868			6
2024.03.13	00:02:52.914	0.95867	0.95867			6
2024.03.13	00:02:53.004	0.95868	0.95868			6
2024.03.13	00:02:53.124	0.95870	0.95870			6
2024.03.13	00:02:53.154	0.95867	0.95867			6
2024.03.13	00:02:53.191	0.95868	0.95868			6
2024.03.13	00:02:53.294	0.95867	0.95867			6
2024.03.13	00:02:53.414	0.95868	0.95868			6
2024.03.13	00:03:01.024	0.95871	0.95871			6
2024.03.13	00:03:01.325	0.95872	0.95872			6
2024.03.13	00:03:01.354	0.95871	0.95871			6
2024.03.13	00:03:01.416	0.95870	0.95870			6
2024.03.13	00:03:01.715	0.95869	0.95869			6
2024.03.13	00:03:02.462	0.95870	0.95870			6
2024.03.13	00:03:02.491	0.95869	0.95869			6
2024.03.13	00:03:02.521	0.95870	0.95870			6
2024.03.13	00:03:02.552	0.95869	0.95869			6
2024.03.13	00:03:02.582	0.95870	0.95870			6
2024.03.13	00:03:02.995	0.95869	0.95869			6
2024.03.13	00:03:10.076	0.95871	0.95871			6
2024.03.13	00:03:10.105	0.95869	0.95869			6
2024.03.13	00:03:16.935	0.95868	0.95868			6
2024.03.13	00:03:24.897	0.95869	0.95869			6
2024.03.13	00:03:25.188	0.95870	0.95870			6
2024.03.13	00:03:25.471	0.95871	0.95871			6
2024.03.13	00:03:26.690	0.95870	0.95870			6
2024.03.13	00:03:27.063	0.95873	0.95873			6
2024.03.13	00:03:27.093	0.95870	0.95870			6
2024.03.13	00:03:28.310	0.95871	0.95871			6
2024.03.13	00:03:30.387	0.95872	0.95872			6
2024.03.13	00:03:35.530	0.95873	0.95873			6
2024.03.13	00:03:35.559	0.95872	0.95872			6
2024.03.13	00:03:46.444	0.95871	0.95871			6
2024.03.13	00:03:52.496	0.95872	0.95872			6
2024.03.13	00:03:52.527	0.95871	0.95871			6
2024.03.13	00:04:09.456	0.95872	0.95872			6
2024.03.13	00:04:09.486	0.95871	0.95871			6
2024.03.13	00:04:16.664	0.95870	0.95870			6
2024.03.13	00:04:18.119	0.95871	0.95871			6
2024.03.13	00:04:18.150	0.95870	0.95870			6
2024.03.13	00:04:43.400	0.95872	0.95872			6
2024.03.13	00:04:43.429	0.95870	0.95870			6
2024.03.13	00:04:45.714	0.95871	0.95871			6
2024.03.13	00:04:45.745	0.95872	0.95872			6
2024.03.13	00:04:46.445	0.95873	0.95873			6
2024.03.13	00:05:02.685	0.95872	0.95872			6
2024.03.13	00:05:05.083	0.95873	0.95873			6
2024.03.13	00:05:41.646	0.95872	0.95872			6
2024.03.13	00:05:55.984	0.95873	0.95873			6
2024.03.13	00:05:56.076	0.95872	0.95872			6
2024.03.13	00:05:56.195	0.95873	0.95873			6
2024.03.13	00:05:56.304	0.95872	0.95872			6
2024.03.13	00:05:56.402	0.95873	0.95873			6
2024.03.13	00:05:56.492	0.95872	0.95872			6
2024.03.13	00:05:56.590	0.95873	0.95873			6
2024.03.13	00:05:56.711	0.95872	0.95872			6
2024.03.13	00:05:56.811	0.95873	0.95873			6
2024.03.13	00:05:56.931	0.95872	0.95872			6
2024.03.13	00:05:57.025	0.95873	0.95873			6
2024.03.13	00:05:57.145	0.95872	0.95872			6
2024.03.13	00:06:01.187	0.95873	0.95873			6
2024.03.13	00:06:01.218	0.95872	0.95872			6
2024.03.13	00:06:01.577	0.95871	0.95871			6
2024.03.13	00:06:07.790	0.95872	0.95872			6
2024.03.13	00:06:08.378	0.95873	0.95873			6
2024.03.13	00:06:15.753	0.95872	0.95872			6
2024.03.13	00:07:00.323	0.95872				2
2024.03.13	00:07:08.365	0.95873	0.95873			6
2024.03.13	00:07:12.885	0.95871	0.95871			6
2024.03.13	00:07:14.826	0.95870	0.95870			6
2024.03.13	00:07:20.854	0.95871	0.95871			6
2024.03.13	00:07:25.199	0.95870	0.95870			6
2024.03.13	00:07:41.861	0.95871	0.95871			6
2024.03.13	00:07:47.474	0.95870	0.95870			6
2024.03.13	00:07:48.861	0.95871	0.95871			6
2024.03.13	00:07:59.348	0.95870	0.95870			6
2024.03.13	00:08:00.601	0.95871	0.95871			6
2024.03.13	00:08:02.124	0.95870	0.95870			6
2024.03.13	00:08:03.110	0.95871	0.95871			6
2024.03.13	00:08:03.397	0.95870	0.95870			6
2024.03.13	00:08:05.618	0.95871	0.95871			6
2024.03.13	00:08:06.846	0.95870	0.95870			6
2024.03.13	00:08:07.485	0.95871	0.95871			6
2024.03.13	00:08:07.843	0.95870	0.95870			6
2024.03.13	00:08:09.311	0.95869	0.95869			6
2024.03.13	00:08:10.616	0.95871	0.95871			6
2024.03.13	00:08:13.210	0.95870	0.95870			6
2024.03.13	00:08:13.863	0.95871	0.95871			6
2024.03.13	00:08:14.349	0.95870	0.95870			6
2024.03.13	00:08:15.614	0.95871	0.95871			6
2024.03.13	00:08:15.921	0.95870	0.95870			6
2024.03.13	00:08:16.233	0.95871	0.95871			6
2024.03.13	00:08:17.213	0.95870	0.95870			6
2024.03.13	00:08:17.454	0.95871	0.95871			6
2024.03.13	00:08:18.101	0.95870	0.95870			6
2024.03.13	00:08:23.137	0.95869	0.95869			6
2024.03.13	00:08:25.110	0.95870	0.95870			6
2024.03.13	00:08:27.342	0.95869	0.95869			6
2024.03.13	00:08:28.785	0.95870	0.95870			6
2024.03.13	00:08:29.062	0.95872	0.95872			6
2024.03.13	00:08:35.386	0.95871	0.95871			6
2024.03.13	00:08:51.702	0.95870	0.95870			6
2024.03.13	00:09:03.163	0.95871	0.95871			6
2024.03.13	00:09:09.771	0.95870	0.95870			6
2024.03.13	00:09:16.386	0.95871	0.95871			6
2024.03.13	00:09:17.393	0.95870	0.95870			6
2024.03.13	00:09:22.345	0.95869	0.95869			6
2024.03.13	00:09:33.577	0.95870	0.95870			6
2024.03.13	00:09:35.592	0.95871	0.95871			6
2024.03.13	00:09:35.918	0.95872	0.95872			6
2024.03.13	00:09:40.774	0.95871	0.95871			6
2024.03.13	00:09:47.024	0.95872	0.95872			6
2024.03.13	00:09:48.368	0.95871	0.95871			6
2024.03.13	00:10:01.363	0.95873	0.95873			6
2024.03.13	00:10:01.875	0.95872	0.95872			6
2024.03.13	00:10:02.716	0.95873	0.95873			6
2024.03.13	00:10:04.254	0.95874	0.95874			6
2024.03.13	00:10:05.503	0.95873	0.95873			6
2024.03.13	00:10:05.755	0.95874	0.95874			6
2024.03.13	00:10:06.375	0.95873	0.95873			6
2024.03.13	00:10:07.185	0.95874	0.95874			6
2024.03.13	00:10:07.215	0.95872	0.95872			6
2024.03.13	00:10:08.260	0.95873	0.95873			6
2024.03.13	00:10:09.054	0.95872	0.95872			6
2024.03.13	00:10:27.673	0.95871	0.95871			6
2024.03.13	00:10:33.914	0.95872	0.95872			6
2024.03.13	00:11:19.630	0.95873	0.95873			6
2024.03.13	00:11:19.689	0.95872	0.95872			6
2024.03.13	00:12:00.053	0.95871	0.95871			6
2024.03.13	00:12:00.784	0.95872	0.95872			6
2024.03.13	00:12:04.765	0.95871	0.95871			6
2024.03.13	00:12:36.756	0.95872	0.95872			6
2024.03.13	00:12:37.209	0.95873	0.95873			6
2024.03.13	00:12:37.239	0.95871	0.95871			6
2024.03.13	00:12:37.531	0.95872	0.95872			6
2024.03.13	00:12:41.314	0.95871	0.95871			6
2024.03.13	00:12:43.686	0.95872	0.95872			6
2024.03.13	00:13:00.814	0.95871	0.95871			6
2024.03.13	00:13:01.161	0.95872	0.95872			6
2024.03.13	00:13:01.340	0.95873	0.95873			6
2024.03.13	00:13:03.309	0.95872	0.95872			6
2024.03.13	00:13:04.797	0.95873	0.95873			6
2024.03.13	00:13:08.157	0.95872	0.95872			6
2024.03.13	00:13:11.408	0.95873	0.95873			6
2024.03.13	00:13:11.670	0.95872	0.95872			6
2024.03.13	00:13:15.665	0.95870	0.95870			6
2024.03.13	00:13:17.445	0.95871	0.95871			6
2024.03.13	00:13:19.398	0.95872	0.95872			6
2024.03.13	00:13:28.772	0.95875	0.95875			6
2024.03.13	00:13:28.802	0.95876	0.95876			6
2024.03.13	00:13:28.862	0.95875	0.95875			6
2024.03.13	00:13:28.891	0.95876	0.95876			6
2024.03.13	00:13:39.050	0.95875	0.95875			6
2024.03.13	00:13:40.208	0.95874	0.95874			6
2024.03.13	00:14:18.211	0.95876	0.95876			6
2024.03.13	00:14:18.240	0.95875	0.95875			6
2024.03.13	00:14:18.271	0.95877	0.95877			6
2024.03.13	00:14:19.582	0.95878	0.95878			6
2024.03.13	00:14:19.613	0.95876	0.95876			6
2024.03.13	00:14:20.248	0.95875	0.95875			6
2024.03.13	00:14:20.484	0.95876	0.95876			6
2024.03.13	00:14:21.115	0.95877	0.95877			6
2024.03.13	00:14:21.145	0.95876	0.95876			6
2024.03.13	00:14:31.924	0.95880	0.95880			6
2024.03.13	00:14:31.953	0.95884	0.95884			6
2024.03.13	00:14:31.983	0.95882	0.95882			6
2024.03.13	00:14:32.013	0.95884	0.95884			6
2024.03.13	00:14:34.185	0.95885	0.95885			6
2024.03.13	00:14:34.382	0.95886	0.95886			6
2024.03.13	00:14:34.748	0.95887	0.95887			6
2024.03.13	00:14:37.923	0.95888	0.95888			6
2024.03.13	00:14:38.830	0.95887	0.95887			6
2024.03.13	00:14:39.232	0.95888	0.95888			6
2024.03.13	00:14:40.931	0.95889	0.95889			6
2024.03.13	00:14:41.351	0.95890	0.95890			6
2024.03.13	00:14:45.104	0.95892	0.95892			6
2024.03.13	00:14:50.798	0.95891	0.95891			6
2024.03.13	00:15:01.430	0.95889	0.95889			6
2024.03.13	00:15:08.739	0.95891	0.95891			6
2024.03.13	00:15:08.980	0.95892	0.95892			6
2024.03.13	00:15:09.763	0.95890	0.95890			6
2024.03.13	00:15:10.143	0.95889	0.95889			6
2024.03.13	00:15:22.691	0.95892	0.95892			6
2024.03.13	00:15:22.780	0.95891	0.95891			6
2024.03.13	00:15:24.478	0.95889	0.95889			6
2024.03.13	00:15:49.386	0.95888	0.95888			6
2024.03.13	00:15:49.506	0.95889	0.95889			6
2024.03.13	00:16:02.474	0.95888	0.95888			6
2024.03.13	00:16:22.708	0.95889	0.95889			6
2024.03.13	00:16:46.370	0.95890	0.95890			6
2024.03.13	00:16:46.521	0.95891	0.95891			6
2024.03.13	00:16:47.061	0.95889	0.95889			6
2024.03.13	00:16:47.335	0.95891	0.95891			6
2024.03.13	00:16:48.620	0.95890	0.95890			6
2024.03.13	00:16:49.584	0.95891	0.95891			6
2024.03.13	00:16:49.673	0.95893	0.95893			6
2024.03.13	00:16:49.953	0.95892	0.95892			6
2024.03.13	00:16:57.417	0.95893	0.95893			6
2024.03.13	00:16:59.975	0.95892	0.95892			6
2024.03.13	00:17:04.344	0.95893	0.95893			6
2024.03.13	00:17:04.653	0.95892	0.95892			6
2024.03.13	00:17:20.223	0.95893	0.95893			6
2024.03.13	00:17:24.014	0.95894	0.95894			6
2024.03.13	00:17:24.043	0.95892	0.95892			6
2024.03.13	00:17:24.073	0.95891	0.95891			6
2024.03.13	00:17:25.252	0.95890	0.95890			6
2024.03.13	00:17:33.886	0.95891	0.95891			6
2024.03.13	00:17:34.130	0.95890	0.95890			6
2024.03.13	00:17:36.110	0.95889	0.95889			6
2024.03.13	00:17:40.953	0.95890	0.95890			6
2024.03.13	00:17:41.439	0.95889	0.95889			6
2024.03.13	00:17:45.296	0.95890	0.95890			6
2024.03.13	00:17:45.326	0.95889	0.95889			6
2024.03.13	00:17:45.607	0.95888	0.95888			6
2024.03.13	00:17:46.293	0.95891	0.95891			6
2024.03.13	00:17:47.053	0.95890	0.95890			6
2024.03.13	00:17:47.143	0.95891	0.95891			6
2024.03.13	00:17:47.203	0.95892	0.95892			6
2024.03.13	00:17:47.233	0.95891	0.95891			6
2024.03.13	00:17:47.263	0.95892	0.95892			6
2024.03.13	00:17:47.293	0.95891	0.95891			6
2024.03.13	00:17:47.591	0.95890	0.95890			6
2024.03.13	00:17:53.065	0.95893	0.95893			6
2024.03.13	00:17:54.305	0.95891	0.95891			6
2024.03.13	00:17:56.238	0.95892	0.95892			6
2024.03.13	00:17:56.600	0.95893	0.95893			6
2024.03.13	00:17:58.077	0.95891	0.95891			6
2024.03.13	00:17:58.513	0.95893	0.95893			6
2024.03.13	00:17:58.633	0.95891	0.95891			6
2024.03.13	00:17:59.865	0.95893	0.95893			6
2024.03.13	00:18:00.226	0.95892	0.95892			6
2024.03.13	00:18:00.407	0.95893	0.95893			6
2024.03.13	00:18:04.433	0.95894	0.95894			6
2024.03.13	00:18:05.154	0.95893	0.95893			6
2024.03.13	00:18:44.455	0.95892	0.95892			6
2024.03.13	00:18:45.285	0.95891	0.95891			6
2024.03.13	00:18:45.405	0.95892	0.95892			6
2024.03.13	00:18:45.609	0.95893	0.95893			6
2024.03.13	00:18:46.644	0.95892	0.95892			6
2024.03.13	00:18:52.462	0.95893	0.95893			6
2024.03.13	00:19:00.020	0.95893				2
2024.03.13	00:19:04.587	0.95892	0.95892			6
2024.03.13	00:19:05.382	0.95893	0.95893			6
2024.03.13	00:19:05.986	0.95892	0.95892			6
2024.03.13	00:19:16.052	0.95891	0.95891			6
2024.03.13	00:19:16.178	0.95892	0.95892			6
2024.03.13	00:19:16.387	0.95891	0.95891			6
2024.03.13	00:19:16.418	0.95890	0.95890			6
2024.03.13	00:19:17.493	0.95891	0.95891			6
2024.03.13	00:19:17.772	0.95890	0.95890			6
2024.03.13	00:19:21.161	0.95891	0.95891			6
2024.03.13	00:19:26.608	0.95890	0.95890			6
2024.03.13	00:19:29.493	0.95891	0.95891			6
2024.03.13	00:19:36.931	0.95890	0.95890			6
2024.03.13	00:19:42.336	0.95891	0.95891			6
2024.03.13	00:19:43.152	0.95890	0.95890			6
2024.03.13	00:20:07.518	0.95891	0.95891			6
2024.03.13	00:20:07.874	0.95890	0.95890			6
2024.03.13	00:20:11.797	0.95889	0.95889			6
2024.03.13	00:20:13.428	0.95888	0.95888			6
2024.03.13	00:20:14.282	0.95890	0.95890			6
2024.03.13	00:20:18.069	0.95889	0.95889			6
2024.03.13	00:20:18.101	0.95890	0.95890			6
2024.03.13	00:20:19.980	0.95889	0.95889			6
2024.03.13	00:20:20.518	0.95888	0.95888			6
2024.03.13	00:20:21.124	0.95889	0.95889			6
2024.03.13	00:20:28.550	0.95890	0.95890			6
2024.03.13	00:20:29.227	0.95889	0.95889			6
2024.03.13	00:20:30.888	0.95890	0.95890			6
2024.03.13	00:20:34.705	0.95889	0.95889			6
2024.03.13	00:20:51.312	0.95888	0.95888			6
2024.03.13	00:20:51.596	0.95889	0.95889			6
2024.03.13	00:21:00.154	0.95890	0.95890			6
2024.03.13	00:21:00.183	0.95889	0.95889			6
2024.03.13	00:21:02.074	0.95890	0.95890			6
2024.03.13	00:21:03.662	0.95889	0.95889			6
2024.03.13	00:21:04.033	0.95890	0.95890			6
2024.03.13	00:21:05.090	0.95891	0.95891			6
2024.03.13	00:21:05.663	0.95892	0.95892			6
2024.03.13	00:21:07.368	0.95893	0.95893			6
2024.03.13	00:21:07.811	0.95891	0.95891			6
2024.03.13	00:21:07.906	0.95892	0.95892			6
2024.03.13	00:21:30.257	0.95891	0.95891			6
2024.03.13	00:21:30.653	0.95892	0.95892			6
2024.03.13	00:21:42.280	0.95891	0.95891			6
2024.03.13	00:21:55.052	0.95889	0.95889			6
2024.03.13	00:21:55.187	0.95891	0.95891			6
2024.03.13	00:22:02.023	0.95891				2
2024.03.13	00:22:12.522	0.95890	0.95890			6
2024.03.13	00:22:13.430	0.95891	0.95891			6
2024.03.13	00:22:19.767	0.95890	0.95890			6
2024.03.13	00:22:20.102	0.95891	0.95891			6
2024.03.13	00:22:20.818	0.95890	0.95890			6
2024.03.13	00:22:21.558	0.95891	0.95891			6
2024.03.13	00:22:21.852	0.95890	0.95890			6
2024.03.13	00:22:22.606	0.95891	0.95891			6
2024.03.13	00:22:22.882	0.95890	0.95890			6
2024.03.13	00:22:24.755	0.95891	0.95891			6
2024.03.13	00:22:25.998	0.95890	0.95890			6
2024.03.13	00:22:26.497	0.95891	0.95891			6
2024.03.13	00:22:29.108	0.95890	0.95890			6
2024.03.13	00:22:29.853	0.95891	0.95891			6
2024.03.13	00:22:30.128	0.95890	0.95890			6
2024.03.13	00:22:31.671	0.95889	0.95889			6
2024.03.13	00:22:31.970	0.95890	0.95890			6
2024.03.13	00:22:33.006	0.95889	0.95889			6
2024.03.13	00:22:39.175	0.95888	0.95888			6
2024.03.13	00:22:39.235	0.95887	0.95887			6
2024.03.13	00:22:39.266	0.95889	0.95889			6
2024.03.13	00:22:41.421	0.95888	0.95888			6
2024.03.13	00:22:42.273	0.95889	0.95889			6
2024.03.13	00:22:51.680	0.95888	0.95888			6
2024.03.13	00:22:52.312	0.95889	0.95889			6
2024.03.13	00:22:59.322	0.95887	0.95887			6
2024.03.13	00:23:00.813	0.95887				2
2024.03.13	00:23:02.012	0.95889	0.95889			6
2024.03.13	00:23:02.823	0.95887	0.95887			6
2024.03.13	00:23:03.097	0.95888	0.95888			6
2024.03.13	00:23:03.693	0.95889	0.95889			6
2024.03.13	00:23:12.732	0.95887	0.95887			6
2024.03.13	00:23:13.401	0.95889	0.95889			6
2024.03.13	00:23:19.468	0.95888	0.95888			6
2024.03.13	00:23:19.589	0.95889	0.95889			6
2024.03.13	00:23:20.050	0.95888	0.95888			6
2024.03.13	00:23:33.171	0.95889	0.95889			6
2024.03.13	00:23:33.522	0.95888	0.95888			6
2024.03.13	00:23:34.256	0.95889	0.95889			6
2024.03.13	00:23:34.559	0.95888	0.95888			6
2024.03.13	00:23:36.455	0.95889	0.95889			6
2024.03.13	00:23:36.736	0.95888	0.95888			6
2024.03.13	00:23:37.527	0.95889	0.95889			6
2024.03.13	00:23:39.742	0.95888	0.95888			6
2024.03.13	00:23:41.073	0.95889	0.95889			6
2024.03.13	00:23:58.397	0.95890	0.95890			6
2024.03.13	00:23:59.737	0.95889	0.95889			6
2024.03.13	00:24:00.366	0.95889				2
2024.03.13	00:24:02.547	0.95890	0.95890			6
2024.03.13	00:24:02.891	0.95889	0.95889			6
2024.03.13	00:24:07.736	0.95890	0.95890			6
2024.03.13	00:24:10.850	0.95889	0.95889			6
2024.03.13	00:24:37.008	0.95888	0.95888			6
2024.03.13	00:24:41.105	0.95889	0.95889			6
2024.03.13	00:24:50.999	0.95887	0.95887			6
2024.03.13	00:24:51.028	0.95888	0.95888			6
2024.03.13	00:24:52.007	0.95889	0.95889			6
2024.03.13	00:24:58.242	0.95888	0.95888			6
2024.03.13	00:25:04.216	0.95888				2
2024.03.13	00:25:08.598	0.95889	0.95889			6
2024.03.13	00:25:09.745	0.95888	0.95888			6
2024.03.13	00:25:11.057	0.95889	0.95889			6
2024.03.13	00:25:11.143	0.95887	0.95887			6
2024.03.13	00:25:11.203	0.95888	0.95888			6
2024.03.13	00:25:11.428	0.95889	0.95889			6
2024.03.13	00:25:12.886	0.95888	0.95888			6
2024.03.13	00:25:15.351	0.95889	0.95889			6
2024.03.13	00:25:15.477	0.95888	0.95888			6
2024.03.13	00:25:16.396	0.95889	0.95889			6
2024.03.13	00:25:16.659	0.95888	0.95888			6
2024.03.13	00:25:18.481	0.95889	0.95889			6
2024.03.13	00:25:19.167	0.95888	0.95888			6
2024.03.13	00:25:19.383	0.95889	0.95889			6
2024.03.13	00:25:20.677	0.95888	0.95888			6
2024.03.13	00:25:21.398	0.95886	0.95886			6
2024.03.13	00:25:21.428	0.95887	0.95887			6
2024.03.13	00:25:21.518	0.95889	0.95889			6
2024.03.13	00:25:22.195	0.95888	0.95888			6
2024.03.13	00:25:22.767	0.95889	0.95889			6
2024.03.13	00:25:23.570	0.95888	0.95888			6
2024.03.13	00:25:31.553	0.95885	0.95885			6
2024.03.13	00:25:31.582	0.95887	0.95887			6
2024.03.13	00:25:32.366	0.95888	0.95888			6
2024.03.13	00:26:02.152	0.95887	0.95887			6
2024.03.13	00:26:08.307	0.95888	0.95888			6
2024.03.13	00:26:28.866	0.95889	0.95889			6
2024.03.13	00:26:28.957	0.95890	0.95890			6
2024.03.13	00:26:29.473	0.95889	0.95889			6
2024.03.13	00:26:59.079	0.95894	0.95894			6
2024.03.13	00:26:59.110	0.95895	0.95895			6
2024.03.13	00:26:59.575	0.95896	0.95896			6
2024.03.13	00:27:00.080	0.95897	0.95897			6
2024.03.13	00:27:03.554	0.95898	0.95898			6
2024.03.13	00:27:03.991	0.95897	0.95897			6
2024.03.13	00:27:27.943	0.95898	0.95898			6
2024.03.13	00:27:30.729	0.95897	0.95897			6
2024.03.13	00:27:37.541	0.95896	0.95896			6
2024.03.13	00:27:39.141	0.95897	0.95897			6
2024.03.13	00:27:49.278	0.95896	0.95896			6
2024.03.13	00:27:49.367	0.95897	0.95897			6
2024.03.13	00:28:15.139	0.95897				2
2024.03.13	00:28:32.382	0.95896	0.95896			6
2024.03.13	00:28:34.504	0.95895	0.95895			6
2024.03.13	00:28:49.581	0.95896	0.95896			6
2024.03.13	00:29:04.684	0.95895	0.95895			6
2024.03.13	00:29:04.714	0.95893	0.95893			6
2024.03.13	00:29:04.774	0.95894	0.95894			6
2024.03.13	00:29:04.863	0.95893	0.95893			6
2024.03.13	00:29:04.923	0.95894	0.95894			6
2024.03.13	00:29:04.954	0.95896	0.95896			6
2024.03.13	00:29:05.194	0.95895	0.95895			6
2024.03.13	00:29:05.224	0.95896	0.95896			6
2024.03.13	00:29:06.201	0.95895	0.95895			6
2024.03.13	00:29:14.847	0.95892	0.95892			6
2024.03.13	00:29:14.878	0.95893	0.95893			6
2024.03.13	00:29:14.908	0.95895	0.95895			6
2024.03.13	00:29:15.418	0.95894	0.95894			6
2024.03.13	00:29:18.311	0.95893	0.95893			6
2024.03.13	00:29:18.613	0.95894	0.95894			6
2024.03.13	00:29:45.601	0.95895	0.95895			6
2024.03.13	00:30:00.221	0.95895				2
2024.03.13	00:30:03.252	0.95894	0.95894			6
2024.03.13	00:30:05.133	0.95895	0.95895			6
2024.03.13	00:30:05.404	0.95893	0.95893			6
2024.03.13	00:30:06.851	0.95895	0.95895			6
2024.03.13	00:30:15.253	0.95894	0.95894			6
2024.03.13	00:30:16.306	0.95895	0.95895			6
2024.03.13	00:30:35.724	0.95894	0.95894			6
2024.03.13	00:30:36.237	0.95895	0.95895			6
2024.03.13	00:30:46.974	0.95896	0.95896			6
2024.03.13	00:30:47.397	0.95895	0.95895			6
2024.03.13	00:30:48.422	0.95896	0.95896			6
2024.03.13	00:30:50.091	0.95895	0.95895			6
2024.03.13	00:31:01.196	0.95895				2
2024.03.13	00:31:22.663	0.95894	0.95894			6
2024.03.13	00:31:25.728	0.95895	0.95895			6
2024.03.13	00:31:27.787	0.95894	0.95894			6
2024.03.13	00:31:28.836	0.95895	0.95895			6
2024.03.13	00:31:29.296	0.95894	0.95894			6
2024.03.13	00:31:29.861	0.95895	0.95895			6
2024.03.13	00:31:36.228	0.95894	0.95894			6
2024.03.13	00:31:38.562	0.95895	0.95895			6
2024.03.13	00:31:40.532	0.95894	0.95894			6
2024.03.13	00:31:58.022	0.95895	0.95895			6
2024.03.13	00:32:02.155	0.95895				2
2024.03.13	00:32:03.167	0.95894	0.95894			6
2024.03.13	00:32:03.613	0.95895	0.95895			6
2024.03.13	00:32:18.081	0.95894	0.95894			6
2024.03.13	00:32:18.825	0.95895	0.95895			6
2024.03.13	00:32:21.200	0.95894	0.95894			6
2024.03.13	00:32:24.468	0.95895	0.95895			6
2024.03.13	00:32:25.471	0.95894	0.95894			6
2024.03.13	00:32:29.249	0.95895	0.95895			6
2024.03.13	00:32:29.505	0.95894	0.95894			6
2024.03.13	00:32:31.097	0.95895	0.95895			6
2024.03.13	00:32:31.567	0.95894	0.95894			6
2024.03.13	00:32:32.306	0.95895	0.95895			6
2024.03.13	00:32:32.603	0.95894	0.95894			6
2024.03.13	00:32:33.441	0.95895	0.95895			6
2024.03.13	00:32:33.751	0.95894	0.95894			6
2024.03.13	00:32:34.060	0.95895	0.95895			6
2024.03.13	00:32:35.251	0.95894	0.95894			6
2024.03.13	00:32:36.210	0.95895	0.95895			6
2024.03.13	00:32:36.723	0.95894	0.95894			6
2024.03.13	00:32:37.135	0.95895	0.95895			6
2024.03.13	00:32:37.166	0.95894	0.95894			6
2024.03.13	00:32:57.419	0.95895	0.95895			6
2024.03.13	00:33:02.082	0.95894	0.95894			6
2024.03.13	00:33:04.481	0.95895	0.95895			6
2024.03.13	00:33:05.123	0.95894	0.95894			6
2024.03.13	00:33:10.752	0.95895	0.95895			6
2024.03.13	00:33:11.325	0.95894	0.95894			6
2024.03.13	00:33:11.660	0.95895	0.95895			6
2024.03.13	00:33:12.352	0.95894	0.95894			6
2024.03.13	00:33:12.661	0.95895	0.95895			6
2024.03.13	00:33:14.429	0.95894	0.95894			6
2024.03.13	00:33:14.682	0.95895	0.95895			6
2024.03.13	00:33:16.522	0.95894	0.95894			6
2024.03.13	00:33:16.823	0.95895	0.95895			6
2024.03.13	00:33:17.692	0.95892	0.95892			6
2024.03.13	00:33:17.721	0.95893	0.95893			6
2024.03.13	00:33:18.213	0.95894	0.95894			6
2024.03.13	00:34:06.055	0.95895	0.95895			6
2024.03.13	00:34:06.921	0.95896	0.95896			6
2024.03.13	00:34:23.242	0.95897	0.95897			6
2024.03.13	00:34:23.855	0.95896	0.95896			6
2024.03.13	00:34:50.976	0.95894	0.95894			6
2024.03.13	00:34:53.402	0.95895	0.95895			6
2024.03.13	00:34:58.972	0.95893	0.95893			6
2024.03.13	00:34:59.001	0.95895	0.95895			6
2024.03.13	00:34:59.336	0.95894	0.95894			6
2024.03.13	00:34:59.789	0.95896	0.95896			6
2024.03.13	00:35:02.549	0.95895	0.95895			6
2024.03.13	00:35:03.611	0.95896	0.95896			6
2024.03.13	00:35:03.850	0.95897	0.95897			6
2024.03.13	00:35:18.621	0.95896	0.95896			6
2024.03.13	00:35:24.370	0.95897	0.95897			6
2024.03.13	00:35:38.732	0.95896	0.95896			6
2024.03.13	00:35:39.224	0.95897	0.95897			6
2024.03.13	00:35:42.158	0.95896	0.95896			6
2024.03.13	00:35:42.783	0.95897	0.95897			6
2024.03.13	00:35:44.254	0.95896	0.95896			6
2024.03.13	00:35:44.941	0.95897	0.95897			6
2024.03.13	00:35:45.031	0.95896	0.95896			6
2024.03.13	00:35:45.553	0.95897	0.95897			6
2024.03.13	00:35:51.887	0.95896	0.95896			6
2024.03.13	00:35:54.047	0.95897	0.95897			6
2024.03.13	00:35:56.954	0.95896	0.95896			6
2024.03.13	00:35:57.236	0.95897	0.95897			6
2024.03.13	00:36:01.966	0.95896	0.95896			6
2024.03.13	00:36:02.327	0.95897	0.95897			6
2024.03.13	00:36:03.401	0.95895	0.95895			6
2024.03.13	00:36:09.865	0.95893	0.95893			6
2024.03.13	00:36:09.925	0.95894	0.95894			6
2024.03.13	00:36:10.340	0.95895	0.95895			6
2024.03.13	00:36:16.191	0.95894	0.95894			6
2024.03.13	00:36:17.110	0.95895	0.95895			6
2024.03.13	00:36:31.008	0.95894	0.95894			6
2024.03.13	00:36:31.198	0.95893	0.95893			6
2024.03.13	00:36:36.410	0.95894	0.95894			6
2024.03.13	00:36:37.077	0.95893	0.95893			6
2024.03.13	00:36:37.594	0.95894	0.95894			6
2024.03.13	00:36:59.981	0.95896	0.95896			6
2024.03.13	00:37:00.311	0.95893	0.95893			6
2024.03.13	00:37:00.341	0.95894	0.95894			6
2024.03.13	00:37:00.673	0.95895	0.95895			6
2024.03.13	00:37:01.010	0.95896	0.95896			6
2024.03.13	00:37:01.658	0.95895	0.95895			6
2024.03.13	00:37:02.322	0.95896	0.95896			6
2024.03.13	00:37:04.503	0.95897	0.95897			6
2024.03.13	00:37:04.685	0.95894	0.95894			6
2024.03.13	00:37:04.713	0.95893	0.95893			6
2024.03.13	00:37:14.695	0.95894	0.95894			6
2024.03.13	00:37:16.175	0.95893	0.95893			6
2024.03.13	00:37:16.518	0.95894	0.95894			6
2024.03.13	00:37:19.606	0.95893	0.95893			6
2024.03.13	00:37:22.180	0.95894	0.95894			6
2024.03.13	00:37:23.743	0.95893	0.95893			6
2024.03.13	00:37:57.330	0.95894	0.95894			6
2024.03.13	00:38:04.860	0.95893	0.95893			6
2024.03.13	00:38:05.193	0.95894	0.95894			6
2024.03.13	00:38:05.612	0.95893	0.95893			6
2024.03.13	00:38:06.251	0.95894	0.95894			6
2024.03.13	00:38:06.681	0.95893	0.95893			6
2024.03.13	00:38:34.744	0.95894	0.95894			6
2024.03.13	00:38:43.069	0.95893	0.95893			6
2024.03.13	00:39:58.505	0.95893	0.95893			6
2024.03.13	00:40:02.350	0.95891	0.95891			6
2024.03.13	00:40:02.684	0.95892	0.95892			6
2024.03.13	00:40:04.601	0.95893	0.95893			6
2024.03.13	00:40:21.118	0.95895	0.95895			6
2024.03.13	00:40:21.148	0.95893	0.95893			6
2024.03.13	00:40:29.599	0.95895	0.95895			6
2024.03.13	00:40:29.629	0.95893	0.95893			6
2024.03.13	00:40:34.762	0.95890	0.95890			6
2024.03.13	00:40:34.793	0.95892	0.95892			6
2024.03.13	00:40:35.130	0.95893	0.95893			6
2024.03.13	00:40:55.036	0.95895	0.95895			6
2024.03.13	00:40:55.066	0.95893	0.95893			6
2024.03.13	00:41:05.050	0.95892	0.95892			6
2024.03.13	00:41:05.079	0.95893	0.95893			6
2024.03.13	00:41:20.437	0.95892	0.95892			6
2024.03.13	00:41:20.496	0.95893	0.95893			6
2024.03.13	00:41:20.526	0.95892	0.95892			6
2024.03.13	00:41:21.812	0.95893	0.95893			6
2024.03.13	00:41:21.872	0.95892	0.95892			6
2024.03.13	00:41:22.656	0.95893	0.95893			6
2024.03.13	00:42:00.133	0.95891	0.95891			6
2024.03.13	00:42:00.161	0.95892	0.95892			6
2024.03.13	00:42:00.250	0.95893	0.95893			6
2024.03.13	00:42:00.601	0.95892	0.95892			6
2024.03.13	00:42:02.280	0.95893	0.95893			6
2024.03.13	00:42:08.496	0.95892	0.95892			6
2024.03.13	00:42:14.810	0.95893	0.95893			6
2024.03.13	00:42:20.400	0.95892	0.95892			6
2024.03.13	00:42:21.941	0.95893	0.95893			6
2024.03.13	00:42:23.280	0.95892	0.95892			6
2024.03.13	00:42:25.027	0.95893	0.95893			6
2024.03.13	00:42:39.704	0.95892	0.95892			6
2024.03.13	00:42:57.076	0.95893	0.95893			6
2024.03.13	00:42:58.122	0.95892	0.95892			6
2024.03.13	00:42:58.356	0.95887	0.95887			6
2024.03.13	00:42:58.415	0.95889	0.95889			6
2024.03.13	00:43:01.390	0.95888	0.95888			6
2024.03.13	00:43:01.420	0.95887	0.95887			6
2024.03.13	00:43:01.793	0.95886	0.95886			6
2024.03.13	00:43:01.942	0.95887	0.95887			6
2024.03.13	00:43:02.932	0.95888	0.95888			6
2024.03.13	00:43:03.022	0.95887	0.95887			6
2024.03.13	00:43:03.886	0.95888	0.95888			6
2024.03.13	00:43:04.195	0.95887	0.95887			6
2024.03.13	00:43:04.450	0.95888	0.95888			6
2024.03.13	00:43:23.371	0.95887	0.95887			6
2024.03.13	00:43:24.299	0.95888	0.95888			6
2024.03.13	00:43:25.051	0.95887	0.95887			6
2024.03.13	00:43:29.219	0.95888	0.95888			6
2024.03.13	00:43:30.496	0.95887	0.95887			6
2024.03.13	00:43:34.376	0.95886	0.95886			6
2024.03.13	00:43:35.030	0.95887	0.95887			6
2024.03.13	00:43:36.226	0.95888	0.95888			6
2024.03.13	00:43:36.256	0.95887	0.95887			6
2024.03.13	00:43:44.690	0.95888	0.95888			6
2024.03.13	00:43:44.719	0.95887	0.95887			6
2024.03.13	00:43:48.336	0.95884	0.95884			6
2024.03.13	00:43:48.365	0.95885	0.95885			6
2024.03.13	00:43:48.919	0.95886	0.95886			6
2024.03.13	00:43:53.074	0.95887	0.95887			6
2024.03.13	00:43:53.174	0.95888	0.95888			6
2024.03.13	00:43:53.203	0.95887	0.95887			6
2024.03.13	00:44:01.119	0.95886	0.95886			6
2024.03.13	00:44:10.151	0.95888	0.95888			6
2024.03.13	00:44:10.181	0.95886	0.95886			6
2024.03.13	00:44:17.968	0.95887	0.95887			6
2024.03.13	00:44:17.998	0.95886	0.95886			6
2024.03.13	00:44:18.628	0.95888	0.95888			6
2024.03.13	00:44:18.658	0.95886	0.95886			6
2024.03.13	00:44:27.123	0.95888	0.95888			6
2024.03.13	00:44:27.152	0.95886	0.95886			6
2024.03.13	00:44:34.458	0.95887	0.95887			6
2024.03.13	00:44:35.587	0.95888	0.95888			6
2024.03.13	00:44:35.617	0.95887	0.95887			6
2024.03.13	00:44:35.839	0.95888	0.95888			6
2024.03.13	00:44:36.588	0.95887	0.95887			6
2024.03.13	00:44:44.097	0.95888	0.95888			6
2024.03.13	00:44:44.127	0.95887	0.95887			6
2024.03.13	00:44:45.180	0.95886	0.95886			6
2024.03.13	00:44:45.210	0.95885	0.95885			6
2024.03.13	00:44:45.302	0.95886	0.95886			6
2024.03.13	00:44:46.071	0.95885	0.95885			6
2024.03.13	00:44:49.792	0.95884	0.95884			6
2024.03.13	00:44:50.494	0.95885	0.95885			6
2024.03.13	00:44:50.776	0.95884	0.95884			6
2024.03.13	00:44:52.558	0.95886	0.95886			6
2024.03.13	00:44:52.589	0.95884	0.95884			6
2024.03.13	00:44:57.904	0.95885	0.95885			6
2024.03.13	00:44:58.293	0.95884	0.95884			6
2024.03.13	00:44:59.290	0.95885	0.95885			6
2024.03.13	00:44:59.595	0.95884	0.95884			6
2024.03.13	00:45:00.087	0.95885	0.95885			6
2024.03.13	00:45:00.116	0.95881	0.95881			6
2024.03.13	00:45:00.326	0.95882	0.95882			6
2024.03.13	00:45:00.474	0.95883	0.95883			6
2024.03.13	00:45:01.486	0.95882	0.95882			6
2024.03.13	00:45:12.113	0.95883	0.95883			6
2024.03.13	00:45:16.450	0.95884	0.95884			6
2024.03.13	00:45:16.554	0.95883	0.95883			6
2024.03.13	00:45:17.426	0.95884	0.95884			6
2024.03.13	00:45:17.516	0.95883	0.95883			6
2024.03.13	00:45:26.169	0.95882	0.95882			6
2024.03.13	00:45:37.557	0.95881	0.95881			6
2024.03.13	00:45:47.918	0.95882	0.95882			6
2024.03.13	00:45:48.449	0.95883	0.95883			6
2024.03.13	00:45:57.924	0.95882	0.95882			6
2024.03.13	00:46:00.439	0.95882				2
2024.03.13	00:46:00.620	0.95883	0.95883			6
2024.03.13	00:46:02.665	0.95882	0.95882			6
2024.03.13	00:46:10.718	0.95881	0.95881			6
2024.03.13	00:46:10.868	0.95883	0.95883			6
2024.03.13	00:46:16.086	0.95882	0.95882			6
2024.03.13	00:46:17.403	0.95884	0.95884			6
2024.03.13	00:46:17.433	0.95882	0.95882			6
2024.03.13	00:46:21.979	0.95883	0.95883			6
2024.03.13	00:46:25.866	0.95884	0.95884			6
2024.03.13	00:46:25.896	0.95883	0.95883			6
2024.03.13	00:46:27.073	0.95882	0.95882			6
2024.03.13	00:46:32.758	0.95883	0.95883			6
2024.03.13	00:46:33.816	0.95882	0.95882			6
2024.03.13	00:46:38.298	0.95883	0.95883			6
2024.03.13	00:46:42.849	0.95884	0.95884			6
2024.03.13	00:46:42.879	0.95883	0.95883			6
2024.03.13	00:46:47.456	0.95882	0.95882			6
2024.03.13	00:46:51.321	0.95884	0.95884			6
2024.03.13	00:46:51.351	0.95882	0.95882			6
2024.03.13	00:46:52.328	0.95883	0.95883			6
2024.03.13	00:46:55.819	0.95882	0.95882			6
2024.03.13	00:46:59.806	0.95884	0.95884			6
2024.03.13	00:46:59.836	0.95882	0.95882			6
2024.03.13	00:47:00.429	0.95882				2
2024.03.13	00:47:08.283	0.95884	0.95884			6
2024.03.13	00:47:08.313	0.95882	0.95882			6
2024.03.13	00:47:10.818	0.95881	0.95881			6
2024.03.13	00:47:13.644	0.95882	0.95882			6
2024.03.13	00:47:13.763	0.95883	0.95883			6
2024.03.13	00:47:19.745	0.95884	0.95884			6
2024.03.13	00:47:20.650	0.95883	0.95883			6
2024.03.13	00:47:25.249	0.95885	0.95885			6
2024.03.13	00:47:25.279	0.95883	0.95883			6
2024.03.13	00:47:25.634	0.95884	0.95884			6
2024.03.13	00:47:27.059	0.95883	0.95883			6
2024.03.13	00:47:27.269	0.95884	0.95884			6
2024.03.13	00:47:28.239	0.95883	0.95883			6
2024.03.13	00:47:28.506	0.95884	0.95884			6
2024.03.13	00:47:28.836	0.95883	0.95883			6
2024.03.13	00:47:30.303	0.95884	0.95884			6
2024.03.13	00:47:30.739	0.95883	0.95883			6
2024.03.13	00:47:33.734	0.95885	0.95885			6
2024.03.13	00:47:33.763	0.95883	0.95883			6
2024.03.13	00:47:42.237	0.95884	0.95884			6
2024.03.13	00:47:42.266	0.95883	0.95883			6
2024.03.13	00:47:44.854	0.95881	0.95881			6
2024.03.13	00:47:44.921	0.95880	0.95880			6
2024.03.13	00:47:44.981	0.95879	0.95879			6
2024.03.13	00:47:51.758	0.95880	0.95880			6
2024.03.13	00:47:51.848	0.95877	0.95877			6
2024.03.13	00:47:51.879	0.95876	0.95876			6
2024.03.13	00:47:52.180	0.95875	0.95875			6
2024.03.13	00:47:52.362	0.95874	0.95874			6
2024.03.13	00:47:52.511	0.95873	0.95873			6
2024.03.13	00:47:59.198	0.95874	0.95874			6
2024.03.13	00:47:59.228	0.95873	0.95873			6
2024.03.13	00:48:00.404	0.95874	0.95874			6
2024.03.13	00:48:01.109	0.95873	0.95873			6
2024.03.13	00:48:03.302	0.95874	0.95874			6
2024.03.13	00:48:04.464	0.95873	0.95873			6
2024.03.13	00:48:07.673	0.95875	0.95875			6
2024.03.13	00:48:07.703	0.95873	0.95873			6
2024.03.13	00:48:07.888	0.95874	0.95874			6
2024.03.13	00:48:10.978	0.95873	0.95873			6
2024.03.13	00:48:12.804	0.95874	0.95874			6
2024.03.13	00:48:18.912	0.95873	0.95873			6
2024.03.13	00:48:19.939	0.95874	0.95874			6
2024.03.13	00:48:21.509	0.95873	0.95873			6
2024.03.13	00:48:23.519	0.95874	0.95874			6
2024.03.13	00:48:24.628	0.95876	0.95876			6
2024.03.13	00:48:24.657	0.95874	0.95874			6
2024.03.13	00:48:30.472	0.95875	0.95875			6
2024.03.13	00:48:30.772	0.95876	0.95876			6
2024.03.13	00:48:33.119	0.95877	0.95877			6
2024.03.13	00:48:33.150	0.95876	0.95876			6
2024.03.13	00:48:35.194	0.95875	0.95875			6
2024.03.13	00:48:42.399	0.95876	0.95876			6
2024.03.13	00:48:43.402	0.95875	0.95875			6
2024.03.13	00:48:46.400	0.95876	0.95876			6
2024.03.13	00:48:53.663	0.95875	0.95875			6
2024.03.13	00:48:54.280	0.95876	0.95876			6
2024.03.13	00:48:59.225	0.95875	0.95875			6
2024.03.13	00:49:00.215	0.95873	0.95873			6
2024.03.13	00:49:07.069	0.95875	0.95875			6
2024.03.13	00:49:07.099	0.95873	0.95873			6
2024.03.13	00:49:08.412	0.95874	0.95874			6
2024.03.13	00:49:08.750	0.95875	0.95875			6
2024.03.13	00:49:10.958	0.95874	0.95874			6
2024.03.13	00:49:13.011	0.95875	0.95875			6
2024.03.13	00:49:13.585	0.95874	0.95874			6
2024.03.13	00:49:14.296	0.95875	0.95875			6
2024.03.13	00:49:20.060	0.95876	0.95876			6
2024.03.13	00:49:20.310	0.95875	0.95875			6
2024.03.13	00:49:23.261	0.95873	0.95873			6
2024.03.13	00:49:24.014	0.95875	0.95875			6
2024.03.13	00:49:24.045	0.95873	0.95873			6
2024.03.13	00:49:28.657	0.95874	0.95874			6
2024.03.13	00:49:30.736	0.95875	0.95875			6
2024.03.13	00:49:32.504	0.95877	0.95877			6
2024.03.13	00:49:32.534	0.95875	0.95875			6
2024.03.13	00:49:32.977	0.95874	0.95874			6
2024.03.13	00:49:34.098	0.95873	0.95873			6
2024.03.13	00:49:35.078	0.95876	0.95876			6
2024.03.13	00:49:35.379	0.95875	0.95875			6
2024.03.13	00:49:40.978	0.95877	0.95877			6
2024.03.13	00:49:41.008	0.95875	0.95875			6
2024.03.13	00:49:49.457	0.95877	0.95877			6
2024.03.13	00:49:49.488	0.95875	0.95875			6
2024.03.13	00:49:54.172	0.95873	0.95873			6
2024.03.13	00:49:57.950	0.95875	0.95875			6
2024.03.13	00:49:57.979	0.95873	0.95873			6
2024.03.13	00:50:00.154	0.95873				2
2024.03.13	00:50:05.208	0.95872	0.95872			6
2024.03.13	00:50:06.439	0.95874	0.95874			6
2024.03.13	00:50:06.469	0.95872	0.95872			6
2024.03.13	00:50:17.592	0.95871	0.95871			6
2024.03.13	00:50:18.963	0.95872	0.95872			6
2024.03.13	00:50:23.280	0.95870	0.95870			6
2024.03.13	00:50:30.196	0.95869	0.95869			6
2024.03.13	00:50:30.449	0.95870	0.95870			6
2024.03.13	00:50:32.885	0.95869	0.95869			6
2024.03.13	00:50:33.416	0.95868	0.95868			6
2024.03.13	00:50:34.187	0.95869	0.95869			6
2024.03.13	00:50:52.936	0.95868	0.95868			6
2024.03.13	00:50:53.177	0.95867	0.95867			6
2024.03.13	00:50:59.026	0.95868	0.95868			6
2024.03.13	00:50:59.058	0.95867	0.95867			6
2024.03.13	00:50:59.086	0.95866	0.95866			6
2024.03.13	00:50:59.116	0.95868	0.95868			6
2024.03.13	00:50:59.418	0.95869	0.95869			6
2024.03.13	00:51:00.040	0.95869				2
2024.03.13	00:51:00.130	0.95868	0.95868			6
2024.03.13	00:51:00.160	0.95867	0.95867			6
2024.03.13	00:51:00.312	0.95866	0.95866			6
2024.03.13	00:51:13.639	0.95867	0.95867			6
2024.03.13	00:51:13.669	0.95868	0.95868			6
2024.03.13	00:51:13.760	0.95867	0.95867			6
2024.03.13	00:51:13.880	0.95868	0.95868			6
2024.03.13	00:51:13.970	0.95867	0.95867			6
2024.03.13	00:51:14.212	0.95868	0.95868			6
2024.03.13	00:51:15.005	0.95867	0.95867			6
2024.03.13	00:51:16.994	0.95868	0.95868			6
2024.03.13	00:51:17.265	0.95869	0.95869			6
2024.03.13	00:51:20.173	0.95868	0.95868			6
2024.03.13	00:51:22.115	0.95869	0.95869			6
2024.03.13	00:51:23.898	0.95870	0.95870			6
2024.03.13	00:51:23.957	0.95871	0.95871			6
2024.03.13	00:51:24.167	0.95869	0.95869			6
2024.03.13	00:51:29.517	0.95870	0.95870			6
2024.03.13	00:51:30.001	0.95869	0.95869			6
2024.03.13	00:51:30.568	0.95870	0.95870			6
2024.03.13	00:51:35.505	0.95871	0.95871			6
2024.03.13	00:51:35.742	0.95870	0.95870			6
2024.03.13	00:51:39.757	0.95873	0.95873			6
2024.03.13	00:51:39.786	0.95870	0.95870			6
2024.03.13	00:51:40.276	0.95869	0.95869			6
2024.03.13	00:51:40.336	0.95868	0.95868			6
2024.03.13	00:51:45.140	0.95867	0.95867			6
2024.03.13	00:51:45.321	0.95866	0.95866			6
2024.03.13	00:51:47.247	0.95867	0.95867			6
2024.03.13	00:51:48.179	0.95866	0.95866			6
2024.03.13	00:51:48.240	0.95868	0.95868			6
2024.03.13	00:51:48.269	0.95866	0.95866			6
2024.03.13	00:51:48.647	0.95867	0.95867			6
2024.03.13	00:51:48.919	0.95866	0.95866			6
2024.03.13	00:51:48.949	0.95864	0.95864			6
2024.03.13	00:51:48.978	0.95863	0.95863			6
2024.03.13	00:51:49.866	0.95862	0.95862			6
2024.03.13	00:51:53.001	0.95861	0.95861			6
2024.03.13	00:51:53.897	0.95862	0.95862			6
2024.03.13	00:51:54.108	0.95861	0.95861			6
2024.03.13	00:51:55.020	0.95862	0.95862			6
2024.03.13	00:51:55.171	0.95861	0.95861			6
2024.03.13	00:51:56.064	0.95862	0.95862			6
2024.03.13	00:51:56.187	0.95861	0.95861			6
2024.03.13	00:51:56.725	0.95863	0.95863			6
2024.03.13	00:51:56.756	0.95861	0.95861			6
2024.03.13	00:51:56.785	0.95862	0.95862			6
2024.03.13	00:51:56.875	0.95861	0.95861			6
2024.03.13	00:51:57.867	0.95862	0.95862			6
2024.03.13	00:51:58.017	0.95861	0.95861			6
2024.03.13	00:51:58.881	0.95862	0.95862			6
2024.03.13	00:51:59.016	0.95861	0.95861			6
2024.03.13	00:51:59.940	0.95862	0.95862			6
2024.03.13	00:52:00.209	0.95861	0.95861			6
2024.03.13	00:52:01.107	0.95862	0.95862			6
2024.03.13	00:52:04.757	0.95861	0.95861			6
2024.03.13	00:52:05.102	0.95862	0.95862			6
2024.03.13	00:52:05.204	0.95865	0.95865			6
2024.03.13	00:52:05.233	0.95862	0.95862			6
2024.03.13	00:52:09.538	0.95861	0.95861			6
2024.03.13	00:52:11.009	0.95862	0.95862			6
2024.03.13	00:52:11.750	0.95861	0.95861			6
2024.03.13	00:52:12.080	0.95862	0.95862			6
2024.03.13	00:52:12.920	0.95861	0.95861			6
2024.03.13	00:52:13.681	0.95864	0.95864			6
2024.03.13	00:52:13.711	0.95861	0.95861			6
2024.03.13	00:52:14.819	0.95862	0.95862			6
2024.03.13	00:52:15.138	0.95861	0.95861			6
2024.03.13	00:52:15.694	0.95862	0.95862			6
2024.03.13	00:52:16.936	0.95863	0.95863			6
2024.03.13	00:52:17.087	0.95862	0.95862			6
2024.03.13	00:52:18.654	0.95861	0.95861			6
2024.03.13	00:52:18.938	0.95862	0.95862			6
2024.03.13	00:52:22.154	0.95864	0.95864			6
2024.03.13	00:52:22.184	0.95862	0.95862			6
2024.03.13	00:52:24.842	0.95864	0.95864			6
2024.03.13	00:52:24.873	0.95865	0.95865			6
2024.03.13	00:52:25.144	0.95864	0.95864			6
2024.03.13	00:52:30.658	0.95866	0.95866			6
2024.03.13	00:52:30.689	0.95864	0.95864			6
2024.03.13	00:52:34.879	0.95863	0.95863			6
2024.03.13	00:52:39.121	0.95865	0.95865			6
2024.03.13	00:52:39.150	0.95863	0.95863			6
2024.03.13	00:52:41.425	0.95864	0.95864			6
2024.03.13	00:52:42.995	0.95863	0.95863			6
2024.03.13	00:52:44.733	0.95864	0.95864			6
2024.03.13	00:52:47.963	0.95863	0.95863			6
2024.03.13	00:52:48.249	0.95862	0.95862			6
2024.03.13	00:52:55.725	0.95863	0.95863			6
2024.03.13	00:52:56.075	0.95862	0.95862			6
2024.03.13	00:52:56.105	0.95864	0.95864			6
2024.03.13	00:52:56.135	0.95862	0.95862			6
2024.03.13	00:52:58.070	0.95861	0.95861			6
2024.03.13	00:52:58.257	0.95862	0.95862			6
2024.03.13	00:52:58.377	0.95861	0.95861			6
2024.03.13	00:53:00.324	0.95861				2
2024.03.13	00:53:04.566	0.95863	0.95863			6
2024.03.13	00:53:04.595	0.95861	0.95861			6
2024.03.13	00:53:05.078	0.95860	0.95860			6
2024.03.13	00:53:05.391	0.95861	0.95861			6
2024.03.13	00:53:17.972	0.95860	0.95860			6
2024.03.13	00:53:21.533	0.95863	0.95863			6
2024.03.13	00:53:21.563	0.95860	0.95860			6
2024.03.13	00:53:22.116	0.95861	0.95861			6
2024.03.13	00:53:22.982	0.95860	0.95860			6
2024.03.13	00:53:23.641	0.95861	0.95861			6
2024.03.13	00:53:23.852	0.95860	0.95860			6
2024.03.13	00:53:25.856	0.95861	0.95861			6
2024.03.13	00:53:26.517	0.95860	0.95860			6
2024.03.13	00:53:27.913	0.95861	0.95861			6
2024.03.13	00:53:29.748	0.95860	0.95860			6
2024.03.13	00:53:30.026	0.95862	0.95862			6
2024.03.13	00:53:30.056	0.95860	0.95860			6
2024.03.13	00:53:30.803	0.95861	0.95861			6
2024.03.13	00:53:31.921	0.95860	0.95860			6
2024.03.13	00:53:32.198	0.95861	0.95861			6
2024.03.13	00:53:32.875	0.95860	0.95860			6
2024.03.13	00:53:34.003	0.95861	0.95861			6
2024.03.13	00:53:35.579	0.95862	0.95862			6
2024.03.13	00:53:35.608	0.95864	0.95864			6
2024.03.13	00:53:35.669	0.95862	0.95862			6
2024.03.13	00:53:35.699	0.95861	0.95861			6
2024.03.13	00:53:35.730	0.95862	0.95862			6
2024.03.13	00:53:36.201	0.95863	0.95863			6
2024.03.13	00:53:36.706	0.95862	0.95862			6
2024.03.13	00:53:42.182	0.95860	0.95860			6
2024.03.13	00:53:44.055	0.95861	0.95861			6
2024.03.13	00:53:45.357	0.95862	0.95862			6
2024.03.13	00:53:46.989	0.95863	0.95863			6
2024.03.13	00:53:47.019	0.95862	0.95862			6
2024.03.13	00:53:47.079	0.95861	0.95861			6
2024.03.13	00:53:47.352	0.95862	0.95862			6
2024.03.13	00:53:48.343	0.95861	0.95861			6
2024.03.13	00:53:48.648	0.95862	0.95862			6
2024.03.13	00:53:49.078	0.95861	0.95861			6
2024.03.13	00:53:49.657	0.95862	0.95862			6
2024.03.13	00:53:51.024	0.95861	0.95861			6
2024.03.13	00:53:51.495	0.95862	0.95862			6
2024.03.13	00:53:52.798	0.95863	0.95863			6
2024.03.13	00:53:54.098	0.95862	0.95862			6
2024.03.13	00:53:56.426	0.95863	0.95863			6
2024.03.13	00:53:57.853	0.95862	0.95862			6
2024.03.13	00:53:58.796	0.95863	0.95863			6
2024.03.13	00:54:00.701	0.95862	0.95862			6
2024.03.13	00:54:02.422	0.95861	0.95861			6
2024.03.13	00:54:03.662	0.95862	0.95862			6
2024.03.13	00:54:03.956	0.95864	0.95864			6
2024.03.13	00:54:03.987	0.95862	0.95862			6
2024.03.13	00:54:09.254	0.95861	0.95861			6
2024.03.13	00:54:10.136	0.95862	0.95862			6
2024.03.13	00:54:11.054	0.95861	0.95861			6
2024.03.13	00:54:11.385	0.95862	0.95862			6
2024.03.13	00:54:12.404	0.95861	0.95861			6
2024.03.13	00:54:12.976	0.95863	0.95863			6
2024.03.13	00:54:16.310	0.95864	0.95864			6
2024.03.13	00:54:19.183	0.95863	0.95863			6
2024.03.13	00:54:20.932	0.95864	0.95864			6
2024.03.13	00:54:20.961	0.95863	0.95863			6
2024.03.13	00:54:21.405	0.95864	0.95864			6
2024.03.13	00:54:21.980	0.95865	0.95865			6
2024.03.13	00:54:22.550	0.95864	0.95864			6
2024.03.13	00:54:31.807	0.95863	0.95863			6
2024.03.13	00:54:37.902	0.95864	0.95864			6
2024.03.13	00:54:37.932	0.95863	0.95863			6
2024.03.13	00:54:46.383	0.95864	0.95864			6
2024.03.13	00:54:46.413	0.95863	0.95863			6
2024.03.13	00:54:50.140	0.95862	0.95862			6
2024.03.13	00:55:00.928	0.95862				2
2024.03.13	00:55:03.579	0.95861	0.95861			6
2024.03.13	00:55:03.610	0.95859	0.95859			6
2024.03.13	00:55:03.640	0.95858	0.95858			6
2024.03.13	00:55:10.168	0.95857	0.95857			6
2024.03.13	00:55:11.094	0.95858	0.95858			6
2024.03.13	00:55:11.336	0.95857	0.95857			6
2024.03.13	00:55:11.821	0.95858	0.95858			6
2024.03.13	00:55:11.851	0.95857	0.95857			6
2024.03.13	00:55:13.065	0.95855	0.95855			6
2024.03.13	00:55:13.095	0.95854	0.95854			6
2024.03.13	00:55:19.012	0.95855	0.95855			6
2024.03.13	00:55:21.166	0.95854	0.95854			6
2024.03.13	00:55:23.503	0.95855	0.95855			6
2024.03.13	00:55:27.369	0.95854	0.95854			6
2024.03.13	00:55:28.795	0.95855	0.95855			6
2024.03.13	00:55:28.823	0.95854	0.95854			6
2024.03.13	00:55:34.764	0.95855	0.95855			6
2024.03.13	00:55:35.462	0.95854	0.95854			6
2024.03.13	00:55:36.359	0.95855	0.95855			6
2024.03.13	00:55:52.111	0.95854	0.95854			6
2024.03.13	00:55:52.344	0.95855	0.95855			6
2024.03.13	00:55:54.397	0.95854	0.95854			6
2024.03.13	00:55:54.947	0.95855	0.95855			6
2024.03.13	00:56:00.463	0.95855				2
2024.03.13	00:56:02.627	0.95854	0.95854			6
2024.03.13	00:56:03.166	0.95855	0.95855			6
2024.03.13	00:56:06.073	0.95854	0.95854			6
2024.03.13	00:56:19.059	0.95859	0.95859			6
2024.03.13	00:56:19.090	0.95860	0.95860			6
2024.03.13	00:56:19.885	0.95859	0.95859			6
2024.03.13	00:56:20.258	0.95860	0.95860			6
2024.03.13	00:56:24.149	0.95865	0.95865			6
2024.03.13	00:56:24.449	0.95864	0.95864			6
2024.03.13	00:56:33.039	0.95863	0.95863			6
2024.03.13	00:56:33.307	0.95862	0.95862			6
2024.03.13	00:56:33.821	0.95863	0.95863			6
2024.03.13	00:56:35.372	0.95862	0.95862			6
2024.03.13	00:56:45.945	0.95863	0.95863			6
2024.03.13	00:56:52.059	0.95865	0.95865			6
2024.03.13	00:56:52.087	0.95868	0.95868			6
2024.03.13	00:56:52.364	0.95869	0.95869			6
2024.03.13	00:56:52.454	0.95868	0.95868			6
2024.03.13	00:56:52.702	0.95869	0.95869			6
2024.03.13	00:56:53.067	0.95868	0.95868			6
2024.03.13	00:57:01.300	0.95867	0.95867			6
2024.03.13	00:57:02.785	0.95868	0.95868			6
2024.03.13	00:57:13.772	0.95867	0.95867			6
2024.03.13	00:57:14.173	0.95868	0.95868			6
2024.03.13	00:57:14.926	0.95867	0.95867			6
2024.03.13	00:57:15.165	0.95868	0.95868			6
2024.03.13	00:57:16.791	0.95867	0.95867			6
2024.03.13	00:57:27.154	0.95868	0.95868			6
2024.03.13	00:57:41.088	0.95869	0.95869			6
2024.03.13	00:57:41.726	0.95868	0.95868			6
2024.03.13	00:58:04.281	0.95867	0.95867			6
2024.03.13	00:58:44.057	0.95868	0.95868			6
2024.03.13	00:58:45.084	0.95867	0.95867			6
2024.03.13	00:58:50.388	0.95866	0.95866			6
2024.03.13	00:58:50.418	0.95865	0.95865			6
2024.03.13	00:58:50.553	0.95866	0.95866			6
2024.03.13	00:58:50.857	0.95865	0.95865			6
2024.03.13	00:58:51.347	0.95864	0.95864			6
2024.03.13	00:58:52.377	0.95865	0.95865			6
2024.03.13	00:58:52.408	0.95864	0.95864			6
2024.03.13	00:58:54.801	0.95865	0.95865			6
2024.03.13	00:58:55.117	0.95864	0.95864			6
2024.03.13	00:58:55.847	0.95863	0.95863			6
2024.03.13	00:58:56.447	0.95865	0.95865			6
2024.03.13	00:59:00.016	0.95865				2
2024.03.13	00:59:00.856	0.95866	0.95866			6
2024.03.13	00:59:00.886	0.95865	0.95865			6
2024.03.13	00:59:07.824	0.95866	0.95866			6
2024.03.13	00:59:10.154	0.95867	0.95867			6
2024.03.13	00:59:10.480	0.95866	0.95866			6
2024.03.13	00:59:10.774	0.95867	0.95867			6
2024.03.13	00:59:11.684	0.95866	0.95866			6
2024.03.13	00:59:12.765	0.95867	0.95867			6
2024.03.13	00:59:17.444	0.95866	0.95866			6
2024.03.13	00:59:18.172	0.95867	0.95867			6
2024.03.13	00:59:22.800	0.95868	0.95868			6
2024.03.13	00:59:23.318	0.95867	0.95867			6
2024.03.13	00:59:28.304	0.95868	0.95868			6
2024.03.13	00:59:29.957	0.95867	0.95867			6
2024.03.13	00:59:30.705	0.95868	0.95868			6
2024.03.13	00:59:34.617	0.95867	0.95867			6
2024.03.13	00:59:34.901	0.95868	0.95868			6
2024.03.13	00:59:38.969	0.95867	0.95867			6
2024.03.13	00:59:40.410	0.95868	0.95868			6
2024.03.13	00:59:46.069	0.95867	0.95867			6
2024.03.13	00:59:46.371	0.95868	0.95868			6
2024.03.13	00:59:50.314	0.95867	0.95867			6
2024.03.13	00:59:50.675	0.95868	0.95868			6
2024.03.13	00:59:53.770	0.95867	0.95867			6
2024.03.13	00:59:54.730	0.95868	0.95868			6
2024.03.13	00:59:56.191	0.95867	0.95867			6
2024.03.13	01:00:00.063	0.95867				2
2024.03.13	01:00:00.124	0.95868	0.95868			6
2024.03.13	01:00:00.393	0.95867	0.95867			6
2024.03.13	01:00:02.141	0.95868	0.95868			6
2024.03.13	01:00:04.727	0.95867	0.95867			6
2024.03.13	01:00:06.904	0.95870	0.95870			6
2024.03.13	01:00:07.144	0.95869	0.95869			6
2024.03.13	01:00:08.773	0.95868	0.95868			6
2024.03.13	01:00:10.149	0.95869	0.95869			6
2024.03.13	01:00:12.714	0.95872	0.95872			6
2024.03.13	01:00:12.834	0.95873	0.95873			6
2024.03.13	01:00:12.864	0.95872	0.95872			6
2024.03.13	01:00:13.134	0.95873	0.95873			6
2024.03.13	01:00:13.345	0.95872	0.95872			6
2024.03.13	01:00:15.098	0.95873	0.95873			6
2024.03.13	01:00:16.304	0.95872	0.95872			6
2024.03.13	01:00:16.678	0.95873	0.95873			6
2024.03.13	01:00:17.225	0.95872	0.95872			6
2024.03.13	01:00:17.618	0.95873	0.95873			6
2024.03.13	01:00:17.909	0.95872	0.95872			6
2024.03.13	01:00:22.900	0.95871	0.95871			6
2024.03.13	01:00:24.181	0.95872	0.95872			6
2024.03.13	01:00:26.987	0.95871	0.95871			6
2024.03.13	01:00:27.049	0.95872	0.95872			6
2024.03.13	01:00:27.107	0.95871	0.95871			6
2024.03.13	01:00:27.167	0.95870	0.95870			6
2024.03.13	01:00:27.317	0.95871	0.95871			6
2024.03.13	01:00:29.821	0.95872	0.95872			6
2024.03.13	01:00:29.940	0.95873	0.95873			6
2024.03.13	01:00:31.718	0.95874	0.95874			6
2024.03.13	01:00:33.124	0.95873	0.95873			6
2024.03.13	01:00:33.153	0.95874	0.95874			6
2024.03.13	01:00:34.173	0.95875	0.95875			6
2024.03.13	01:00:34.203	0.95874	0.95874			6
2024.03.13	01:00:37.255	0.95875	0.95875			6
2024.03.13	01:00:37.857	0.95876	0.95876			6
2024.03.13	01:00:40.393	0.95875	0.95875			6
2024.03.13	01:00:50.349	0.95874	0.95874			6
2024.03.13	01:00:51.147	0.95875	0.95875			6
2024.03.13	01:00:55.167	0.95874	0.95874			6
2024.03.13	01:00:56.658	0.95875	0.95875			6
2024.03.13	01:01:01.256	0.95875				2
2024.03.13	01:01:03.958	0.95874	0.95874			6
2024.03.13	01:01:04.539	0.95875	0.95875			6
2024.03.13	01:01:22.318	0.95874	0.95874			6
2024.03.13	01:01:23.617	0.95873	0.95873			6
2024.03.13	01:01:23.951	0.95874	0.95874			6
2024.03.13	01:01:32.412	0.95871	0.95871			6
2024.03.13	01:01:46.568	0.95872	0.95872			6
2024.03.13	01:01:47.172	0.95873	0.95873			6
2024.03.13	01:01:48.419	0.95872	0.95872			6
2024.03.13	01:01:50.234	0.95871	0.95871			6
2024.03.13	01:01:54.868	0.95872	0.95872			6
2024.03.13	01:01:55.171	0.95871	0.95871			6
2024.03.13	01:01:55.484	0.95872	0.95872			6
2024.03.13	01:01:55.845	0.95871	0.95871			6
2024.03.13	01:01:57.613	0.95872	0.95872			6
2024.03.13	01:01:59.950	0.95871	0.95871			6
2024.03.13	01:02:00.343	0.95871				2
2024.03.13	01:02:09.885	0.95870	0.95870			6
2024.03.13	01:02:10.983	0.95871	0.95871			6
2024.03.13	01:02:12.752	0.95870	0.95870			6
2024.03.13	01:02:13.444	0.95871	0.95871			6
2024.03.13	01:02:14.150	0.95870	0.95870			6
2024.03.13	01:02:14.775	0.95871	0.95871			6
2024.03.13	01:02:15.116	0.95870	0.95870			6
2024.03.13	01:02:15.547	0.95871	0.95871			6
2024.03.13	01:02:16.319	0.95870	0.95870			6
2024.03.13	01:02:16.585	0.95871	0.95871			6
2024.03.13	01:02:17.200	0.95870	0.95870			6
2024.03.13	01:02:19.379	0.95871	0.95871			6
2024.03.13	01:02:21.377	0.95870	0.95870			6
2024.03.13	01:02:22.840	0.95871	0.95871			6
2024.03.13	01:02:23.773	0.95870	0.95870			6
2024.03.13	01:02:27.907	0.95869	0.95869			6
2024.03.13	01:02:27.936	0.95868	0.95868			6
2024.03.13	01:02:35.548	0.95865	0.95865			6
2024.03.13	01:02:35.578	0.95864	0.95864			6
2024.03.13	01:02:35.998	0.95865	0.95865			6
2024.03.13	01:02:36.631	0.95866	0.95866			6
2024.03.13	01:02:40.385	0.95865	0.95865			6
2024.03.13	01:02:42.084	0.95867	0.95867			6
2024.03.13	01:02:42.787	0.95868	0.95868			6
2024.03.13	01:02:46.619	0.95867	0.95867			6
2024.03.13	01:02:47.074	0.95868	0.95868			6
2024.03.13	01:02:50.154	0.95865	0.95865			6
2024.03.13	01:02:50.615	0.95867	0.95867			6
2024.03.13	01:02:56.044	0.95866	0.95866			6
2024.03.13	01:03:01.694	0.95866				2
2024.03.13	01:03:10.494	0.95865	0.95865			6
2024.03.13	01:03:12.437	0.95866	0.95866			6
2024.03.13	01:03:18.897	0.95867	0.95867			6
2024.03.13	01:03:22.282	0.95868	0.95868			6
2024.03.13	01:03:25.912	0.95867	0.95867			6
2024.03.13	01:03:35.337	0.95868	0.95868			6
2024.03.13	01:03:38.447	0.95867	0.95867			6
2024.03.13	01:03:38.478	0.95868	0.95868			6
2024.03.13	01:03:38.657	0.95867	0.95867			6
2024.03.13	01:03:39.037	0.95868	0.95868			6
2024.03.13	01:03:40.726	0.95867	0.95867			6
2024.03.13	01:03:41.049	0.95868	0.95868			6
2024.03.13	01:03:46.094	0.95867	0.95867			6
2024.03.13	01:03:47.626	0.95868	0.95868			6
2024.03.13	01:03:51.523	0.95867	0.95867			6
2024.03.13	01:04:00.153	0.95867				2
2024.03.13	01:04:03.885	0.95866	0.95866			6
2024.03.13	01:04:04.152	0.95867	0.95867			6
2024.03.13	01:04:10.378	0.95866	0.95866			6
2024.03.13	01:04:22.910	0.95864	0.95864			6
2024.03.13	01:04:22.969	0.95866	0.95866			6
2024.03.13	01:04:22.997	0.95864	0.95864			6
2024.03.13	01:04:23.299	0.95863	0.95863			6
2024.03.13	01:04:25.281	0.95862	0.95862			6
2024.03.13	01:04:26.970	0.95863	0.95863			6
2024.03.13	01:04:27.923	0.95862	0.95862			6
2024.03.13	01:04:28.849	0.95863	0.95863			6
2024.03.13	01:04:31.596	0.95862	0.95862			6
2024.03.13	01:04:31.747	0.95863	0.95863			6
2024.03.13	01:04:32.053	0.95864	0.95864			6
2024.03.13	01:04:46.160	0.95863	0.95863			6
2024.03.13	01:04:46.731	0.95864	0.95864			6
2024.03.13	01:04:48.271	0.95863	0.95863			6
2024.03.13	01:04:49.098	0.95864	0.95864			6
2024.03.13	01:04:49.424	0.95863	0.95863			6
2024.03.13	01:04:55.185	0.95862	0.95862			6
2024.03.13	01:05:00.341	0.95862				2
2024.03.13	01:05:03.177	0.95863	0.95863			6
2024.03.13	01:05:03.207	0.95864	0.95864			6
2024.03.13	01:05:03.749	0.95863	0.95863			6
2024.03.13	01:05:08.746	0.95862	0.95862			6
2024.03.13	01:05:09.578	0.95861	0.95861			6
2024.03.13	01:05:20.055	0.95862	0.95862			6
2024.03.13	01:05:20.084	0.95863	0.95863			6
2024.03.13	01:05:20.316	0.95864	0.95864			6
2024.03.13	01:05:21.224	0.95863	0.95863			6
2024.03.13	01:05:21.623	0.95864	0.95864			6
2024.03.13	01:05:28.796	0.95863	0.95863			6
2024.03.13	01:05:30.170	0.95862	0.95862			6
2024.03.13	01:05:30.695	0.95863	0.95863			6
2024.03.13	01:05:30.726	0.95867	0.95867			6
2024.03.13	01:05:30.756	0.95868	0.95868			6
2024.03.13	01:05:31.027	0.95869	0.95869			6
2024.03.13	01:05:31.335	0.95870	0.95870			6
2024.03.13	01:05:35.847	0.95871	0.95871			6
2024.03.13	01:05:40.246	0.95870	0.95870			6
2024.03.13	01:05:40.840	0.95871	0.95871			6
2024.03.13	01:05:41.271	0.95870	0.95870			6
2024.03.13	01:05:44.071	0.95871	0.95871			6
2024.03.13	01:05:47.047	0.95870	0.95870			6
2024.03.13	01:05:49.508	0.95871	0.95871			6
2024.03.13	01:05:53.160	0.95872	0.95872			6
2024.03.13	01:06:01.524	0.95871	0.95871			6
2024.03.13	01:06:08.820	0.95872	0.95872			6
2024.03.13	01:06:08.911	0.95871	0.95871			6
2024.03.13	01:06:09.180	0.95872	0.95872			6
2024.03.13	01:06:13.025	0.95871	0.95871			6
2024.03.13	01:06:15.453	0.95872	0.95872			6
2024.03.13	01:06:15.847	0.95871	0.95871			6
2024.03.13	01:06:16.736	0.95872	0.95872			6
2024.03.13	01:06:17.094	0.95871	0.95871			6
2024.03.13	01:06:27.955	0.95872	0.95872			6
2024.03.13	01:06:29.017	0.95871	0.95871			6
2024.03.13	01:06:31.248	0.95872	0.95872			6
2024.03.13	01:06:34.030	0.95871	0.95871			6
2024.03.13	01:06:35.508	0.95872	0.95872			6
2024.03.13	01:06:36.259	0.95871	0.95871			6
2024.03.13	01:06:38.772	0.95872	0.95872			6
2024.03.13	01:06:55.730	0.95871	0.95871			6
2024.03.13	01:06:55.791	0.95872	0.95872			6
2024.03.13	01:07:03.361	0.95872				2
2024.03.13	01:07:22.820	0.95871	0.95871			6
2024.03.13	01:07:22.971	0.95872	0.95872			6
2024.03.13	01:07:34.212	0.95871	0.95871			6
2024.03.13	01:07:45.447	0.95872	0.95872			6
2024.03.13	01:07:47.020	0.95871	0.95871			6
2024.03.13	01:07:49.916	0.95872	0.95872			6
2024.03.13	01:07:50.310	0.95871	0.95871			6
2024.03.13	01:07:51.335	0.95872	0.95872			6
2024.03.13	01:07:51.515	0.95871	0.95871			6
2024.03.13	01:07:56.552	0.95872	0.95872			6
2024.03.13	01:07:58.286	0.95873	0.95873			6
2024.03.13	01:08:01.447	0.95871	0.95871			6
2024.03.13	01:08:01.516	0.95869	0.95869			6
2024.03.13	01:08:03.293	0.95868	0.95868			6
2024.03.13	01:08:07.169	0.95869	0.95869			6
2024.03.13	01:08:08.016	0.95868	0.95868			6
2024.03.13	01:08:13.183	0.95869	0.95869			6
2024.03.13	01:08:13.395	0.95868	0.95868			6
2024.03.13	01:08:22.568	0.95869	0.95869			6
2024.03.13	01:08:23.808	0.95868	0.95868			6
2024.03.13	01:08:30.244	0.95869	0.95869			6
2024.03.13	01:08:30.751	0.95868	0.95868			6
2024.03.13	01:08:33.216	0.95869	0.95869			6
2024.03.13	01:08:35.519	0.95868	0.95868			6
2024.03.13	01:08:36.018	0.95869	0.95869			6
2024.03.13	01:08:37.711	0.95870	0.95870			6
2024.03.13	01:08:37.741	0.95869	0.95869			6
2024.03.13	01:08:42.994	0.95868	0.95868			6
2024.03.13	01:09:01.347	0.95868				2
2024.03.13	01:09:08.749	0.95867	0.95867			6
2024.03.13	01:09:10.369	0.95868	0.95868			6
2024.03.13	01:09:11.570	0.95867	0.95867			6
2024.03.13	01:09:14.707	0.95868	0.95868			6
2024.03.13	01:09:15.017	0.95867	0.95867			6
2024.03.13	01:09:16.166	0.95868	0.95868			6
2024.03.13	01:09:18.585	0.95867	0.95867			6
2024.03.13	01:09:19.076	0.95868	0.95868			6
2024.03.13	01:09:19.446	0.95867	0.95867			6
2024.03.13	01:09:20.462	0.95868	0.95868			6
2024.03.13	01:09:28.605	0.95867	0.95867			6
2024.03.13	01:09:34.437	0.95868	0.95868			6
2024.03.13	01:10:14.630	0.95868				2
2024.03.13	01:10:25.541	0.95867	0.95867			6
2024.03.13	01:10:25.602	0.95866	0.95866			6
2024.03.13	01:10:25.632	0.95867	0.95867			6
2024.03.13	01:10:32.728	0.95866	0.95866			6
2024.03.13	01:10:45.860	0.95867	0.95867			6
2024.03.13	01:10:46.730	0.95866	0.95866			6
2024.03.13	01:10:46.894	0.95865	0.95865			6
2024.03.13	01:10:48.571	0.95866	0.95866			6
2024.03.13	01:11:04.501	0.95865	0.95865			6
2024.03.13	01:11:04.530	0.95864	0.95864			6
2024.03.13	01:11:04.922	0.95865	0.95865			6
2024.03.13	01:11:10.135	0.95864	0.95864			6
2024.03.13	01:11:11.071	0.95865	0.95865			6
2024.03.13	01:11:12.125	0.95864	0.95864			6
2024.03.13	01:11:12.185	0.95865	0.95865			6
2024.03.13	01:11:22.226	0.95864	0.95864			6
2024.03.13	01:11:22.527	0.95865	0.95865			6
2024.03.13	01:11:23.612	0.95864	0.95864			6
2024.03.13	01:11:24.659	0.95865	0.95865			6
2024.03.13	01:11:51.822	0.95866	0.95866			6
2024.03.13	01:11:51.851	0.95868	0.95868			6
2024.03.13	01:11:51.881	0.95870	0.95870			6
2024.03.13	01:11:51.911	0.95871	0.95871			6
2024.03.13	01:11:52.637	0.95870	0.95870			6
2024.03.13	01:11:52.817	0.95871	0.95871			6
2024.03.13	01:11:52.848	0.95870	0.95870			6
2024.03.13	01:11:55.446	0.95871	0.95871			6
2024.03.13	01:11:57.591	0.95870	0.95870			6
2024.03.13	01:11:57.854	0.95868	0.95868			6
2024.03.13	01:12:01.727	0.95870	0.95870			6
2024.03.13	01:12:01.757	0.95869	0.95869			6
2024.03.13	01:12:08.380	0.95868	0.95868			6
2024.03.13	01:12:08.881	0.95869	0.95869			6
2024.03.13	01:12:11.908	0.95871	0.95871			6
2024.03.13	01:12:11.937	0.95872	0.95872			6
2024.03.13	01:12:12.206	0.95871	0.95871			6
2024.03.13	01:12:12.484	0.95872	0.95872			6
2024.03.13	01:12:13.945	0.95871	0.95871			6
2024.03.13	01:12:27.702	0.95875	0.95875			6
2024.03.13	01:12:36.396	0.95876	0.95876			6
2024.03.13	01:12:40.980	0.95874	0.95874			6
2024.03.13	01:12:43.713	0.95875	0.95875			6
2024.03.13	01:12:43.743	0.95874	0.95874			6
2024.03.13	01:13:00.689	0.95874				2
2024.03.13	01:13:12.953	0.95873	0.95873			6
2024.03.13	01:13:17.635	0.95875	0.95875			6
2024.03.13	01:13:17.665	0.95873	0.95873			6
2024.03.13	01:13:22.832	0.95874	0.95874			6
2024.03.13	01:13:23.134	0.95873	0.95873			6
2024.03.13	01:13:26.130	0.95875	0.95875			6
2024.03.13	01:13:26.160	0.95873	0.95873			6
2024.03.13	01:13:27.675	0.95874	0.95874			6
2024.03.13	01:13:28.659	0.95873	0.95873			6
2024.03.13	01:13:34.599	0.95874	0.95874			6
2024.03.13	01:13:34.630	0.95873	0.95873			6
2024.03.13	01:13:43.085	0.95874	0.95874			6
2024.03.13	01:13:43.115	0.95873	0.95873			6
2024.03.13	01:13:50.636	0.95872	0.95872			6
2024.03.13	01:13:50.666	0.95873	0.95873			6
2024.03.13	01:13:50.727	0.95872	0.95872			6
2024.03.13	01:13:51.570	0.95874	0.95874			6
2024.03.13	01:13:51.602	0.95872	0.95872			6
2024.03.13	01:13:51.873	0.95873	0.95873			6
2024.03.13	01:13:53.370	0.95872	0.95872			6
2024.03.13	01:14:00.068	0.95874	0.95874			6
2024.03.13	01:14:00.098	0.95872	0.95872			6
2024.03.13	01:14:08.545	0.95874	0.95874			6
2024.03.13	01:14:08.575	0.95872	0.95872			6
2024.03.13	01:14:13.890	0.95871	0.95871			6
2024.03.13	01:14:13.920	0.95872	0.95872			6
2024.03.13	01:14:25.514	0.95873	0.95873			6
2024.03.13	01:14:25.544	0.95872	0.95872			6
2024.03.13	01:14:31.285	0.95873	0.95873			6
2024.03.13	01:14:32.015	0.95872	0.95872			6
2024.03.13	01:14:33.980	0.95873	0.95873			6
2024.03.13	01:14:34.010	0.95872	0.95872			6
2024.03.13	01:14:41.630	0.95871	0.95871			6
2024.03.13	01:14:42.484	0.95873	0.95873			6
2024.03.13	01:14:42.513	0.95871	0.95871			6
2024.03.13	01:14:45.189	0.95872	0.95872			6
2024.03.13	01:14:46.061	0.95871	0.95871			6
2024.03.13	01:14:46.152	0.95870	0.95870			6
2024.03.13	01:14:46.513	0.95872	0.95872			6
2024.03.13	01:14:48.123	0.95871	0.95871			6
2024.03.13	01:14:49.845	0.95872	0.95872			6
2024.03.13	01:14:50.446	0.95871	0.95871			6
2024.03.13	01:14:50.626	0.95872	0.95872			6
2024.03.13	01:14:55.267	0.95871	0.95871			6
2024.03.13	01:15:00.797	0.95870	0.95870			6
2024.03.13	01:15:02.703	0.95871	0.95871			6
2024.03.13	01:15:05.288	0.95872	0.95872			6
2024.03.13	01:15:05.319	0.95873	0.95873			6
2024.03.13	01:15:05.348	0.95872	0.95872			6
2024.03.13	01:15:06.106	0.95871	0.95871			6
2024.03.13	01:15:13.016	0.95872	0.95872			6
2024.03.13	01:15:15.261	0.95873	0.95873			6
2024.03.13	01:15:19.765	0.95872	0.95872			6
2024.03.13	01:15:20.544	0.95873	0.95873			6
2024.03.13	01:15:21.482	0.95872	0.95872			6
2024.03.13	01:15:25.965	0.95873	0.95873			6
2024.03.13	01:15:28.034	0.95872	0.95872			6
2024.03.13	01:15:34.264	0.95873	0.95873			6
2024.03.13	01:15:37.230	0.95871	0.95871			6
2024.03.13	01:15:37.532	0.95869	0.95869			6
2024.03.13	01:15:40.382	0.95868	0.95868			6
2024.03.13	01:15:44.034	0.95869	0.95869			6
2024.03.13	01:15:48.475	0.95870	0.95870			6
2024.03.13	01:15:56.715	0.95868	0.95868			6
2024.03.13	01:15:57.101	0.95869	0.95869			6
2024.03.13	01:15:57.372	0.95868	0.95868			6
2024.03.13	01:15:58.225	0.95869	0.95869			6
2024.03.13	01:15:59.644	0.95868	0.95868			6
2024.03.13	01:16:00.564	0.95869	0.95869			6
2024.03.13	01:16:02.932	0.95868	0.95868			6
2024.03.13	01:16:03.938	0.95869	0.95869			6
2024.03.13	01:16:04.736	0.95868	0.95868			6
2024.03.13	01:16:07.501	0.95867	0.95867			6
2024.03.13	01:16:07.923	0.95868	0.95868			6
2024.03.13	01:16:11.065	0.95867	0.95867			6
2024.03.13	01:16:19.729	0.95868	0.95868			6
2024.03.13	01:16:21.147	0.95869	0.95869			6
2024.03.13	01:16:25.068	0.95868	0.95868			6
2024.03.13	01:16:36.981	0.95867	0.95867			6
2024.03.13	01:16:41.753	0.95868	0.95868			6
2024.03.13	01:16:44.475	0.95867	0.95867			6
2024.03.13	01:16:45.814	0.95869	0.95869			6
2024.03.13	01:16:46.478	0.95868	0.95868			6
2024.03.13	01:17:00.399	0.95868				2
2024.03.13	01:17:02.725	0.95867	0.95867			6
2024.03.13	01:17:02.905	0.95868	0.95868			6
2024.03.13	01:17:02.964	0.95867	0.95867			6
2024.03.13	01:17:02.994	0.95869	0.95869			6
2024.03.13	01:17:03.056	0.95868	0.95868			6
2024.03.13	01:17:10.486	0.95869	0.95869			6
2024.03.13	01:17:15.159	0.95870	0.95870			6
2024.03.13	01:17:15.190	0.95869	0.95869			6
2024.03.13	01:17:23.649	0.95870	0.95870			6
2024.03.13	01:17:23.679	0.95869	0.95869			6
2024.03.13	01:17:24.653	0.95868	0.95868			6
2024.03.13	01:17:27.022	0.95869	0.95869			6
2024.03.13	01:17:27.397	0.95868	0.95868			6
2024.03.13	01:17:32.134	0.95870	0.95870			6
2024.03.13	01:17:32.165	0.95868	0.95868			6
2024.03.13	01:17:40.609	0.95870	0.95870			6
2024.03.13	01:17:40.639	0.95868	0.95868			6
2024.03.13	01:17:49.092	0.95869	0.95869			6
2024.03.13	01:17:49.122	0.95868	0.95868			6
2024.03.13	01:17:57.571	0.95870	0.95870			6
2024.03.13	01:17:57.601	0.95868	0.95868			6
2024.03.13	01:18:03.964	0.95868				2
2024.03.13	01:18:06.070	0.95869	0.95869			6
2024.03.13	01:18:06.100	0.95868	0.95868			6
2024.03.13	01:18:13.596	0.95869	0.95869			6
2024.03.13	01:18:13.625	0.95871	0.95871			6
2024.03.13	01:18:13.656	0.95872	0.95872			6
2024.03.13	01:18:13.686	0.95871	0.95871			6
2024.03.13	01:18:14.091	0.95872	0.95872			6
2024.03.13	01:18:14.540	0.95873	0.95873			6
2024.03.13	01:18:14.572	0.95872	0.95872			6
2024.03.13	01:18:26.953	0.95873	0.95873			6
2024.03.13	01:18:31.002	0.95872	0.95872			6
2024.03.13	01:18:31.033	0.95873	0.95873			6
2024.03.13	01:18:32.680	0.95872	0.95872			6
2024.03.13	01:18:34.305	0.95873	0.95873			6
2024.03.13	01:18:34.938	0.95871	0.95871			6
2024.03.13	01:18:40.005	0.95872	0.95872			6
2024.03.13	01:18:40.034	0.95871	0.95871			6
2024.03.13	01:18:46.669	0.95872	0.95872			6
2024.03.13	01:18:48.484	0.95874	0.95874			6
2024.03.13	01:18:48.514	0.95872	0.95872			6
2024.03.13	01:18:49.610	0.95870	0.95870			6
2024.03.13	01:18:50.645	0.95871	0.95871			6
2024.03.13	01:18:56.969	0.95872	0.95872			6
2024.03.13	01:18:56.998	0.95871	0.95871			6
2024.03.13	01:19:03.706	0.95870	0.95870			6
2024.03.13	01:19:03.736	0.95872	0.95872			6
2024.03.13	01:19:04.276	0.95870	0.95870			6
2024.03.13	01:19:13.930	0.95871	0.95871			6
2024.03.13	01:19:13.960	0.95870	0.95870			6
2024.03.13	01:19:14.730	0.95871	0.95871			6
2024.03.13	01:19:20.778	0.95870	0.95870			6
2024.03.13	01:19:20.930	0.95869	0.95869			6
2024.03.13	01:19:22.430	0.95871	0.95871			6
2024.03.13	01:19:22.460	0.95869	0.95869			6
2024.03.13	01:19:22.800	0.95870	0.95870			6
2024.03.13	01:19:22.860	0.95869	0.95869			6
2024.03.13	01:19:30.400	0.95870	0.95870			6
2024.03.13	01:19:30.883	0.95871	0.95871			6
2024.03.13	01:19:30.913	0.95870	0.95870			6
2024.03.13	01:19:38.673	0.95869	0.95869			6
2024.03.13	01:19:38.703	0.95870	0.95870			6
2024.03.13	01:19:38.824	0.95869	0.95869			6
2024.03.13	01:19:47.849	0.95870	0.95870			6
2024.03.13	01:19:47.879	0.95869	0.95869			6
2024.03.13	01:19:51.028	0.95867	0.95867			6
2024.03.13	01:19:51.344	0.95868	0.95868			6
2024.03.13	01:19:51.792	0.95867	0.95867			6
2024.03.13	01:19:52.206	0.95868	0.95868			6
2024.03.13	01:19:53.039	0.95869	0.95869			6
2024.03.13	01:19:53.447	0.95868	0.95868			6
2024.03.13	01:19:56.351	0.95869	0.95869			6
2024.03.13	01:19:56.381	0.95868	0.95868			6
2024.03.13	01:20:11.381	0.95867	0.95867			6
2024.03.13	01:20:13.317	0.95869	0.95869			6
2024.03.13	01:20:13.346	0.95867	0.95867			6
2024.03.13	01:20:13.624	0.95868	0.95868			6
2024.03.13	01:20:19.831	0.95867	0.95867			6
2024.03.13	01:20:20.146	0.95868	0.95868			6
2024.03.13	01:20:20.596	0.95867	0.95867			6
2024.03.13	01:20:20.806	0.95866	0.95866			6
2024.03.13	01:20:20.984	0.95864	0.95864			6
2024.03.13	01:20:21.106	0.95865	0.95865			6
2024.03.13	01:20:21.474	0.95864	0.95864			6
2024.03.13	01:20:21.796	0.95866	0.95866			6
2024.03.13	01:20:21.826	0.95864	0.95864			6
2024.03.13	01:20:21.897	0.95865	0.95865			6
2024.03.13	01:20:30.276	0.95867	0.95867			6
2024.03.13	01:20:30.306	0.95865	0.95865			6
2024.03.13	01:20:38.747	0.95867	0.95867			6
2024.03.13	01:20:38.778	0.95865	0.95865			6
2024.03.13	01:20:40.021	0.95868	0.95868			6
2024.03.13	01:20:40.050	0.95869	0.95869			6
2024.03.13	01:20:40.140	0.95870	0.95870			6
2024.03.13	01:20:45.495	0.95871	0.95871			6
2024.03.13	01:20:45.556	0.95872	0.95872			6
2024.03.13	01:20:45.775	0.95871	0.95871			6
2024.03.13	01:20:47.244	0.95873	0.95873			6
2024.03.13	01:20:47.274	0.95871	0.95871			6
2024.03.13	01:20:55.723	0.95872	0.95872			6
2024.03.13	01:20:55.753	0.95871	0.95871			6
2024.03.13	01:21:02.288	0.95871				2
2024.03.13	01:21:12.692	0.95873	0.95873			6
2024.03.13	01:21:12.721	0.95871	0.95871			6
2024.03.13	01:21:21.177	0.95873	0.95873			6
2024.03.13	01:21:21.208	0.95871	0.95871			6
2024.03.13	01:21:38.135	0.95873	0.95873			6
2024.03.13	01:21:38.166	0.95871	0.95871			6
2024.03.13	01:21:43.297	0.95873	0.95873			6
2024.03.13	01:21:43.568	0.95872	0.95872			6
2024.03.13	01:21:46.629	0.95873	0.95873			6
2024.03.13	01:21:46.659	0.95872	0.95872			6
2024.03.13	01:21:59.219	0.95873	0.95873			6
2024.03.13	01:22:00.914	0.95872	0.95872			6
2024.03.13	01:22:01.065	0.95873	0.95873			6
2024.03.13	01:22:01.974	0.95872	0.95872			6
2024.03.13	01:22:03.204	0.95871	0.95871			6
2024.03.13	01:22:03.588	0.95873	0.95873			6
2024.03.13	01:22:03.619	0.95871	0.95871			6
2024.03.13	01:22:10.771	0.95872	0.95872			6
2024.03.13	01:22:12.076	0.95873	0.95873			6
2024.03.13	01:22:12.107	0.95872	0.95872			6
2024.03.13	01:22:19.029	0.95871	0.95871			6
2024.03.13	01:22:20.382	0.95873	0.95873			6
2024.03.13	01:22:20.471	0.95872	0.95872			6
2024.03.13	01:22:20.561	0.95874	0.95874			6
2024.03.13	01:22:20.591	0.95872	0.95872			6
2024.03.13	01:22:21.492	0.95873	0.95873			6
2024.03.13	01:22:21.568	0.95872	0.95872			6
2024.03.13	01:22:21.688	0.95873	0.95873			6
2024.03.13	01:22:22.514	0.95872	0.95872			6
2024.03.13	01:22:22.704	0.95873	0.95873			6
2024.03.13	01:22:23.539	0.95872	0.95872			6
2024.03.13	01:22:23.712	0.95873	0.95873			6
2024.03.13	01:22:24.556	0.95872	0.95872			6
2024.03.13	01:22:24.721	0.95873	0.95873			6
2024.03.13	01:22:25.616	0.95872	0.95872			6
2024.03.13	01:22:25.736	0.95873	0.95873			6
2024.03.13	01:22:26.578	0.95872	0.95872			6
2024.03.13	01:22:26.769	0.95873	0.95873			6
2024.03.13	01:22:28.677	0.95872	0.95872			6
2024.03.13	01:22:28.796	0.95873	0.95873			6
2024.03.13	01:22:29.036	0.95874	0.95874			6
2024.03.13	01:22:29.067	0.95873	0.95873			6
2024.03.13	01:22:29.690	0.95872	0.95872			6
2024.03.13	01:22:29.814	0.95873	0.95873			6
2024.03.13	01:22:30.709	0.95872	0.95872			6
2024.03.13	01:22:30.830	0.95873	0.95873			6
2024.03.13	01:22:37.525	0.95874	0.95874			6
2024.03.13	01:22:37.556	0.95873	0.95873			6
2024.03.13	01:22:51.671	0.95874	0.95874			6
2024.03.13	01:22:51.703	0.95876	0.95876			6
2024.03.13	01:22:51.974	0.95875	0.95875			6
2024.03.13	01:22:54.244	0.95876	0.95876			6
2024.03.13	01:23:01.726	0.95876				2
2024.03.13	01:23:09.258	0.95875	0.95875			6
2024.03.13	01:23:09.599	0.95876	0.95876			6
2024.03.13	01:23:11.444	0.95877	0.95877			6
2024.03.13	01:23:11.473	0.95876	0.95876			6
2024.03.13	01:23:17.131	0.95875	0.95875			6
2024.03.13	01:23:19.925	0.95876	0.95876			6
2024.03.13	01:23:19.955	0.95875	0.95875			6
2024.03.13	01:23:28.422	0.95876	0.95876			6
2024.03.13	01:23:28.452	0.95875	0.95875			6
2024.03.13	01:23:30.926	0.95874	0.95874			6
2024.03.13	01:23:31.112	0.95875	0.95875			6
2024.03.13	01:23:34.577	0.95874	0.95874			6
2024.03.13	01:23:36.206	0.95875	0.95875			6
2024.03.13	01:23:39.758	0.95874	0.95874			6
2024.03.13	01:23:39.848	0.95875	0.95875			6
2024.03.13	01:23:46.679	0.95874	0.95874			6
2024.03.13	01:23:51.254	0.95875	0.95875			6
2024.03.13	01:23:53.708	0.95874	0.95874			6
2024.03.13	01:23:53.889	0.95875	0.95875			6
2024.03.13	01:23:53.919	0.95874	0.95874			6
2024.03.13	01:23:59.699	0.95875	0.95875			6
2024.03.13	01:24:02.366	0.95876	0.95876			6
2024.03.13	01:24:02.396	0.95875	0.95875			6
2024.03.13	01:24:02.580	0.95874	0.95874			6
2024.03.13	01:24:02.893	0.95875	0.95875			6
2024.03.13	01:24:04.872	0.95874	0.95874			6
2024.03.13	01:24:04.902	0.95871	0.95871			6
2024.03.13	01:24:04.992	0.95872	0.95872			6
2024.03.13	01:24:14.759	0.95873	0.95873			6
2024.03.13	01:24:15.929	0.95872	0.95872			6
2024.03.13	01:24:25.805	0.95873	0.95873			6
2024.03.13	01:24:25.835	0.95872	0.95872			6
2024.03.13	01:24:36.915	0.95873	0.95873			6
2024.03.13	01:24:44.757	0.95875	0.95875			6
2024.03.13	01:24:44.786	0.95873	0.95873			6
2024.03.13	01:24:53.244	0.95875	0.95875			6
2024.03.13	01:24:53.274	0.95873	0.95873			6
2024.03.13	01:25:01.659	0.95873				2
2024.03.13	01:25:06.104	0.95872	0.95872			6
2024.03.13	01:25:06.223	0.95873	0.95873			6
2024.03.13	01:25:10.214	0.95874	0.95874			6
2024.03.13	01:25:10.244	0.95873	0.95873			6
2024.03.13	01:25:18.703	0.95874	0.95874			6
2024.03.13	01:25:18.733	0.95873	0.95873			6
2024.03.13	01:25:20.942	0.95872	0.95872			6
2024.03.13	01:25:23.723	0.95873	0.95873			6
2024.03.13	01:25:29.080	0.95874	0.95874			6
2024.03.13	01:25:29.111	0.95872	0.95872			6
2024.03.13	01:25:30.521	0.95871	0.95871			6
2024.03.13	01:25:35.675	0.95873	0.95873			6
2024.03.13	01:25:35.706	0.95871	0.95871			6
2024.03.13	01:25:47.911	0.95873	0.95873			6
2024.03.13	01:25:48.284	0.95872	0.95872			6
2024.03.13	01:25:48.622	0.95871	0.95871			6
2024.03.13	01:25:55.628	0.95872	0.95872			6
2024.03.13	01:25:57.574	0.95871	0.95871			6
2024.03.13	01:26:02.899	0.95872	0.95872			6
2024.03.13	01:26:04.299	0.95871	0.95871			6
2024.03.13	01:26:04.999	0.95872	0.95872			6
2024.03.13	01:26:05.334	0.95871	0.95871			6
2024.03.13	01:26:09.599	0.95872	0.95872			6
2024.03.13	01:26:09.629	0.95871	0.95871			6
2024.03.13	01:26:10.953	0.95872	0.95872			6
2024.03.13	01:26:11.440	0.95871	0.95871			6
2024.03.13	01:26:13.175	0.95870	0.95870			6
2024.03.13	01:26:13.899	0.95871	0.95871			6
2024.03.13	01:26:18.085	0.95872	0.95872			6
2024.03.13	01:26:18.114	0.95871	0.95871			6
2024.03.13	01:26:19.548	0.95870	0.95870			6
2024.03.13	01:26:20.394	0.95871	0.95871			6
2024.03.13	01:26:20.743	0.95870	0.95870			6
2024.03.13	01:26:23.424	0.95871	0.95871			6
2024.03.13	01:26:24.033	0.95870	0.95870			6
2024.03.13	01:26:26.560	0.95871	0.95871			6
2024.03.13	01:26:26.591	0.95870	0.95870			6
2024.03.13	01:26:31.276	0.95869	0.95869			6
2024.03.13	01:26:31.335	0.95868	0.95868			6
2024.03.13	01:26:31.397	0.95869	0.95869			6
2024.03.13	01:26:41.685	0.95868	0.95868			6
2024.03.13	01:26:41.714	0.95869	0.95869			6
2024.03.13	01:26:43.511	0.95870	0.95870			6
2024.03.13	01:26:55.108	0.95874	0.95874			6
2024.03.13	01:26:56.516	0.95873	0.95873			6
2024.03.13	01:26:58.241	0.95874	0.95874			6
2024.03.13	01:27:01.057	0.95873	0.95873			6
2024.03.13	01:27:06.737	0.95874	0.95874			6
2024.03.13	01:27:08.971	0.95875	0.95875			6
2024.03.13	01:27:09.001	0.95874	0.95874			6
2024.03.13	01:27:25.134	0.95873	0.95873			6
2024.03.13	01:27:25.939	0.95874	0.95874			6
2024.03.13	01:27:25.970	0.95873	0.95873			6
2024.03.13	01:27:26.119	0.95874	0.95874			6
2024.03.13	01:27:26.474	0.95873	0.95873			6
2024.03.13	01:27:34.012	0.95874	0.95874			6
2024.03.13	01:27:34.436	0.95875	0.95875			6
2024.03.13	01:27:34.466	0.95874	0.95874			6
2024.03.13	01:27:42.913	0.95875	0.95875			6
2024.03.13	01:27:42.944	0.95874	0.95874			6
2024.03.13	01:27:45.447	0.95873	0.95873			6
2024.03.13	01:27:48.832	0.95872	0.95872			6
2024.03.13	01:27:51.389	0.95874	0.95874			6
2024.03.13	01:27:51.418	0.95872	0.95872			6
2024.03.13	01:27:51.799	0.95873	0.95873			6
2024.03.13	01:27:51.829	0.95874	0.95874			6
2024.03.13	01:27:51.859	0.95873	0.95873			6
2024.03.13	01:27:51.980	0.95874	0.95874			6
2024.03.13	01:27:52.010	0.95875	0.95875			6
2024.03.13	01:27:52.498	0.95874	0.95874			6
2024.03.13	01:27:53.328	0.95875	0.95875			6
2024.03.13	01:27:59.950	0.95874	0.95874			6
2024.03.13	01:28:00.221	0.95875	0.95875			6
2024.03.13	01:28:01.476	0.95874	0.95874			6
2024.03.13	01:28:03.066	0.95875	0.95875			6
2024.03.13	01:28:05.494	0.95874	0.95874			6
2024.03.13	01:28:05.836	0.95875	0.95875			6
2024.03.13	01:28:08.369	0.95876	0.95876			6
2024.03.13	01:28:08.400	0.95875	0.95875			6
2024.03.13	01:28:12.225	0.95874	0.95874			6
2024.03.13	01:28:16.847	0.95875	0.95875			6
2024.03.13	01:28:16.877	0.95874	0.95874			6
2024.03.13	01:28:24.608	0.95873	0.95873			6
2024.03.13	01:28:25.769	0.95874	0.95874			6
2024.03.13	01:28:28.120	0.95872	0.95872			6
2024.03.13	01:28:33.814	0.95874	0.95874			6
2024.03.13	01:28:33.843	0.95872	0.95872			6
2024.03.13	01:28:47.009	0.95873	0.95873			6
2024.03.13	01:28:50.769	0.95875	0.95875			6
2024.03.13	01:28:50.799	0.95873	0.95873			6
2024.03.13	01:29:00.044	0.95873				2
2024.03.13	01:29:00.414	0.95872	0.95872			6
2024.03.13	01:29:00.873	0.95873	0.95873			6
2024.03.13	01:29:01.153	0.95872	0.95872			6
2024.03.13	01:29:01.735	0.95873	0.95873			6
2024.03.13	01:29:02.055	0.95872	0.95872			6
2024.03.13	01:29:03.690	0.95873	0.95873			6
2024.03.13	01:29:06.104	0.95874	0.95874			6
2024.03.13	01:29:06.164	0.95876	0.95876			6
2024.03.13	01:29:09.419	0.95875	0.95875			6
2024.03.13	01:29:10.300	0.95876	0.95876			6
2024.03.13	01:29:21.364	0.95875	0.95875			6
2024.03.13	01:29:21.681	0.95876	0.95876			6
2024.03.13	01:29:30.503	0.95875	0.95875			6
2024.03.13	01:29:33.417	0.95876	0.95876			6
2024.03.13	01:29:49.320	0.95875	0.95875			6
2024.03.13	01:29:49.869	0.95876	0.95876			6
2024.03.13	01:29:50.203	0.95875	0.95875			6
2024.03.13	01:29:53.453	0.95876	0.95876			6
2024.03.13	01:29:58.344	0.95875	0.95875			6
2024.03.13	01:29:59.014	0.95876	0.95876			6
2024.03.13	01:30:00.483	0.95876				2
2024.03.13	01:30:15.245	0.95877	0.95877			6
2024.03.13	01:30:15.305	0.95879	0.95879			6
2024.03.13	01:30:17.328	0.95878	0.95878			6
2024.03.13	01:30:19.662	0.95877	0.95877			6
2024.03.13	01:30:19.693	0.95875	0.95875			6
2024.03.13	01:30:19.958	0.95876	0.95876			6
2024.03.13	01:30:20.139	0.95875	0.95875			6
2024.03.13	01:30:21.739	0.95874	0.95874			6
2024.03.13	01:30:22.008	0.95875	0.95875			6
2024.03.13	01:30:29.294	0.95874	0.95874			6
2024.03.13	01:30:29.414	0.95873	0.95873			6
2024.03.13	01:30:29.564	0.95874	0.95874			6
2024.03.13	01:30:29.894	0.95873	0.95873			6
2024.03.13	01:30:30.935	0.95874	0.95874			6
2024.03.13	01:30:34.934	0.95873	0.95873			6
2024.03.13	01:30:43.264	0.95874	0.95874			6
2024.03.13	01:30:44.272	0.95873	0.95873			6
2024.03.13	01:31:00.373	0.95873				2
2024.03.13	01:31:15.619	0.95874	0.95874			6
2024.03.13	01:31:16.250	0.95875	0.95875			6
2024.03.13	01:31:16.309	0.95876	0.95876			6
2024.03.13	01:31:16.548	0.95875	0.95875			6
2024.03.13	01:31:18.520	0.95874	0.95874			6
2024.03.13	01:31:19.408	0.95875	0.95875			6
2024.03.13	01:31:22.433	0.95874	0.95874			6
2024.03.13	01:31:22.763	0.95875	0.95875			6
2024.03.13	01:31:28.036	0.95874	0.95874			6
2024.03.13	01:31:31.953	0.95875	0.95875			6
2024.03.13	01:31:31.983	0.95874	0.95874			6
2024.03.13	01:31:48.920	0.95875	0.95875			6
2024.03.13	01:31:48.951	0.95874	0.95874			6
2024.03.13	01:31:56.433	0.95873	0.95873			6
2024.03.13	01:31:56.693	0.95874	0.95874			6
2024.03.13	01:31:57.393	0.95875	0.95875			6
2024.03.13	01:31:57.423	0.95874	0.95874			6
2024.03.13	01:32:02.003	0.95873	0.95873			6
2024.03.13	01:32:05.878	0.95874	0.95874			6
2024.03.13	01:32:05.908	0.95873	0.95873			6
2024.03.13	01:32:11.076	0.95875	0.95875			6
2024.03.13	01:32:11.105	0.95876	0.95876			6
2024.03.13	01:32:11.357	0.95877	0.95877			6
2024.03.13	01:32:14.379	0.95878	0.95878			6
2024.03.13	01:32:14.410	0.95877	0.95877			6
2024.03.13	01:32:22.950	0.95878	0.95878			6
2024.03.13	01:32:22.979	0.95879	0.95879			6
2024.03.13	01:32:23.010	0.95878	0.95878			6
2024.03.13	01:32:23.640	0.95879	0.95879			6
2024.03.13	01:32:24.953	0.95880	0.95880			6
2024.03.13	01:32:31.324	0.95881	0.95881			6
2024.03.13	01:32:31.354	0.95880	0.95880			6
2024.03.13	01:32:44.204	0.95878	0.95878			6
2024.03.13	01:32:45.639	0.95879	0.95879			6
2024.03.13	01:32:51.048	0.95878	0.95878			6
2024.03.13	01:32:55.752	0.95879	0.95879			6
2024.03.13	01:32:55.982	0.95878	0.95878			6
2024.03.13	01:32:56.319	0.95879	0.95879			6
2024.03.13	01:32:56.447	0.95878	0.95878			6
2024.03.13	01:32:57.096	0.95877	0.95877			6
2024.03.13	01:33:00.345	0.95877				2
2024.03.13	01:33:05.265	0.95878	0.95878			6
2024.03.13	01:33:05.294	0.95877	0.95877			6
2024.03.13	01:33:12.550	0.95878	0.95878			6
2024.03.13	01:33:13.221	0.95879	0.95879			6
2024.03.13	01:33:13.753	0.95880	0.95880			6
2024.03.13	01:33:13.783	0.95879	0.95879			6
2024.03.13	01:33:20.812	0.95876	0.95876			6
2024.03.13	01:33:21.660	0.95875	0.95875			6
2024.03.13	01:33:29.112	0.95873	0.95873			6
2024.03.13	01:33:29.142	0.95875	0.95875			6
2024.03.13	01:33:29.233	0.95874	0.95874			6
2024.03.13	01:33:29.416	0.95873	0.95873			6
2024.03.13	01:33:29.668	0.95874	0.95874			6
2024.03.13	01:33:29.974	0.95873	0.95873			6
2024.03.13	01:33:30.709	0.95874	0.95874			6
2024.03.13	01:33:30.739	0.95873	0.95873			6
2024.03.13	01:33:33.412	0.95874	0.95874			6
2024.03.13	01:33:33.685	0.95873	0.95873			6
2024.03.13	01:33:34.743	0.95874	0.95874			6
2024.03.13	01:33:35.797	0.95873	0.95873			6
2024.03.13	01:33:36.626	0.95874	0.95874			6
2024.03.13	01:33:37.042	0.95873	0.95873			6
2024.03.13	01:33:38.295	0.95874	0.95874			6
2024.03.13	01:33:39.194	0.95875	0.95875			6
2024.03.13	01:33:39.224	0.95873	0.95873			6
2024.03.13	01:33:40.588	0.95874	0.95874			6
2024.03.13	01:33:41.074	0.95873	0.95873			6
2024.03.13	01:33:43.615	0.95874	0.95874			6
2024.03.13	01:33:44.072	0.95873	0.95873			6
2024.03.13	01:33:47.133	0.95874	0.95874			6
2024.03.13	01:33:47.367	0.95873	0.95873			6
2024.03.13	01:33:51.519	0.95874	0.95874			6
2024.03.13	01:33:52.282	0.95875	0.95875			6
2024.03.13	01:33:55.237	0.95874	0.95874			6
2024.03.13	01:33:56.162	0.95875	0.95875			6
2024.03.13	01:33:56.192	0.95874	0.95874			6
2024.03.13	01:33:59.255	0.95873	0.95873			6
2024.03.13	01:34:00.043	0.95873				2
2024.03.13	01:34:02.246	0.95874	0.95874			6
2024.03.13	01:34:03.252	0.95873	0.95873			6
2024.03.13	01:34:06.099	0.95874	0.95874			6
2024.03.13	01:34:08.287	0.95873	0.95873			6
2024.03.13	01:34:30.083	0.95874	0.95874			6
2024.03.13	01:34:30.113	0.95873	0.95873			6
2024.03.13	01:34:38.563	0.95874	0.95874			6
2024.03.13	01:34:38.593	0.95873	0.95873			6
2024.03.13	01:34:47.327	0.95872	0.95872			6
2024.03.13	01:34:52.058	0.95871	0.95871			6
2024.03.13	01:34:58.382	0.95872	0.95872			6
2024.03.13	01:34:58.490	0.95871	0.95871			6
2024.03.13	01:35:15.646	0.95872	0.95872			6
2024.03.13	01:35:19.323	0.95871	0.95871			6
2024.03.13	01:35:22.843	0.95870	0.95870			6
2024.03.13	01:35:23.427	0.95871	0.95871			6
2024.03.13	01:35:33.464	0.95872	0.95872			6
2024.03.13	01:35:33.493	0.95871	0.95871			6
2024.03.13	01:35:37.953	0.95872	0.95872			6
2024.03.13	01:35:37.983	0.95871	0.95871			6
2024.03.13	01:35:46.437	0.95872	0.95872			6
2024.03.13	01:35:46.467	0.95871	0.95871			6
2024.03.13	01:35:48.740	0.95870	0.95870			6
2024.03.13	01:35:49.040	0.95871	0.95871			6
2024.03.13	01:35:54.924	0.95872	0.95872			6
2024.03.13	01:35:54.954	0.95871	0.95871			6
2024.03.13	01:35:57.993	0.95870	0.95870			6
2024.03.13	01:36:00.023	0.95870				2
2024.03.13	01:36:04.505	0.95869	0.95869			6
2024.03.13	01:36:07.167	0.95870	0.95870			6
2024.03.13	01:36:08.467	0.95871	0.95871			6
2024.03.13	01:36:08.740	0.95870	0.95870			6
2024.03.13	01:36:09.830	0.95869	0.95869			6
2024.03.13	01:36:10.071	0.95870	0.95870			6
2024.03.13	01:36:12.853	0.95871	0.95871			6
2024.03.13	01:36:13.393	0.95870	0.95870			6
2024.03.13	01:36:14.150	0.95871	0.95871			6
2024.03.13	01:36:14.420	0.95870	0.95870			6
2024.03.13	01:36:15.054	0.95871	0.95871			6
2024.03.13	01:36:16.091	0.95870	0.95870			6
2024.03.13	01:36:18.568	0.95869	0.95869			6
2024.03.13	01:36:20.367	0.95870	0.95870			6
2024.03.13	01:36:20.397	0.95869	0.95869			6
2024.03.13	01:36:28.857	0.95870	0.95870			6
2024.03.13	01:36:28.889	0.95869	0.95869			6
2024.03.13	01:36:35.301	0.95870	0.95870			6
2024.03.13	01:36:37.350	0.95871	0.95871			6
2024.03.13	01:36:37.379	0.95870	0.95870			6
2024.03.13	01:36:42.667	0.95871	0.95871			6
2024.03.13	01:36:44.612	0.95870	0.95870			6
2024.03.13	01:36:44.642	0.95869	0.95869			6
2024.03.13	01:36:44.934	0.95870	0.95870			6
2024.03.13	01:36:45.814	0.95871	0.95871			6
2024.03.13	01:36:45.843	0.95870	0.95870			6
2024.03.13	01:36:46.699	0.95869	0.95869			6
2024.03.13	01:36:54.374	0.95871	0.95871			6
2024.03.13	01:36:54.820	0.95872	0.95872			6
2024.03.13	01:37:02.782	0.95873	0.95873			6
2024.03.13	01:37:02.812	0.95872	0.95872			6
2024.03.13	01:37:04.220	0.95873	0.95873			6
2024.03.13	01:37:08.661	0.95874	0.95874			6
2024.03.13	01:37:08.993	0.95873	0.95873			6
2024.03.13	01:37:09.607	0.95874	0.95874			6
2024.03.13	01:37:12.078	0.95875	0.95875			6
2024.03.13	01:37:12.634	0.95876	0.95876			6
2024.03.13	01:37:13.787	0.95875	0.95875			6
2024.03.13	01:37:14.128	0.95876	0.95876			6
2024.03.13	01:37:16.110	0.95877	0.95877			6
2024.03.13	01:37:19.757	0.95878	0.95878			6
2024.03.13	01:37:19.787	0.95877	0.95877			6
2024.03.13	01:37:22.789	0.95878	0.95878			6
2024.03.13	01:37:28.241	0.95879	0.95879			6
2024.03.13	01:37:28.273	0.95878	0.95878			6
2024.03.13	01:37:36.712	0.95879	0.95879			6
2024.03.13	01:37:36.742	0.95878	0.95878			6
2024.03.13	01:37:45.214	0.95879	0.95879			6
2024.03.13	01:37:45.244	0.95878	0.95878			6
2024.03.13	01:37:48.833	0.95877	0.95877			6
2024.03.13	01:37:48.892	0.95878	0.95878			6
2024.03.13	01:38:00.901	0.95877	0.95877			6
2024.03.13	01:38:01.341	0.95878	0.95878			6
2024.03.13	01:38:02.155	0.95879	0.95879			6
2024.03.13	01:38:02.185	0.95878	0.95878			6
2024.03.13	01:38:03.865	0.95877	0.95877			6
2024.03.13	01:38:19.127	0.95878	0.95878			6
2024.03.13	01:38:19.156	0.95877	0.95877			6
2024.03.13	01:38:36.099	0.95878	0.95878			6
2024.03.13	01:38:36.129	0.95877	0.95877			6
2024.03.13	01:38:40.588	0.95878	0.95878			6
2024.03.13	01:38:42.578	0.95877	0.95877			6
2024.03.13	01:38:44.574	0.95879	0.95879			6
2024.03.13	01:38:44.606	0.95877	0.95877			6
2024.03.13	01:38:48.296	0.95878	0.95878			6
2024.03.13	01:38:53.601	0.95877	0.95877			6
2024.03.13	01:38:56.167	0.95878	0.95878			6
2024.03.13	01:39:07.642	0.95877	0.95877			6
2024.03.13	01:39:18.511	0.95878	0.95878			6
2024.03.13	01:39:18.542	0.95877	0.95877			6
2024.03.13	01:39:26.989	0.95878	0.95878			6
2024.03.13	01:39:27.019	0.95877	0.95877			6
2024.03.13	01:39:35.474	0.95878	0.95878			6
2024.03.13	01:39:35.503	0.95877	0.95877			6
2024.03.13	01:39:36.288	0.95878	0.95878			6
2024.03.13	01:39:45.204	0.95879	0.95879			6
2024.03.13	01:39:45.384	0.95878	0.95878			6
2024.03.13	01:39:45.474	0.95879	0.95879			6
2024.03.13	01:39:45.843	0.95878	0.95878			6
2024.03.13	01:39:47.572	0.95879	0.95879			6
2024.03.13	01:39:48.614	0.95880	0.95880			6
2024.03.13	01:39:49.001	0.95879	0.95879			6
2024.03.13	01:39:51.084	0.95880	0.95880			6
2024.03.13	01:39:52.233	0.95879	0.95879			6
2024.03.13	01:40:00.921	0.95880	0.95880			6
2024.03.13	01:40:00.952	0.95879	0.95879			6
2024.03.13	01:40:05.861	0.95880	0.95880			6
2024.03.13	01:40:08.602	0.95878	0.95878			6
2024.03.13	01:40:09.981	0.95879	0.95879			6
2024.03.13	01:40:10.403	0.95878	0.95878			6
2024.03.13	01:40:15.875	0.95879	0.95879			6
2024.03.13	01:40:16.342	0.95877	0.95877			6
2024.03.13	01:40:17.220	0.95876	0.95876			6
2024.03.13	01:40:17.658	0.95877	0.95877			6
2024.03.13	01:40:17.904	0.95878	0.95878			6
2024.03.13	01:40:17.934	0.95877	0.95877			6
2024.03.13	01:40:18.146	0.95876	0.95876			6
2024.03.13	01:40:18.379	0.95877	0.95877			6
2024.03.13	01:40:18.410	0.95878	0.95878			6
2024.03.13	01:40:18.864	0.95877	0.95877			6
2024.03.13	01:40:19.405	0.95878	0.95878			6
2024.03.13	01:40:21.280	0.95877	0.95877			6
2024.03.13	01:40:22.634	0.95878	0.95878			6
2024.03.13	01:40:22.665	0.95877	0.95877			6
2024.03.13	01:40:22.814	0.95878	0.95878			6
2024.03.13	01:40:26.385	0.95879	0.95879			6
2024.03.13	01:40:26.415	0.95878	0.95878			6
2024.03.13	01:40:27.292	0.95877	0.95877			6
2024.03.13	01:40:34.856	0.95878	0.95878			6
2024.03.13	01:40:34.886	0.95877	0.95877			6
2024.03.13	01:40:37.489	0.95876	0.95876			6
2024.03.13	01:40:37.919	0.95877	0.95877			6
2024.03.13	01:40:43.341	0.95878	0.95878			6
2024.03.13	01:40:43.371	0.95877	0.95877			6
2024.03.13	01:40:45.781	0.95876	0.95876			6
2024.03.13	01:40:47.657	0.95874	0.95874			6
2024.03.13	01:40:47.747	0.95876	0.95876			6
2024.03.13	01:40:48.143	0.95875	0.95875			6
2024.03.13	01:40:53.931	0.95876	0.95876			6
2024.03.13	01:40:53.991	0.95874	0.95874			6
2024.03.13	01:40:54.548	0.95875	0.95875			6
2024.03.13	01:40:54.878	0.95876	0.95876			6
2024.03.13	01:40:56.332	0.95875	0.95875			6
2024.03.13	01:40:59.612	0.95876	0.95876			6
2024.03.13	01:41:00.041	0.95875	0.95875			6
2024.03.13	01:41:00.312	0.95876	0.95876			6
2024.03.13	01:41:00.343	0.95875	0.95875			6
2024.03.13	01:41:07.533	0.95876	0.95876			6
2024.03.13	01:41:10.956	0.95875	0.95875			6
2024.03.13	01:41:17.279	0.95876	0.95876			6
2024.03.13	01:41:17.309	0.95875	0.95875			6
2024.03.13	01:41:24.002	0.95876	0.95876			6
2024.03.13	01:41:24.031	0.95875	0.95875			6
2024.03.13	01:41:24.646	0.95874	0.95874			6
2024.03.13	01:41:25.048	0.95876	0.95876			6
2024.03.13	01:41:25.078	0.95875	0.95875			6
2024.03.13	01:41:26.778	0.95876	0.95876			6
2024.03.13	01:41:27.698	0.95875	0.95875			6
2024.03.13	01:41:28.705	0.95876	0.95876			6
2024.03.13	01:41:30.710	0.95875	0.95875			6
2024.03.13	01:41:34.252	0.95876	0.95876			6
2024.03.13	01:41:34.280	0.95875	0.95875			6
2024.03.13	01:41:42.721	0.95876	0.95876			6
2024.03.13	01:41:42.752	0.95875	0.95875			6
2024.03.13	01:41:51.212	0.95876	0.95876			6
2024.03.13	01:41:51.242	0.95875	0.95875			6
2024.03.13	01:41:57.140	0.95876	0.95876			6
2024.03.13	01:42:00.538	0.95875	0.95875			6
2024.03.13	01:42:03.351	0.95876	0.95876			6
2024.03.13	01:42:03.722	0.95875	0.95875			6
2024.03.13	01:42:06.084	0.95876	0.95876			6
2024.03.13	01:42:16.219	0.95881	0.95881			6
2024.03.13	01:42:16.656	0.95882	0.95882			6
2024.03.13	01:42:16.686	0.95881	0.95881			6
2024.03.13	01:42:33.610	0.95882	0.95882			6
2024.03.13	01:42:33.640	0.95881	0.95881			6
2024.03.13	01:42:59.071	0.95882	0.95882			6
2024.03.13	01:42:59.101	0.95881	0.95881			6
2024.03.13	01:43:07.554	0.95882	0.95882			6
2024.03.13	01:43:07.585	0.95881	0.95881			6
2024.03.13	01:43:16.041	0.95882	0.95882			6
2024.03.13	01:43:16.072	0.95881	0.95881			6
2024.03.13	01:43:46.166	0.95880	0.95880			6
2024.03.13	01:43:49.850	0.95877	0.95877			6
2024.03.13	01:43:49.881	0.95879	0.95879			6
2024.03.13	01:43:50.227	0.95878	0.95878			6
2024.03.13	01:43:50.597	0.95879	0.95879			6
2024.03.13	01:44:05.111	0.95879				2
2024.03.13	01:44:11.454	0.95878	0.95878			6
2024.03.13	01:44:15.426	0.95879	0.95879			6
2024.03.13	01:44:15.456	0.95878	0.95878			6
2024.03.13	01:44:21.265	0.95879	0.95879			6
2024.03.13	01:44:23.891	0.95880	0.95880			6
2024.03.13	01:44:23.921	0.95879	0.95879			6
2024.03.13	01:44:30.631	0.95878	0.95878			6
2024.03.13	01:44:36.771	0.95879	0.95879			6
2024.03.13	01:44:37.646	0.95878	0.95878			6
2024.03.13	01:44:41.308	0.95877	0.95877			6
2024.03.13	01:44:43.759	0.95878	0.95878			6
2024.03.13	01:44:44.542	0.95877	0.95877			6
2024.03.13	01:44:47.837	0.95878	0.95878			6
2024.03.13	01:44:49.340	0.95879	0.95879			6
2024.03.13	01:44:49.372	0.95878	0.95878			6
2024.03.13	01:45:02.292	0.95879	0.95879			6
2024.03.13	01:45:03.600	0.95878	0.95878			6
2024.03.13	01:45:03.841	0.95879	0.95879			6
2024.03.13	01:45:13.089	0.95878	0.95878			6
2024.03.13	01:45:13.179	0.95879	0.95879			6
2024.03.13	01:45:13.771	0.95878	0.95878			6
2024.03.13	01:45:14.293	0.95879	0.95879			6
2024.03.13	01:45:14.444	0.95878	0.95878			6
2024.03.13	01:45:14.805	0.95879	0.95879			6
2024.03.13	01:45:14.835	0.95878	0.95878			6
2024.03.13	01:45:17.132	0.95879	0.95879			6
2024.03.13	01:45:31.771	0.95880	0.95880			6
2024.03.13	01:45:31.802	0.95879	0.95879			6
2024.03.13	01:45:32.873	0.95878	0.95878			6
2024.03.13	01:45:33.550	0.95877	0.95877			6
2024.03.13	01:45:33.609	0.95876	0.95876			6
2024.03.13	01:45:33.640	0.95875	0.95875			6
2024.03.13	01:45:33.861	0.95876	0.95876			6
2024.03.13	01:45:34.635	0.95874	0.95874			6
2024.03.13	01:45:36.039	0.95876	0.95876			6
2024.03.13	01:45:36.226	0.95878	0.95878			6
2024.03.13	01:45:36.255	0.95879	0.95879			6
2024.03.13	01:45:37.300	0.95878	0.95878			6
2024.03.13	01:45:41.101	0.95879	0.95879			6
2024.03.13	01:45:42.110	0.95878	0.95878			6
2024.03.13	01:45:46.638	0.95879	0.95879			6
2024.03.13	01:45:48.282	0.95878	0.95878			6
2024.03.13	01:45:48.956	0.95879	0.95879			6
2024.03.13	01:45:57.218	0.95880	0.95880			6
2024.03.13	01:45:57.249	0.95879	0.95879			6
2024.03.13	01:45:58.402	0.95878	0.95878			6
2024.03.13	01:45:59.786	0.95879	0.95879			6
2024.03.13	01:46:00.512	0.95878	0.95878			6
2024.03.13	01:46:01.117	0.95879	0.95879			6
2024.03.13	01:46:03.167	0.95878	0.95878			6
2024.03.13	01:46:04.741	0.95879	0.95879			6
2024.03.13	01:46:05.696	0.95880	0.95880			6
2024.03.13	01:46:05.725	0.95879	0.95879			6
2024.03.13	01:46:07.138	0.95878	0.95878			6
2024.03.13	01:46:08.770	0.95879	0.95879			6
2024.03.13	01:46:09.396	0.95878	0.95878			6
2024.03.13	01:46:10.867	0.95879	0.95879			6
2024.03.13	01:46:14.701	0.95878	0.95878			6
2024.03.13	01:46:15.003	0.95879	0.95879			6
2024.03.13	01:46:16.205	0.95877	0.95877			6
2024.03.13	01:46:17.022	0.95879	0.95879			6
2024.03.13	01:46:17.262	0.95877	0.95877			6
2024.03.13	01:46:18.013	0.95879	0.95879			6
2024.03.13	01:46:18.312	0.95877	0.95877			6
2024.03.13	01:46:19.641	0.95879	0.95879			6
2024.03.13	01:46:20.277	0.95877	0.95877			6
2024.03.13	01:46:20.742	0.95879	0.95879			6
2024.03.13	01:46:21.305	0.95877	0.95877			6
2024.03.13	01:46:22.668	0.95878	0.95878			6
2024.03.13	01:46:22.699	0.95877	0.95877			6
2024.03.13	01:46:22.886	0.95879	0.95879			6
2024.03.13	01:46:23.380	0.95877	0.95877			6
2024.03.13	01:46:25.234	0.95879	0.95879			6
2024.03.13	01:46:25.545	0.95877	0.95877			6
2024.03.13	01:46:26.371	0.95879	0.95879			6
2024.03.13	01:46:27.249	0.95877	0.95877			6
2024.03.13	01:46:28.267	0.95879	0.95879			6
2024.03.13	01:46:30.241	0.95877	0.95877			6
2024.03.13	01:46:30.514	0.95879	0.95879			6
2024.03.13	01:46:31.133	0.95880	0.95880			6
2024.03.13	01:46:31.164	0.95879	0.95879			6
2024.03.13	01:46:31.289	0.95877	0.95877			6
2024.03.13	01:46:31.560	0.95879	0.95879			6
2024.03.13	01:46:33.364	0.95877	0.95877			6
2024.03.13	01:46:33.635	0.95879	0.95879			6
2024.03.13	01:46:34.710	0.95877	0.95877			6
2024.03.13	01:46:39.266	0.95879	0.95879			6
2024.03.13	01:46:39.618	0.95880	0.95880			6
2024.03.13	01:46:39.648	0.95879	0.95879			6
2024.03.13	01:46:40.200	0.95877	0.95877			6
2024.03.13	01:46:40.761	0.95879	0.95879			6
2024.03.13	01:46:41.093	0.95878	0.95878			6
2024.03.13	01:46:41.364	0.95879	0.95879			6
2024.03.13	01:46:45.372	0.95877	0.95877			6
2024.03.13	01:46:45.666	0.95879	0.95879			6
2024.03.13	01:46:49.540	0.95877	0.95877			6
2024.03.13	01:46:50.066	0.95879	0.95879			6
2024.03.13	01:46:50.439	0.95877	0.95877			6
2024.03.13	01:46:50.879	0.95879	0.95879			6
2024.03.13	01:46:51.372	0.95877	0.95877			6
2024.03.13	01:46:51.648	0.95879	0.95879			6
2024.03.13	01:46:51.989	0.95877	0.95877			6
2024.03.13	01:46:52.896	0.95879	0.95879			6
2024.03.13	01:46:55.847	0.95878	0.95878			6
2024.03.13	01:46:56.211	0.95879	0.95879			6
2024.03.13	01:46:56.606	0.95880	0.95880			6
2024.03.13	01:46:56.635	0.95879	0.95879			6
2024.03.13	01:46:57.833	0.95878	0.95878			6
2024.03.13	01:47:00.012	0.95878				2
2024.03.13	01:47:00.493	0.95879	0.95879			6
2024.03.13	01:47:02.224	0.95878	0.95878			6
2024.03.13	01:47:02.255	0.95879	0.95879			6
2024.03.13	01:47:02.286	0.95878	0.95878			6
2024.03.13	01:47:02.642	0.95877	0.95877			6
2024.03.13	01:47:04.204	0.95879	0.95879			6
2024.03.13	01:47:04.324	0.95877	0.95877			6
2024.03.13	01:47:04.769	0.95878	0.95878			6
2024.03.13	01:47:04.858	0.95879	0.95879			6
2024.03.13	01:47:05.077	0.95880	0.95880			6
2024.03.13	01:47:05.107	0.95879	0.95879			6
2024.03.13	01:47:11.601	0.95878	0.95878			6
2024.03.13	01:47:12.592	0.95879	0.95879			6
2024.03.13	01:47:19.055	0.95878	0.95878			6
2024.03.13	01:47:19.979	0.95879	0.95879			6
2024.03.13	01:47:22.041	0.95880	0.95880			6
2024.03.13	01:47:22.071	0.95879	0.95879			6
2024.03.13	01:47:22.561	0.95877	0.95877			6
2024.03.13	01:47:23.110	0.95878	0.95878			6
2024.03.13	01:47:26.719	0.95879	0.95879			6
2024.03.13	01:47:28.530	0.95878	0.95878			6
2024.03.13	01:47:30.526	0.95879	0.95879			6
2024.03.13	01:47:30.557	0.95878	0.95878			6
2024.03.13	01:47:30.677	0.95879	0.95879			6
2024.03.13	01:47:30.886	0.95878	0.95878			6
2024.03.13	01:47:31.418	0.95877	0.95877			6
2024.03.13	01:47:31.478	0.95878	0.95878			6
2024.03.13	01:47:31.508	0.95876	0.95876			6
2024.03.13	01:47:31.627	0.95875	0.95875			6
2024.03.13	01:47:31.717	0.95876	0.95876			6
2024.03.13	01:47:32.370	0.95875	0.95875			6
2024.03.13	01:47:32.463	0.95876	0.95876			6
2024.03.13	01:47:36.227	0.95877	0.95877			6
2024.03.13	01:47:36.256	0.95878	0.95878			6
2024.03.13	01:47:36.797	0.95879	0.95879			6
2024.03.13	01:47:52.145	0.95880	0.95880			6
2024.03.13	01:48:01.082	0.95879	0.95879			6
2024.03.13	01:48:01.839	0.95880	0.95880			6
2024.03.13	01:48:02.101	0.95879	0.95879			6
