<DATE>	<TIME>	<BID>	<ASK>	<LAST>	<VOLUME>	<FLAGS>
2024.03.25	00:00:02.229	0.96974	0.96974			6
2024.03.25	00:00:03.736	0.96973	0.96973			6
2024.03.25	00:00:04.058	0.96981	0.96981			6
2024.03.25	00:00:04.176	0.96973	0.96973			6
2024.03.25	00:00:04.197	0.96981	0.96981			6
2024.03.25	00:00:04.266	0.96979	0.96979			6
2024.03.25	00:00:04.358	0.96972	0.96972			6
2024.03.25	00:00:04.358	0.96979	0.96979			6
2024.03.25	00:00:04.386	0.96973	0.96973			6
2024.03.25	00:00:04.467	0.96978	0.96978			6
2024.03.25	00:00:04.467	0.96977	0.96977			6
2024.03.25	00:00:04.575	0.96972	0.96972			6
2024.03.25	00:00:04.612	0.96973	0.96973			6
2024.03.25	00:00:04.637	0.96972	0.96972			6
2024.03.25	00:00:04.801	0.96973	0.96973			6
2024.03.25	00:00:04.801	0.96974	0.96974			6
2024.03.25	00:00:04.854	0.96973	0.96973			6
2024.03.25	00:00:04.880	0.96972	0.96972			6
2024.03.25	00:00:04.891	0.96973	0.96973			6
2024.03.25	00:00:04.891	0.96972	0.96972			6
2024.03.25	00:00:05.011	0.96969	0.96969			6
2024.03.25	00:00:05.011	0.96968	0.96968			6
2024.03.25	00:00:05.012	0.96971	0.96971			6
2024.03.25	00:00:05.022	0.96970	0.96970			6
2024.03.25	00:00:05.078	0.96971	0.96971			6
2024.03.25	00:00:05.088	0.96973	0.96973			6
2024.03.25	00:00:05.088	0.96974	0.96974			6
2024.03.25	00:00:05.088	0.96977	0.96977			6
2024.03.25	00:00:05.088	0.96975	0.96975			6
2024.03.25	00:00:05.100	0.96976	0.96976			6
2024.03.25	00:00:05.113	0.96975	0.96975			6
2024.03.25	00:00:05.113	0.96976	0.96976			6
2024.03.25	00:00:05.115	0.96975	0.96975			6
2024.03.25	00:00:05.133	0.96974	0.96974			6
2024.03.25	00:00:05.136	0.96975	0.96975			6
2024.03.25	00:00:05.137	0.96973	0.96973			6
2024.03.25	00:00:05.138	0.96976	0.96976			6
2024.03.25	00:00:05.138	0.96974	0.96974			6
2024.03.25	00:00:05.138	0.96975	0.96975			6
2024.03.25	00:00:05.141	0.96974	0.96974			6
2024.03.25	00:00:05.141	0.96975	0.96975			6
2024.03.25	00:00:05.141	0.96974	0.96974			6
2024.03.25	00:00:05.141	0.96975	0.96975			6
2024.03.25	00:00:05.142	0.96974	0.96974			6
2024.03.25	00:00:05.142	0.96976	0.96976			6
2024.03.25	00:00:05.142	0.96977	0.96977			6
2024.03.25	00:00:05.144	0.96976	0.96976			6
2024.03.25	00:00:05.144	0.96977	0.96977			6
2024.03.25	00:00:05.146	0.96976	0.96976			6
2024.03.25	00:00:05.146	0.96977	0.96977			6
2024.03.25	00:00:05.156	0.96976	0.96976			6
2024.03.25	00:00:05.157	0.96979	0.96979			6
2024.03.25	00:00:05.157	0.96978	0.96978			6
2024.03.25	00:00:05.174	0.96977	0.96977			6
2024.03.25	00:00:05.174	0.96980	0.96980			6
2024.03.25	00:00:05.187	0.96981	0.96981			6
2024.03.25	00:00:05.198	0.96979	0.96979			6
2024.03.25	00:00:05.199	0.96976	0.96976			6
2024.03.25	00:00:05.199	0.96975	0.96975			6
2024.03.25	00:00:05.217	0.96971	0.96971			6
2024.03.25	00:00:05.217	0.96964	0.96964			6
2024.03.25	00:00:05.246	0.96961	0.96961			6
2024.03.25	00:00:05.247	0.96960	0.96960			6
2024.03.25	00:00:05.248	0.96962	0.96962			6
2024.03.25	00:00:05.248	0.96963	0.96963			6
2024.03.25	00:00:05.248	0.96965	0.96965			6
2024.03.25	00:00:05.267	0.96964	0.96964			6
2024.03.25	00:00:05.267	0.96962	0.96962			6
2024.03.25	00:00:05.267	0.96963	0.96963			6
2024.03.25	00:00:05.268	0.96962	0.96962			6
2024.03.25	00:00:05.268	0.96970	0.96970			6
2024.03.25	00:00:05.268	0.96975	0.96975			6
2024.03.25	00:00:05.268	0.96972	0.96972			6
2024.03.25	00:00:05.269	0.96973	0.96973			6
2024.03.25	00:00:05.269	0.96974	0.96974			6
2024.03.25	00:00:05.269	0.96973	0.96973			6
2024.03.25	00:00:05.269	0.96974	0.96974			6
2024.03.25	00:00:05.269	0.96973	0.96973			6
2024.03.25	00:00:05.269	0.96974	0.96974			6
2024.03.25	00:00:05.270	0.96979	0.96979			6
2024.03.25	00:00:05.270	0.96980	0.96980			6
2024.03.25	00:00:05.270	0.96981	0.96981			6
2024.03.25	00:00:05.271	0.96980	0.96980			6
2024.03.25	00:00:05.271	0.96977	0.96977			6
2024.03.25	00:00:05.271	0.96978	0.96978			6
2024.03.25	00:00:05.271	0.96981	0.96981			6
2024.03.25	00:00:05.271	0.96978	0.96978			6
2024.03.25	00:00:05.271	0.96985	0.96985			6
2024.03.25	00:00:05.272	0.96986	0.96986			6
2024.03.25	00:00:05.272	0.96987	0.96987			6
2024.03.25	00:00:05.272	0.96986	0.96986			6
2024.03.25	00:00:05.272	0.96985	0.96985			6
2024.03.25	00:00:05.272	0.96982	0.96982			6
2024.03.25	00:00:05.272	0.96983	0.96983			6
2024.03.25	00:00:05.272	0.96982	0.96982			6
2024.03.25	00:00:05.273	0.96983	0.96983			6
2024.03.25	00:00:05.273	0.96982	0.96982			6
2024.03.25	00:00:05.273	0.96981	0.96981			6
2024.03.25	00:00:05.281	0.96986	0.96986			6
2024.03.25	00:00:05.317	0.96981	0.96981			6
2024.03.25	00:00:05.335	0.96980	0.96980			6
2024.03.25	00:00:05.365	0.96987	0.96987			6
2024.03.25	00:00:05.395	0.96984	0.96984			6
2024.03.25	00:00:05.426	0.96986	0.96986			6
2024.03.25	00:00:05.456	0.96980	0.96980			6
2024.03.25	00:00:05.485	0.96985	0.96985			6
2024.03.25	00:00:05.517	0.96980	0.96980			6
2024.03.25	00:00:05.712	0.96979	0.96979			6
2024.03.25	00:00:05.959	0.96984	0.96984			6
2024.03.25	00:00:05.989	0.96979	0.96979			6
2024.03.25	00:00:06.049	0.96983	0.96983			6
2024.03.25	00:00:06.079	0.96979	0.96979			6
2024.03.25	00:00:06.602	0.96980	0.96980			6
2024.03.25	00:00:06.632	0.96985	0.96985			6
2024.03.25	00:00:06.661	0.96988	0.96988			6
2024.03.25	00:00:06.692	0.96981	0.96981			6
2024.03.25	00:00:06.784	0.96984	0.96984			6
2024.03.25	00:00:06.814	0.96988	0.96988			6
2024.03.25	00:00:06.844	0.96984	0.96984			6
2024.03.25	00:00:06.875	0.96985	0.96985			6
2024.03.25	00:00:06.905	0.96983	0.96983			6
2024.03.25	00:00:07.025	0.96982	0.96982			6
2024.03.25	00:00:07.117	0.96992	0.96992			6
2024.03.25	00:00:07.146	0.96985	0.96985			6
2024.03.25	00:00:07.176	0.96981	0.96981			6
2024.03.25	00:00:07.205	0.96979	0.96979			6
2024.03.25	00:00:07.265	0.96985	0.96985			6
2024.03.25	00:00:07.296	0.96979	0.96979			6
2024.03.25	00:00:07.393	0.96980	0.96980			6
2024.03.25	00:00:07.484	0.96983	0.96983			6
2024.03.25	00:00:07.514	0.96984	0.96984			6
2024.03.25	00:00:07.544	0.96979	0.96979			6
2024.03.25	00:00:07.574	0.96983	0.96983			6
2024.03.25	00:00:07.605	0.96976	0.96976			6
2024.03.25	00:00:07.639	0.96977	0.96977			6
2024.03.25	00:00:07.781	0.96979	0.96979			6
2024.03.25	00:00:07.871	0.96977	0.96977			6
2024.03.25	00:00:07.998	0.96982	0.96982			6
2024.03.25	00:00:08.028	0.96979	0.96979			6
2024.03.25	00:00:08.240	0.96980	0.96980			6
2024.03.25	00:00:08.271	0.96985	0.96985			6
2024.03.25	00:00:08.301	0.96980	0.96980			6
2024.03.25	00:00:08.480	0.96985	0.96985			6
2024.03.25	00:00:08.510	0.96979	0.96979			6
2024.03.25	00:00:08.631	0.96978	0.96978			6
2024.03.25	00:00:08.690	0.96979	0.96979			6
2024.03.25	00:00:08.751	0.96980	0.96980			6
2024.03.25	00:00:08.781	0.96979	0.96979			6
2024.03.25	00:00:08.902	0.96983	0.96983			6
2024.03.25	00:00:08.932	0.96980	0.96980			6
2024.03.25	00:00:08.962	0.96979	0.96979			6
2024.03.25	00:00:09.393	0.96982	0.96982			6
2024.03.25	00:00:09.423	0.96978	0.96978			6
2024.03.25	00:00:09.589	0.96979	0.96979			6
2024.03.25	00:00:10.210	0.96982	0.96982			6
2024.03.25	00:00:10.241	0.96979	0.96979			6
2024.03.25	00:00:10.637	0.96982	0.96982			6
2024.03.25	00:00:10.667	0.96980	0.96980			6
2024.03.25	00:00:11.382	0.96981	0.96981			6
2024.03.25	00:00:11.412	0.96980	0.96980			6
2024.03.25	00:00:12.064	0.96984	0.96984			6
2024.03.25	00:00:12.094	0.96979	0.96979			6
2024.03.25	00:00:12.494	0.96984	0.96984			6
2024.03.25	00:00:12.525	0.96979	0.96979			6
2024.03.25	00:00:12.584	0.96980	0.96980			6
2024.03.25	00:00:12.645	0.96981	0.96981			6
2024.03.25	00:00:13.012	0.96985	0.96985			6
2024.03.25	00:00:13.042	0.96982	0.96982			6
2024.03.25	00:00:13.194	0.96983	0.96983			6
2024.03.25	00:00:13.224	0.96982	0.96982			6
2024.03.25	00:00:13.254	0.96981	0.96981			6
2024.03.25	00:00:13.283	0.96982	0.96982			6
2024.03.25	00:00:13.344	0.96985	0.96985			6
2024.03.25	00:00:13.373	0.96983	0.96983			6
2024.03.25	00:00:13.404	0.96987	0.96987			6
2024.03.25	00:00:13.434	0.96988	0.96988			6
2024.03.25	00:00:13.493	0.96989	0.96989			6
2024.03.25	00:00:13.523	0.96988	0.96988			6
2024.03.25	00:00:13.690	0.96991	0.96991			6
2024.03.25	00:00:13.704	0.96988	0.96988			6
2024.03.25	00:00:14.157	0.96993	0.96993			6
2024.03.25	00:00:14.350	0.96991	0.96991			6
2024.03.25	00:00:14.410	0.96994	0.96994			6
2024.03.25	00:00:14.439	0.96993	0.96993			6
2024.03.25	00:00:14.468	0.96991	0.96991			6
2024.03.25	00:00:14.649	0.96989	0.96989			6
2024.03.25	00:00:14.709	0.96994	0.96994			6
2024.03.25	00:00:14.740	0.96989	0.96989			6
2024.03.25	00:00:14.800	0.96997	0.96997			6
2024.03.25	00:00:14.829	0.96999	0.96999			6
2024.03.25	00:00:14.981	0.97000	0.97000			6
2024.03.25	00:00:15.012	0.96997	0.96997			6
2024.03.25	00:00:15.780	0.96998	0.96998			6
2024.03.25	00:00:15.810	0.97001	0.97001			6
2024.03.25	00:00:15.840	0.96997	0.96997			6
2024.03.25	00:00:16.145	0.96998	0.96998			6
2024.03.25	00:00:16.386	0.96997	0.96997			6
2024.03.25	00:00:16.416	0.96996	0.96996			6
2024.03.25	00:00:16.475	0.96997	0.96997			6
2024.03.25	00:00:16.596	0.96996	0.96996			6
2024.03.25	00:00:16.656	0.96997	0.96997			6
2024.03.25	00:00:16.685	0.96996	0.96996			6
2024.03.25	00:00:16.806	0.96998	0.96998			6
2024.03.25	00:00:16.836	0.96997	0.96997			6
2024.03.25	00:00:16.898	0.96998	0.96998			6
2024.03.25	00:00:16.927	0.96997	0.96997			6
2024.03.25	00:00:17.197	0.96998	0.96998			6
2024.03.25	00:00:17.378	0.96999	0.96999			6
2024.03.25	00:00:17.678	0.96998	0.96998			6
2024.03.25	00:00:17.708	0.96999	0.96999			6
2024.03.25	00:00:17.767	0.96998	0.96998			6
2024.03.25	00:00:17.798	0.96999	0.96999			6
2024.03.25	00:00:18.290	0.96998	0.96998			6
2024.03.25	00:00:18.350	0.96997	0.96997			6
2024.03.25	00:00:18.380	0.96994	0.96994			6
2024.03.25	00:00:18.543	0.96995	0.96995			6
2024.03.25	00:00:18.602	0.96996	0.96996			6
2024.03.25	00:00:18.662	0.96997	0.96997			6
2024.03.25	00:00:18.784	0.96998	0.96998			6
2024.03.25	00:00:18.995	0.96996	0.96996			6
2024.03.25	00:00:19.261	0.96997	0.96997			6
2024.03.25	00:00:19.411	0.96998	0.96998			6
2024.03.25	00:00:19.441	0.96997	0.96997			6
2024.03.25	00:00:19.579	0.96996	0.96996			6
2024.03.25	00:00:19.609	0.96998	0.96998			6
2024.03.25	00:00:19.821	0.96999	0.96999			6
2024.03.25	00:00:20.061	0.97001	0.97001			6
2024.03.25	00:00:20.150	0.96998	0.96998			6
2024.03.25	00:00:20.180	0.96999	0.96999			6
2024.03.25	00:00:20.271	0.96998	0.96998			6
2024.03.25	00:00:20.364	0.97000	0.97000			6
2024.03.25	00:00:20.394	0.96999	0.96999			6
2024.03.25	00:00:20.581	0.97001	0.97001			6
2024.03.25	00:00:20.611	0.96998	0.96998			6
2024.03.25	00:00:20.642	0.97001	0.97001			6
2024.03.25	00:00:20.672	0.97000	0.97000			6
2024.03.25	00:00:20.884	0.96999	0.96999			6
2024.03.25	00:00:21.004	0.97001	0.97001			6
2024.03.25	00:00:21.381	0.96998	0.96998			6
2024.03.25	00:00:21.621	0.96999	0.96999			6
2024.03.25	00:00:21.877	0.97000	0.97000			6
2024.03.25	00:00:21.906	0.96999	0.96999			6
2024.03.25	00:00:21.936	0.97000	0.97000			6
2024.03.25	00:00:23.063	0.96998	0.96998			6
2024.03.25	00:00:23.925	0.96997	0.96997			6
2024.03.25	00:00:23.961	0.96998	0.96998			6
2024.03.25	00:00:24.171	0.96999	0.96999			6
2024.03.25	00:00:24.758	0.97000	0.97000			6
2024.03.25	00:00:26.192	0.96999	0.96999			6
2024.03.25	00:00:26.994	0.96998	0.96998			6
2024.03.25	00:00:27.360	0.96999	0.96999			6
2024.03.25	00:00:27.392	0.96998	0.96998			6
2024.03.25	00:00:27.643	0.96999	0.96999			6
2024.03.25	00:00:28.746	0.97000	0.97000			6
2024.03.25	00:00:30.208	0.97002	0.97002			6
2024.03.25	00:00:30.357	0.97001	0.97001			6
2024.03.25	00:00:30.839	0.97000	0.97000			6
2024.03.25	00:00:30.900	0.96995	0.96995			6
2024.03.25	00:00:30.929	0.96996	0.96996			6
2024.03.25	00:00:30.958	0.96989	0.96989			6
2024.03.25	00:00:30.989	0.96995	0.96995			6
2024.03.25	00:00:31.018	0.96993	0.96993			6
2024.03.25	00:00:31.048	0.96989	0.96989			6
2024.03.25	00:00:31.078	0.96988	0.96988			6
2024.03.25	00:00:31.137	0.96987	0.96987			6
2024.03.25	00:00:31.170	0.96988	0.96988			6
2024.03.25	00:00:31.439	0.96987	0.96987			6
2024.03.25	00:00:31.498	0.96991	0.96991			6
2024.03.25	00:00:31.619	0.96989	0.96989			6
2024.03.25	00:00:32.768	0.96991	0.96991			6
2024.03.25	00:00:32.798	0.96990	0.96990			6
2024.03.25	00:00:33.262	0.96991	0.96991			6
2024.03.25	00:00:34.971	0.96992	0.96992			6
2024.03.25	00:00:35.584	0.96991	0.96991			6
2024.03.25	00:00:36.641	0.96992	0.96992			6
2024.03.25	00:00:36.983	0.96991	0.96991			6
2024.03.25	00:00:37.156	0.96989	0.96989			6
2024.03.25	00:00:37.187	0.96987	0.96987			6
2024.03.25	00:00:37.247	0.96988	0.96988			6
2024.03.25	00:00:37.277	0.96986	0.96986			6
2024.03.25	00:00:37.847	0.96987	0.96987			6
2024.03.25	00:00:39.772	0.96988	0.96988			6
2024.03.25	00:00:39.954	0.96989	0.96989			6
2024.03.25	00:00:39.984	0.96988	0.96988			6
2024.03.25	00:00:40.103	0.96986	0.96986			6
2024.03.25	00:00:40.239	0.96988	0.96988			6
2024.03.25	00:00:40.543	0.96989	0.96989			6
2024.03.25	00:00:40.574	0.96988	0.96988			6
2024.03.25	00:00:40.997	0.96986	0.96986			6
2024.03.25	00:00:41.813	0.96988	0.96988			6
2024.03.25	00:00:41.843	0.96986	0.96986			6
2024.03.25	00:00:41.873	0.96985	0.96985			6
2024.03.25	00:00:41.903	0.96986	0.96986			6
2024.03.25	00:00:41.933	0.96985	0.96985			6
2024.03.25	00:00:41.994	0.96988	0.96988			6
2024.03.25	00:00:42.024	0.96986	0.96986			6
2024.03.25	00:00:42.085	0.96987	0.96987			6
2024.03.25	00:00:42.145	0.96989	0.96989			6
2024.03.25	00:00:42.581	0.96990	0.96990			6
2024.03.25	00:00:42.640	0.96991	0.96991			6
2024.03.25	00:00:42.671	0.96990	0.96990			6
2024.03.25	00:00:43.240	0.96991	0.96991			6
2024.03.25	00:00:44.621	0.96992	0.96992			6
2024.03.25	00:00:45.482	0.96991	0.96991			6
2024.03.25	00:00:45.512	0.96989	0.96989			6
2024.03.25	00:00:45.574	0.96990	0.96990			6
2024.03.25	00:00:45.602	0.96991	0.96991			6
2024.03.25	00:00:45.906	0.96992	0.96992			6
2024.03.25	00:00:46.331	0.96990	0.96990			6
2024.03.25	00:00:46.695	0.96991	0.96991			6
2024.03.25	00:00:46.876	0.96992	0.96992			6
2024.03.25	00:00:47.332	0.96991	0.96991			6
2024.03.25	00:00:47.422	0.96990	0.96990			6
2024.03.25	00:00:47.453	0.96991	0.96991			6
2024.03.25	00:00:47.482	0.96990	0.96990			6
2024.03.25	00:00:47.542	0.96991	0.96991			6
2024.03.25	00:00:48.185	0.96992	0.96992			6
2024.03.25	00:00:48.576	0.96991	0.96991			6
2024.03.25	00:00:48.607	0.96990	0.96990			6
2024.03.25	00:00:48.726	0.96991	0.96991			6
2024.03.25	00:00:49.264	0.96992	0.96992			6
2024.03.25	00:00:49.295	0.96991	0.96991			6
2024.03.25	00:00:50.343	0.96992	0.96992			6
2024.03.25	00:00:50.554	0.96990	0.96990			6
2024.03.25	00:00:50.584	0.96991	0.96991			6
2024.03.25	00:00:50.704	0.96992	0.96992			6
2024.03.25	00:00:50.866	0.96993	0.96993			6
2024.03.25	00:00:51.195	0.96991	0.96991			6
2024.03.25	00:00:51.377	0.96989	0.96989			6
2024.03.25	00:00:51.588	0.96990	0.96990			6
2024.03.25	00:00:51.649	0.96991	0.96991			6
2024.03.25	00:00:51.781	0.96992	0.96992			6
2024.03.25	00:00:51.811	0.96990	0.96990			6
2024.03.25	00:00:52.194	0.96991	0.96991			6
2024.03.25	00:00:52.452	0.96992	0.96992			6
2024.03.25	00:00:52.543	0.96990	0.96990			6
2024.03.25	00:00:52.633	0.96991	0.96991			6
2024.03.25	00:00:52.663	0.96990	0.96990			6
2024.03.25	00:00:52.694	0.96991	0.96991			6
2024.03.25	00:00:52.724	0.96990	0.96990			6
2024.03.25	00:00:52.754	0.96989	0.96989			6
2024.03.25	00:00:53.024	0.96991	0.96991			6
2024.03.25	00:00:53.111	0.96990	0.96990			6
2024.03.25	00:00:53.141	0.96987	0.96987			6
2024.03.25	00:00:53.171	0.96986	0.96986			6
2024.03.25	00:00:53.200	0.96987	0.96987			6
2024.03.25	00:00:53.231	0.96988	0.96988			6
2024.03.25	00:00:53.261	0.96987	0.96987			6
2024.03.25	00:00:53.321	0.96988	0.96988			6
2024.03.25	00:00:53.532	0.96990	0.96990			6
2024.03.25	00:00:53.562	0.96989	0.96989			6
2024.03.25	00:00:53.919	0.96990	0.96990			6
2024.03.25	00:00:53.949	0.96989	0.96989			6
2024.03.25	00:00:53.979	0.96990	0.96990			6
2024.03.25	00:00:54.075	0.96989	0.96989			6
2024.03.25	00:00:54.106	0.96990	0.96990			6
2024.03.25	00:00:54.136	0.96988	0.96988			6
2024.03.25	00:00:54.226	0.96989	0.96989			6
2024.03.25	00:00:54.256	0.96988	0.96988			6
2024.03.25	00:00:54.316	0.96989	0.96989			6
2024.03.25	00:00:54.375	0.96988	0.96988			6
2024.03.25	00:00:54.530	0.96990	0.96990			6
2024.03.25	00:00:54.650	0.96991	0.96991			6
2024.03.25	00:00:54.680	0.96990	0.96990			6
2024.03.25	00:00:54.748	0.96988	0.96988			6
2024.03.25	00:00:54.779	0.96990	0.96990			6
2024.03.25	00:00:54.809	0.96989	0.96989			6
2024.03.25	00:00:54.838	0.96990	0.96990			6
2024.03.25	00:00:54.870	0.96988	0.96988			6
2024.03.25	00:00:55.811	0.96989	0.96989			6
2024.03.25	00:00:56.632	0.96988	0.96988			6
2024.03.25	00:00:56.694	0.96989	0.96989			6
2024.03.25	00:00:56.781	0.96988	0.96988			6
2024.03.25	00:00:56.931	0.96989	0.96989			6
2024.03.25	00:00:57.021	0.96988	0.96988			6
2024.03.25	00:00:57.050	0.96987	0.96987			6
2024.03.25	00:00:57.080	0.96986	0.96986			6
2024.03.25	00:00:57.201	0.96987	0.96987			6
2024.03.25	00:00:57.232	0.96988	0.96988			6
2024.03.25	00:00:57.261	0.96989	0.96989			6
2024.03.25	00:00:57.363	0.96988	0.96988			6
2024.03.25	00:00:57.453	0.96987	0.96987			6
2024.03.25	00:00:57.633	0.96988	0.96988			6
2024.03.25	00:00:58.005	0.96989	0.96989			6
2024.03.25	00:00:58.095	0.96987	0.96987			6
2024.03.25	00:00:58.224	0.96988	0.96988			6
2024.03.25	00:00:58.254	0.96989	0.96989			6
2024.03.25	00:00:58.375	0.96988	0.96988			6
2024.03.25	00:00:58.406	0.96987	0.96987			6
2024.03.25	00:00:58.796	0.96988	0.96988			6
2024.03.25	00:00:58.977	0.96987	0.96987			6
2024.03.25	00:00:59.038	0.96986	0.96986			6
2024.03.25	00:00:59.068	0.96985	0.96985			6
2024.03.25	00:00:59.158	0.96984	0.96984			6
2024.03.25	00:00:59.187	0.96985	0.96985			6
2024.03.25	00:00:59.471	0.96984	0.96984			6
2024.03.25	00:00:59.622	0.96985	0.96985			6
2024.03.25	00:00:59.652	0.96984	0.96984			6
2024.03.25	00:00:59.682	0.96985	0.96985			6
2024.03.25	00:00:59.742	0.96984	0.96984			6
2024.03.25	00:00:59.802	0.96985	0.96985			6
2024.03.25	00:00:59.833	0.96984	0.96984			6
2024.03.25	00:00:59.894	0.96985	0.96985			6
2024.03.25	00:01:00.194	0.96984	0.96984			6
2024.03.25	00:01:00.524	0.96985	0.96985			6
2024.03.25	00:01:00.645	0.96984	0.96984			6
2024.03.25	00:01:00.885	0.96985	0.96985			6
2024.03.25	00:01:01.005	0.96984	0.96984			6
2024.03.25	00:01:01.214	0.96985	0.96985			6
2024.03.25	00:01:01.245	0.96984	0.96984			6
2024.03.25	00:01:02.281	0.96985	0.96985			6
2024.03.25	00:01:02.401	0.96986	0.96986			6
2024.03.25	00:01:02.431	0.96985	0.96985			6
2024.03.25	00:01:02.462	0.96986	0.96986			6
2024.03.25	00:01:02.673	0.96985	0.96985			6
2024.03.25	00:01:02.703	0.96986	0.96986			6
2024.03.25	00:01:03.843	0.96985	0.96985			6
2024.03.25	00:01:04.084	0.96986	0.96986			6
2024.03.25	00:01:04.506	0.96987	0.96987			6
2024.03.25	00:01:04.566	0.96988	0.96988			6
2024.03.25	00:01:05.340	0.96989	0.96989			6
2024.03.25	00:01:05.370	0.96987	0.96987			6
2024.03.25	00:01:05.400	0.96986	0.96986			6
2024.03.25	00:01:05.781	0.96988	0.96988			6
2024.03.25	00:01:05.901	0.96987	0.96987			6
2024.03.25	00:01:07.771	0.96989	0.96989			6
2024.03.25	00:01:07.801	0.96987	0.96987			6
2024.03.25	00:01:08.104	0.96986	0.96986			6
2024.03.25	00:01:08.134	0.96987	0.96987			6
2024.03.25	00:01:08.194	0.96988	0.96988			6
2024.03.25	00:01:08.496	0.96989	0.96989			6
2024.03.25	00:01:08.797	0.96988	0.96988			6
2024.03.25	00:01:09.156	0.96987	0.96987			6
2024.03.25	00:01:09.186	0.96988	0.96988			6
2024.03.25	00:01:09.279	0.96987	0.96987			6
2024.03.25	00:01:09.427	0.96985	0.96985			6
2024.03.25	00:01:09.701	0.96986	0.96986			6
2024.03.25	00:01:09.731	0.96987	0.96987			6
2024.03.25	00:01:09.791	0.96988	0.96988			6
2024.03.25	00:01:09.911	0.96987	0.96987			6
2024.03.25	00:01:10.370	0.96986	0.96986			6
2024.03.25	00:01:10.400	0.96987	0.96987			6
2024.03.25	00:01:13.453	0.96988	0.96988			6
2024.03.25	00:01:13.939	0.96987	0.96987			6
2024.03.25	00:01:14.108	0.96986	0.96986			6
2024.03.25	00:01:14.227	0.96987	0.96987			6
2024.03.25	00:01:14.258	0.96986	0.96986			6
2024.03.25	00:01:14.829	0.96987	0.96987			6
2024.03.25	00:01:14.920	0.96986	0.96986			6
2024.03.25	00:01:15.677	0.96985	0.96985			6
2024.03.25	00:01:15.801	0.96984	0.96984			6
2024.03.25	00:01:16.229	0.96985	0.96985			6
2024.03.25	00:01:16.259	0.96984	0.96984			6
2024.03.25	00:01:16.852	0.96986	0.96986			6
2024.03.25	00:01:17.313	0.96984	0.96984			6
2024.03.25	00:01:17.762	0.96985	0.96985			6
2024.03.25	00:01:18.066	0.96986	0.96986			6
2024.03.25	00:01:18.890	0.96988	0.96988			6
2024.03.25	00:01:18.981	0.96987	0.96987			6
2024.03.25	00:01:19.381	0.96988	0.96988			6
2024.03.25	00:01:19.411	0.96987	0.96987			6
2024.03.25	00:01:19.471	0.96988	0.96988			6
2024.03.25	00:01:19.501	0.96987	0.96987			6
2024.03.25	00:01:20.221	0.96988	0.96988			6
2024.03.25	00:01:20.252	0.96987	0.96987			6
2024.03.25	00:01:21.418	0.96988	0.96988			6
2024.03.25	00:01:23.082	0.96986	0.96986			6
2024.03.25	00:01:23.112	0.96985	0.96985			6
2024.03.25	00:01:23.581	0.96990	0.96990			6
2024.03.25	00:01:23.700	0.96989	0.96989			6
2024.03.25	00:01:23.790	0.96988	0.96988			6
2024.03.25	00:01:23.971	0.96989	0.96989			6
2024.03.25	00:01:24.548	0.96987	0.96987			6
2024.03.25	00:01:26.493	0.96986	0.96986			6
2024.03.25	00:01:26.583	0.96987	0.96987			6
2024.03.25	00:01:26.705	0.96984	0.96984			6
2024.03.25	00:01:26.735	0.96982	0.96982			6
2024.03.25	00:01:26.766	0.96981	0.96981			6
2024.03.25	00:01:27.465	0.96982	0.96982			6
2024.03.25	00:01:28.159	0.96983	0.96983			6
2024.03.25	00:01:28.248	0.96982	0.96982			6
2024.03.25	00:01:28.278	0.96978	0.96978			6
2024.03.25	00:01:28.339	0.96977	0.96977			6
2024.03.25	00:01:28.488	0.96976	0.96976			6
2024.03.25	00:01:28.638	0.96975	0.96975			6
2024.03.25	00:01:28.669	0.96974	0.96974			6
2024.03.25	00:01:28.818	0.96971	0.96971			6
2024.03.25	00:01:28.878	0.96972	0.96972			6
2024.03.25	00:01:28.938	0.96971	0.96971			6
2024.03.25	00:01:29.089	0.96972	0.96972			6
2024.03.25	00:01:29.119	0.96971	0.96971			6
2024.03.25	00:01:29.149	0.96969	0.96969			6
2024.03.25	00:01:29.238	0.96970	0.96970			6
2024.03.25	00:01:29.396	0.96969	0.96969			6
2024.03.25	00:01:29.616	0.96968	0.96968			6
2024.03.25	00:01:30.137	0.96967	0.96967			6
2024.03.25	00:01:30.229	0.96968	0.96968			6
2024.03.25	00:01:30.258	0.96967	0.96967			6
2024.03.25	00:01:30.319	0.96966	0.96966			6
2024.03.25	00:01:30.469	0.96967	0.96967			6
2024.03.25	00:01:30.510	0.96966	0.96966			6
2024.03.25	00:01:30.540	0.96967	0.96967			6
2024.03.25	00:01:30.752	0.96965	0.96965			6
2024.03.25	00:01:30.938	0.96966	0.96966			6
2024.03.25	00:01:31.317	0.96964	0.96964			6
2024.03.25	00:01:31.947	0.96963	0.96963			6
2024.03.25	00:01:32.068	0.96965	0.96965			6
2024.03.25	00:01:32.158	0.96964	0.96964			6
2024.03.25	00:01:32.307	0.96968	0.96968			6
2024.03.25	00:01:32.367	0.96964	0.96964			6
2024.03.25	00:01:32.397	0.96967	0.96967			6
2024.03.25	00:01:33.163	0.96968	0.96968			6
2024.03.25	00:01:33.346	0.96967	0.96967			6
2024.03.25	00:01:33.406	0.96968	0.96968			6
2024.03.25	00:01:33.467	0.96966	0.96966			6
2024.03.25	00:01:33.496	0.96965	0.96965			6
2024.03.25	00:01:33.557	0.96964	0.96964			6
2024.03.25	00:01:33.718	0.96965	0.96965			6
2024.03.25	00:01:33.967	0.96964	0.96964			6
2024.03.25	00:01:34.028	0.96965	0.96965			6
2024.03.25	00:01:34.376	0.96964	0.96964			6
2024.03.25	00:01:34.982	0.96965	0.96965			6
2024.03.25	00:01:35.192	0.96964	0.96964			6
2024.03.25	00:01:35.372	0.96965	0.96965			6
2024.03.25	00:01:35.582	0.96964	0.96964			6
2024.03.25	00:01:36.458	0.96966	0.96966			6
2024.03.25	00:01:37.182	0.96967	0.96967			6
2024.03.25	00:01:37.392	0.96966	0.96966			6
2024.03.25	00:01:37.422	0.96967	0.96967			6
2024.03.25	00:01:37.814	0.96966	0.96966			6
2024.03.25	00:01:38.182	0.96967	0.96967			6
2024.03.25	00:01:38.391	0.96966	0.96966			6
2024.03.25	00:01:38.420	0.96965	0.96965			6
2024.03.25	00:01:38.631	0.96964	0.96964			6
2024.03.25	00:01:38.811	0.96966	0.96966			6
2024.03.25	00:01:39.011	0.96964	0.96964			6
2024.03.25	00:01:39.101	0.96966	0.96966			6
2024.03.25	00:01:39.411	0.96965	0.96965			6
2024.03.25	00:01:39.808	0.96964	0.96964			6
2024.03.25	00:01:39.839	0.96966	0.96966			6
2024.03.25	00:01:40.019	0.96964	0.96964			6
2024.03.25	00:01:40.238	0.96966	0.96966			6
2024.03.25	00:01:40.329	0.96968	0.96968			6
2024.03.25	00:01:40.360	0.96969	0.96969			6
2024.03.25	00:01:40.608	0.96967	0.96967			6
2024.03.25	00:01:40.638	0.96969	0.96969			6
2024.03.25	00:01:40.907	0.96971	0.96971			6
2024.03.25	00:01:41.027	0.96969	0.96969			6
2024.03.25	00:01:41.057	0.96971	0.96971			6
2024.03.25	00:01:41.086	0.96969	0.96969			6
2024.03.25	00:01:41.117	0.96970	0.96970			6
2024.03.25	00:01:41.147	0.96971	0.96971			6
2024.03.25	00:01:41.298	0.96970	0.96970			6
2024.03.25	00:01:41.797	0.96969	0.96969			6
2024.03.25	00:01:41.857	0.96970	0.96970			6
2024.03.25	00:01:41.916	0.96969	0.96969			6
2024.03.25	00:01:42.006	0.96963	0.96963			6
2024.03.25	00:01:42.036	0.96961	0.96961			6
2024.03.25	00:01:42.247	0.96960	0.96960			6
2024.03.25	00:01:42.427	0.96961	0.96961			6
2024.03.25	00:01:42.852	0.96960	0.96960			6
2024.03.25	00:01:42.960	0.96961	0.96961			6
2024.03.25	00:01:43.142	0.96960	0.96960			6
2024.03.25	00:01:43.172	0.96959	0.96959			6
2024.03.25	00:01:43.232	0.96960	0.96960			6
2024.03.25	00:01:43.382	0.96961	0.96961			6
2024.03.25	00:01:43.640	0.96960	0.96960			6
2024.03.25	00:01:43.846	0.96961	0.96961			6
2024.03.25	00:01:44.254	0.96960	0.96960			6
2024.03.25	00:01:44.747	0.96961	0.96961			6
2024.03.25	00:01:44.868	0.96960	0.96960			6
2024.03.25	00:01:45.262	0.96961	0.96961			6
2024.03.25	00:01:45.905	0.96960	0.96960			6
2024.03.25	00:01:45.996	0.96963	0.96963			6
2024.03.25	00:01:46.026	0.96960	0.96960			6
2024.03.25	00:01:46.619	0.96961	0.96961			6
2024.03.25	00:01:46.679	0.96960	0.96960			6
2024.03.25	00:01:48.278	0.96961	0.96961			6
2024.03.25	00:01:48.512	0.96960	0.96960			6
2024.03.25	00:01:48.823	0.96961	0.96961			6
2024.03.25	00:01:49.292	0.96960	0.96960			6
2024.03.25	00:01:51.306	0.96961	0.96961			6
2024.03.25	00:01:51.335	0.96960	0.96960			6
2024.03.25	00:01:52.264	0.96961	0.96961			6
2024.03.25	00:01:52.581	0.96960	0.96960			6
2024.03.25	00:01:52.771	0.96959	0.96959			6
2024.03.25	00:01:52.950	0.96958	0.96958			6
2024.03.25	00:01:53.132	0.96959	0.96959			6
2024.03.25	00:01:53.324	0.96958	0.96958			6
2024.03.25	00:01:54.489	0.96962	0.96962			6
2024.03.25	00:01:54.518	0.96957	0.96957			6
2024.03.25	00:01:59.907	0.96959	0.96959			6
2024.03.25	00:02:00.001	0.96969	0.96969			6
2024.03.25	00:02:00.032	0.96970	0.96970			6
2024.03.25	00:02:00.062	0.96971	0.96971			6
2024.03.25	00:02:00.092	0.96975	0.96975			6
2024.03.25	00:02:00.392	0.96976	0.96976			6
2024.03.25	00:02:00.573	0.96969	0.96969			6
2024.03.25	00:02:00.784	0.96968	0.96968			6
2024.03.25	00:02:01.205	0.96969	0.96969			6
2024.03.25	00:02:01.235	0.96968	0.96968			6
2024.03.25	00:02:01.265	0.96969	0.96969			6
2024.03.25	00:02:01.296	0.96968	0.96968			6
2024.03.25	00:02:01.417	0.96969	0.96969			6
2024.03.25	00:02:01.607	0.96968	0.96968			6
2024.03.25	00:02:01.982	0.96969	0.96969			6
2024.03.25	00:02:02.260	0.96968	0.96968			6
2024.03.25	00:02:02.669	0.96973	0.96973			6
2024.03.25	00:02:03.000	0.96971	0.96971			6
2024.03.25	00:02:03.031	0.96970	0.96970			6
2024.03.25	00:02:03.423	0.96971	0.96971			6
2024.03.25	00:02:03.513	0.96972	0.96972			6
2024.03.25	00:02:03.823	0.96962	0.96962			6
2024.03.25	00:02:03.853	0.96963	0.96963			6
2024.03.25	00:02:03.974	0.96972	0.96972			6
2024.03.25	00:02:04.185	0.96970	0.96970			6
2024.03.25	00:02:04.426	0.96971	0.96971			6
2024.03.25	00:02:04.539	0.96972	0.96972			6
2024.03.25	00:02:04.857	0.96971	0.96971			6
2024.03.25	00:02:04.917	0.96972	0.96972			6
2024.03.25	00:02:05.041	0.96970	0.96970			6
2024.03.25	00:02:05.264	0.96971	0.96971			6
2024.03.25	00:02:05.601	0.96970	0.96970			6
2024.03.25	00:02:05.841	0.96973	0.96973			6
2024.03.25	00:02:05.871	0.96970	0.96970			6
2024.03.25	00:02:06.060	0.96958	0.96958			6
2024.03.25	00:02:06.089	0.96959	0.96959			6
2024.03.25	00:02:06.119	0.96960	0.96960			6
2024.03.25	00:02:06.149	0.96970	0.96970			6
2024.03.25	00:02:06.179	0.96971	0.96971			6
2024.03.25	00:02:06.208	0.96970	0.96970			6
2024.03.25	00:02:06.470	0.96968	0.96968			6
2024.03.25	00:02:06.530	0.96970	0.96970			6
2024.03.25	00:02:06.650	0.96961	0.96961			6
2024.03.25	00:02:06.681	0.96960	0.96960			6
2024.03.25	00:02:06.711	0.96969	0.96969			6
2024.03.25	00:02:06.770	0.96967	0.96967			6
2024.03.25	00:02:06.800	0.96968	0.96968			6
2024.03.25	00:02:06.830	0.96967	0.96967			6
2024.03.25	00:02:06.860	0.96968	0.96968			6
2024.03.25	00:02:07.041	0.96967	0.96967			6
2024.03.25	00:02:07.101	0.96968	0.96968			6
2024.03.25	00:02:07.131	0.96969	0.96969			6
2024.03.25	00:02:07.162	0.96968	0.96968			6
2024.03.25	00:02:07.191	0.96969	0.96969			6
2024.03.25	00:02:07.221	0.96970	0.96970			6
2024.03.25	00:02:07.251	0.96968	0.96968			6
2024.03.25	00:02:07.311	0.96969	0.96969			6
2024.03.25	00:02:07.461	0.96968	0.96968			6
2024.03.25	00:02:07.491	0.96969	0.96969			6
2024.03.25	00:02:07.672	0.96970	0.96970			6
2024.03.25	00:02:07.761	0.96971	0.96971			6
2024.03.25	00:02:07.822	0.96970	0.96970			6
2024.03.25	00:02:08.198	0.96969	0.96969			6
2024.03.25	00:02:08.228	0.96970	0.96970			6
2024.03.25	00:02:08.407	0.96969	0.96969			6
2024.03.25	00:02:08.797	0.96971	0.96971			6
2024.03.25	00:02:09.130	0.96972	0.96972			6
2024.03.25	00:02:09.160	0.96971	0.96971			6
2024.03.25	00:02:09.429	0.96970	0.96970			6
2024.03.25	00:02:09.459	0.96972	0.96972			6
2024.03.25	00:02:09.742	0.96971	0.96971			6
2024.03.25	00:02:09.771	0.96970	0.96970			6
2024.03.25	00:02:09.831	0.96968	0.96968			6
2024.03.25	00:02:09.891	0.96969	0.96969			6
2024.03.25	00:02:09.921	0.96970	0.96970			6
2024.03.25	00:02:10.041	0.96969	0.96969			6
2024.03.25	00:02:10.163	0.96957	0.96957			6
2024.03.25	00:02:10.193	0.96958	0.96958			6
2024.03.25	00:02:10.282	0.96957	0.96957			6
2024.03.25	00:02:10.402	0.96965	0.96965			6
2024.03.25	00:02:10.619	0.96964	0.96964			6
2024.03.25	00:02:10.649	0.96965	0.96965			6
2024.03.25	00:02:11.594	0.96966	0.96966			6
2024.03.25	00:02:11.625	0.96965	0.96965			6
2024.03.25	00:02:11.991	0.96964	0.96964			6
2024.03.25	00:02:12.051	0.96963	0.96963			6
2024.03.25	00:02:12.082	0.96965	0.96965			6
2024.03.25	00:02:12.112	0.96963	0.96963			6
2024.03.25	00:02:12.141	0.96965	0.96965			6
2024.03.25	00:02:12.171	0.96963	0.96963			6
2024.03.25	00:02:12.281	0.96964	0.96964			6
2024.03.25	00:02:12.552	0.96963	0.96963			6
2024.03.25	00:02:12.971	0.96961	0.96961			6
2024.03.25	00:02:14.875	0.96958	0.96958			6
2024.03.25	00:02:17.697	0.96957	0.96957			6
2024.03.25	00:02:17.786	0.96959	0.96959			6
2024.03.25	00:02:17.819	0.96960	0.96960			6
2024.03.25	00:02:18.180	0.96961	0.96961			6
2024.03.25	00:02:18.332	0.96950	0.96950			6
2024.03.25	00:02:18.391	0.96949	0.96949			6
2024.03.25	00:02:18.421	0.96950	0.96950			6
2024.03.25	00:02:18.692	0.96951	0.96951			6
2024.03.25	00:02:19.451	0.96959	0.96959			6
2024.03.25	00:02:20.346	0.96958	0.96958			6
2024.03.25	00:02:20.529	0.96959	0.96959			6
2024.03.25	00:02:21.752	0.96960	0.96960			6
2024.03.25	00:02:22.827	0.96959	0.96959			6
2024.03.25	00:02:24.286	0.96961	0.96961			6
2024.03.25	00:02:25.075	0.96957	0.96957			6
2024.03.25	00:02:27.785	0.96958	0.96958			6
2024.03.25	00:02:30.098	0.96957	0.96957			6
2024.03.25	00:02:31.561	0.96949	0.96949			6
2024.03.25	00:02:31.622	0.96948	0.96948			6
2024.03.25	00:02:31.651	0.96949	0.96949			6
2024.03.25	00:02:31.953	0.96948	0.96948			6
2024.03.25	00:02:32.501	0.96950	0.96950			6
2024.03.25	00:02:32.924	0.96948	0.96948			6
2024.03.25	00:02:32.954	0.96950	0.96950			6
2024.03.25	00:02:33.436	0.96951	0.96951			6
2024.03.25	00:02:35.662	0.96948	0.96948			6
2024.03.25	00:02:35.872	0.96957	0.96957			6
2024.03.25	00:02:35.932	0.96958	0.96958			6
2024.03.25	00:02:36.304	0.96949	0.96949			6
2024.03.25	00:02:36.382	0.96948	0.96948			6
2024.03.25	00:02:40.485	0.96949	0.96949			6
2024.03.25	00:02:41.291	0.96951	0.96951			6
2024.03.25	00:02:44.111	0.96961	0.96961			6
2024.03.25	00:02:44.200	0.96962	0.96962			6
2024.03.25	00:02:44.382	0.96954	0.96954			6
2024.03.25	00:02:45.656	0.96953	0.96953			6
2024.03.25	00:02:45.745	0.96954	0.96954			6
2024.03.25	00:02:52.363	0.96953	0.96953			6
2024.03.25	00:02:53.803	0.96954	0.96954			6
2024.03.25	00:02:54.578	0.96962	0.96962			6
2024.03.25	00:02:54.637	0.96963	0.96963			6
2024.03.25	00:02:54.667	0.96962	0.96962			6
2024.03.25	00:02:55.088	0.96954	0.96954			6
2024.03.25	00:02:57.270	0.96962	0.96962			6
2024.03.25	00:02:58.553	0.96963	0.96963			6
2024.03.25	00:03:00.074	0.96962	0.96962			6
2024.03.25	00:03:01.325	0.96961	0.96961			6
2024.03.25	00:03:01.385	0.96962	0.96962			6
2024.03.25	00:03:01.656	0.96954	0.96954			6
2024.03.25	00:03:01.916	0.96953	0.96953			6
2024.03.25	00:03:05.105	0.96954	0.96954			6
2024.03.25	00:03:06.884	0.96953	0.96953			6
2024.03.25	00:03:07.436	0.96941	0.96941			6
2024.03.25	00:03:07.496	0.96940	0.96940			6
2024.03.25	00:03:07.526	0.96941	0.96941			6
2024.03.25	00:03:07.587	0.96942	0.96942			6
2024.03.25	00:03:14.489	0.96941	0.96941			6
2024.03.25	00:03:17.546	0.96944	0.96944			6
2024.03.25	00:03:20.940	0.96943	0.96943			6
2024.03.25	00:03:20.970	0.96948	0.96948			6
2024.03.25	00:03:21.000	0.96950	0.96950			6
2024.03.25	00:03:21.272	0.96952	0.96952			6
2024.03.25	00:03:21.460	0.96953	0.96953			6
2024.03.25	00:03:21.491	0.96955	0.96955			6
2024.03.25	00:03:21.521	0.96954	0.96954			6
2024.03.25	00:03:22.287	0.96953	0.96953			6
2024.03.25	00:03:28.641	0.96954	0.96954			6
2024.03.25	00:03:32.970	0.96953	0.96953			6
2024.03.25	00:03:40.364	0.96951	0.96951			6
2024.03.25	00:03:40.863	0.96953	0.96953			6
2024.03.25	00:03:41.648	0.96954	0.96954			6
2024.03.25	00:03:42.118	0.96953	0.96953			6
2024.03.25	00:04:02.347	0.96951	0.96951			6
2024.03.25	00:04:02.637	0.96953	0.96953			6
2024.03.25	00:04:07.624	0.96950	0.96950			6
2024.03.25	00:04:08.483	0.96946	0.96946			6
2024.03.25	00:04:08.515	0.96945	0.96945			6
2024.03.25	00:04:08.604	0.96944	0.96944			6
2024.03.25	00:04:08.724	0.96945	0.96945			6
2024.03.25	00:04:13.056	0.96950	0.96950			6
2024.03.25	00:04:13.087	0.96953	0.96953			6
2024.03.25	00:04:13.563	0.96951	0.96951			6
2024.03.25	00:04:16.086	0.96954	0.96954			6
2024.03.25	00:04:16.115	0.96955	0.96955			6
2024.03.25	00:04:18.466	0.96954	0.96954			6
2024.03.25	00:04:21.009	0.96953	0.96953			6
2024.03.25	00:04:21.069	0.96954	0.96954			6
2024.03.25	00:04:22.044	0.96953	0.96953			6
2024.03.25	00:04:29.881	0.96954	0.96954			6
2024.03.25	00:04:33.512	0.96953	0.96953			6
2024.03.25	00:04:33.749	0.96955	0.96955			6
2024.03.25	00:04:33.780	0.96954	0.96954			6
2024.03.25	00:04:34.075	0.96955	0.96955			6
2024.03.25	00:04:34.793	0.96954	0.96954			6
2024.03.25	00:04:42.785	0.96956	0.96956			6
2024.03.25	00:05:00.146	0.96954	0.96954			6
2024.03.25	00:05:09.200	0.96951	0.96951			6
2024.03.25	00:05:09.230	0.96954	0.96954			6
2024.03.25	00:05:09.292	0.96953	0.96953			6
2024.03.25	00:05:09.411	0.96954	0.96954			6
2024.03.25	00:05:09.531	0.96956	0.96956			6
2024.03.25	00:05:58.390	0.96957	0.96957			6
2024.03.25	00:06:00.607	0.96956	0.96956			6
2024.03.25	00:06:06.446	0.96957	0.96957			6
2024.03.25	00:06:08.168	0.96956	0.96956			6
2024.03.25	00:06:11.555	0.96957	0.96957			6
2024.03.25	00:06:12.004	0.96956	0.96956			6
2024.03.25	00:06:12.745	0.96957	0.96957			6
2024.03.25	00:06:24.972	0.96968	0.96968			6
2024.03.25	00:06:25.003	0.96978	0.96978			6
2024.03.25	00:06:25.031	0.96980	0.96980			6
2024.03.25	00:06:25.061	0.96989	0.96989			6
2024.03.25	00:06:25.091	0.96992	0.96992			6
2024.03.25	00:06:25.120	0.96991	0.96991			6
2024.03.25	00:06:25.181	0.96990	0.96990			6
2024.03.25	00:06:25.211	0.96992	0.96992			6
2024.03.25	00:06:25.363	0.96993	0.96993			6
2024.03.25	00:06:25.602	0.96995	0.96995			6
2024.03.25	00:06:26.663	0.96994	0.96994			6
2024.03.25	00:06:28.579	0.96995	0.96995			6
2024.03.25	00:06:38.657	0.96997	0.96997			6
2024.03.25	00:06:38.779	0.96998	0.96998			6
2024.03.25	00:06:53.561	0.96995	0.96995			6
2024.03.25	00:06:53.591	0.96990	0.96990			6
2024.03.25	00:06:53.621	0.96989	0.96989			6
2024.03.25	00:06:53.651	0.96988	0.96988			6
2024.03.25	00:06:55.750	0.96983	0.96983			6
2024.03.25	00:06:55.994	0.96982	0.96982			6
2024.03.25	00:06:57.063	0.96981	0.96981			6
2024.03.25	00:06:58.444	0.96979	0.96979			6
2024.03.25	00:06:58.474	0.96976	0.96976			6
2024.03.25	00:06:59.901	0.96975	0.96975			6
2024.03.25	00:06:59.931	0.96974	0.96974			6
2024.03.25	00:07:00.021	0.96977	0.96977			6
2024.03.25	00:07:00.052	0.96974	0.96974			6
2024.03.25	00:07:00.142	0.96975	0.96975			6
2024.03.25	00:07:00.175	0.96977	0.96977			6
2024.03.25	00:07:00.292	0.96978	0.96978			6
2024.03.25	00:07:00.654	0.96975	0.96975			6
2024.03.25	00:07:00.713	0.96976	0.96976			6
2024.03.25	00:07:00.961	0.96977	0.96977			6
2024.03.25	00:07:01.856	0.96976	0.96976			6
2024.03.25	00:07:01.975	0.96977	0.96977			6
2024.03.25	00:07:02.096	0.96976	0.96976			6
2024.03.25	00:07:02.773	0.96975	0.96975			6
2024.03.25	00:07:03.593	0.96976	0.96976			6
2024.03.25	00:07:04.248	0.96975	0.96975			6
2024.03.25	00:07:04.308	0.96976	0.96976			6
2024.03.25	00:07:04.968	0.96975	0.96975			6
2024.03.25	00:07:05.027	0.96976	0.96976			6
2024.03.25	00:07:08.131	0.96980	0.96980			6
2024.03.25	00:07:08.251	0.96979	0.96979			6
2024.03.25	00:07:08.977	0.96980	0.96980			6
2024.03.25	00:07:09.007	0.96983	0.96983			6
2024.03.25	00:07:10.051	0.96981	0.96981			6
2024.03.25	00:07:12.145	0.96980	0.96980			6
2024.03.25	00:07:14.277	0.96981	0.96981			6
2024.03.25	00:07:15.130	0.96983	0.96983			6
2024.03.25	00:07:15.160	0.96981	0.96981			6
2024.03.25	00:07:18.955	0.96982	0.96982			6
2024.03.25	00:07:26.721	0.96981	0.96981			6
2024.03.25	00:07:28.154	0.96982	0.96982			6
2024.03.25	00:07:40.681	0.96981	0.96981			6
2024.03.25	00:07:44.171	0.96980	0.96980			6
2024.03.25	00:07:45.711	0.96978	0.96978			6
2024.03.25	00:07:47.330	0.96979	0.96979			6
2024.03.25	00:07:47.421	0.96976	0.96976			6
2024.03.25	00:07:49.478	0.96974	0.96974			6
2024.03.25	00:07:49.536	0.96975	0.96975			6
2024.03.25	00:07:50.575	0.96974	0.96974			6
2024.03.25	00:07:53.193	0.96976	0.96976			6
2024.03.25	00:07:53.255	0.96975	0.96975			6
2024.03.25	00:07:54.741	0.96974	0.96974			6
2024.03.25	00:07:54.771	0.96977	0.96977			6
2024.03.25	00:07:55.734	0.96974	0.96974			6
2024.03.25	00:07:56.876	0.96973	0.96973			6
2024.03.25	00:08:01.090	0.96976	0.96976			6
2024.03.25	00:08:01.157	0.96972	0.96972			6
2024.03.25	00:08:01.217	0.96976	0.96976			6
2024.03.25	00:08:01.884	0.96973	0.96973			6
2024.03.25	00:08:07.320	0.96972	0.96972			6
2024.03.25	00:08:08.884	0.96976	0.96976			6
2024.03.25	00:08:08.944	0.96973	0.96973			6
2024.03.25	00:08:09.256	0.96966	0.96966			6
2024.03.25	00:08:09.287	0.96964	0.96964			6
2024.03.25	00:08:09.316	0.96965	0.96965			6
2024.03.25	00:08:09.467	0.96964	0.96964			6
2024.03.25	00:08:09.901	0.96963	0.96963			6
2024.03.25	00:08:09.962	0.96962	0.96962			6
2024.03.25	00:08:10.021	0.96963	0.96963			6
2024.03.25	00:08:10.232	0.96964	0.96964			6
2024.03.25	00:08:10.261	0.96963	0.96963			6
2024.03.25	00:08:10.473	0.96964	0.96964			6
2024.03.25	00:08:10.891	0.96963	0.96963			6
2024.03.25	00:08:10.921	0.96964	0.96964			6
2024.03.25	00:08:11.258	0.96965	0.96965			6
2024.03.25	00:08:11.348	0.96964	0.96964			6
2024.03.25	00:08:11.527	0.96963	0.96963			6
2024.03.25	00:08:11.587	0.96964	0.96964			6
2024.03.25	00:08:11.798	0.96965	0.96965			6
2024.03.25	00:08:11.828	0.96964	0.96964			6
2024.03.25	00:08:12.130	0.96965	0.96965			6
2024.03.25	00:08:22.038	0.96964	0.96964			6
2024.03.25	00:08:25.687	0.96961	0.96961			6
2024.03.25	00:08:25.716	0.96956	0.96956			6
2024.03.25	00:08:25.745	0.96960	0.96960			6
2024.03.25	00:08:25.775	0.96961	0.96961			6
2024.03.25	00:08:25.901	0.96962	0.96962			6
2024.03.25	00:08:26.171	0.96961	0.96961			6
2024.03.25	00:08:26.489	0.96962	0.96962			6
2024.03.25	00:08:29.887	0.96961	0.96961			6
2024.03.25	00:08:34.131	0.96962	0.96962			6
2024.03.25	00:08:34.222	0.96961	0.96961			6
2024.03.25	00:08:35.027	0.96962	0.96962			6
2024.03.25	00:08:36.157	0.96961	0.96961			6
2024.03.25	00:08:44.495	0.96962	0.96962			6
2024.03.25	00:08:44.585	0.96961	0.96961			6
2024.03.25	00:08:46.382	0.96962	0.96962			6
2024.03.25	00:08:51.830	0.96961	0.96961			6
2024.03.25	00:08:51.862	0.96959	0.96959			6
2024.03.25	00:08:51.921	0.96961	0.96961			6
2024.03.25	00:08:52.192	0.96962	0.96962			6
2024.03.25	00:08:52.342	0.96959	0.96959			6
2024.03.25	00:08:52.373	0.96958	0.96958			6
2024.03.25	00:08:52.630	0.96959	0.96959			6
2024.03.25	00:08:52.901	0.96962	0.96962			6
2024.03.25	00:08:52.961	0.96960	0.96960			6
2024.03.25	00:08:52.994	0.96959	0.96959			6
2024.03.25	00:08:53.566	0.96960	0.96960			6
2024.03.25	00:08:53.714	0.96959	0.96959			6
2024.03.25	00:08:53.745	0.96960	0.96960			6
2024.03.25	00:08:53.805	0.96959	0.96959			6
2024.03.25	00:08:53.866	0.96960	0.96960			6
2024.03.25	00:08:54.290	0.96959	0.96959			6
2024.03.25	00:08:55.199	0.96960	0.96960			6
2024.03.25	00:08:59.990	0.96959	0.96959			6
2024.03.25	00:09:05.620	0.96960	0.96960			6
2024.03.25	00:09:05.651	0.96961	0.96961			6
2024.03.25	00:09:16.764	0.96966	0.96966			6
2024.03.25	00:09:16.943	0.96967	0.96967			6
2024.03.25	00:09:17.293	0.96965	0.96965			6
2024.03.25	00:09:23.800	0.96966	0.96966			6
2024.03.25	00:09:36.544	0.96965	0.96965			6
2024.03.25	00:09:37.219	0.96966	0.96966			6
2024.03.25	00:09:37.340	0.96969	0.96969			6
2024.03.25	00:09:37.598	0.96966	0.96966			6
2024.03.25	00:09:38.116	0.96965	0.96965			6
2024.03.25	00:09:38.266	0.96966	0.96966			6
2024.03.25	00:09:39.794	0.96965	0.96965			6
2024.03.25	00:09:40.145	0.96970	0.96970			6
2024.03.25	00:09:40.480	0.96972	0.96972			6
2024.03.25	00:09:40.766	0.96973	0.96973			6
2024.03.25	00:09:42.431	0.96972	0.96972			6
2024.03.25	00:09:52.560	0.96971	0.96971			6
2024.03.25	00:10:00.360	0.96972	0.96972			6
2024.03.25	00:10:02.412	0.96970	0.96970			6
2024.03.25	00:10:04.787	0.96971	0.96971			6
2024.03.25	00:10:05.185	0.96969	0.96969			6
2024.03.25	00:10:05.215	0.96970	0.96970			6
2024.03.25	00:10:05.245	0.96971	0.96971			6
2024.03.25	00:10:05.514	0.96970	0.96970			6
2024.03.25	00:10:05.710	0.96971	0.96971			6
2024.03.25	00:10:11.845	0.96972	0.96972			6
2024.03.25	00:10:12.435	0.96971	0.96971			6
2024.03.25	00:10:22.327	0.96970	0.96970			6
2024.03.25	00:10:26.583	0.96971	0.96971			6
2024.03.25	00:10:30.077	0.96970	0.96970			6
2024.03.25	00:10:53.863	0.96971	0.96971			6
2024.03.25	00:10:54.774	0.96970	0.96970			6
2024.03.25	00:10:55.198	0.96969	0.96969			6
2024.03.25	00:10:58.748	0.96971	0.96971			6
2024.03.25	00:11:03.841	0.96970	0.96970			6
2024.03.25	00:11:04.642	0.96971	0.96971			6
2024.03.25	00:11:09.175	0.96970	0.96970			6
2024.03.25	00:11:10.691	0.96971	0.96971			6
2024.03.25	00:11:20.677	0.96970	0.96970			6
2024.03.25	00:11:24.423	0.96971	0.96971			6
2024.03.25	00:11:24.562	0.96970	0.96970			6
2024.03.25	00:11:24.622	0.96971	0.96971			6
2024.03.25	00:11:24.924	0.96972	0.96972			6
2024.03.25	00:11:39.697	0.96971	0.96971			6
2024.03.25	00:11:40.614	0.96972	0.96972			6
2024.03.25	00:11:43.603	0.96971	0.96971			6
2024.03.25	00:11:45.403	0.96972	0.96972			6
2024.03.25	00:11:45.832	0.96971	0.96971			6
2024.03.25	00:11:45.862	0.96972	0.96972			6
2024.03.25	00:12:02.113	0.96973	0.96973			6
2024.03.25	00:12:02.935	0.96972	0.96972			6
2024.03.25	00:12:04.366	0.96973	0.96973			6
2024.03.25	00:12:19.656	0.96972	0.96972			6
2024.03.25	00:12:27.616	0.96973	0.96973			6
2024.03.25	00:12:28.745	0.96972	0.96972			6
2024.03.25	00:12:36.481	0.96971	0.96971			6
2024.03.25	00:12:41.841	0.96972	0.96972			6
2024.03.25	00:12:43.214	0.96973	0.96973			6
2024.03.25	00:12:43.243	0.96974	0.96974			6
2024.03.25	00:12:43.670	0.96975	0.96975			6
2024.03.25	00:12:45.324	0.96976	0.96976			6
2024.03.25	00:12:49.932	0.96977	0.96977			6
2024.03.25	00:12:50.437	0.96976	0.96976			6
2024.03.25	00:12:53.032	0.96977	0.96977			6
2024.03.25	00:12:56.053	0.96979	0.96979			6
2024.03.25	00:12:56.143	0.96980	0.96980			6
2024.03.25	00:12:57.462	0.96981	0.96981			6
2024.03.25	00:12:59.849	0.96982	0.96982			6
2024.03.25	00:13:12.315	0.96983	0.96983			6
2024.03.25	00:13:13.948	0.96982	0.96982			6
2024.03.25	00:13:14.008	0.96983	0.96983			6
2024.03.25	00:13:19.585	0.96984	0.96984			6
2024.03.25	00:13:24.397	0.96985	0.96985			6
2024.03.25	00:13:45.936	0.96986	0.96986			6
2024.03.25	00:13:49.277	0.96987	0.96987			6
2024.03.25	00:13:56.081	0.96988	0.96988			6
2024.03.25	00:13:56.111	0.96987	0.96987			6
2024.03.25	00:14:01.577	0.96988	0.96988			6
2024.03.25	00:14:03.193	0.96987	0.96987			6
2024.03.25	00:14:03.222	0.96988	0.96988			6
2024.03.25	00:14:03.282	0.96987	0.96987			6
2024.03.25	00:14:03.311	0.96988	0.96988			6
2024.03.25	00:14:32.766	0.96989	0.96989			6
2024.03.25	00:14:33.767	0.96988	0.96988			6
2024.03.25	00:14:36.484	0.96989	0.96989			6
2024.03.25	00:14:40.513	0.96988	0.96988			6
2024.03.25	00:14:45.179	0.96987	0.96987			6
2024.03.25	00:15:00.117	0.96988	0.96988			6
2024.03.25	00:15:00.149	0.96987	0.96987			6
2024.03.25	00:15:00.177	0.96988	0.96988			6
2024.03.25	00:15:00.478	0.96987	0.96987			6
2024.03.25	00:15:02.435	0.96988	0.96988			6
2024.03.25	00:15:02.496	0.96986	0.96986			6
2024.03.25	00:15:02.526	0.96984	0.96984			6
2024.03.25	00:15:03.074	0.96986	0.96986			6
2024.03.25	00:15:04.966	0.96987	0.96987			6
2024.03.25	00:15:06.819	0.96986	0.96986			6
2024.03.25	00:15:07.444	0.96985	0.96985			6
2024.03.25	00:15:07.473	0.96984	0.96984			6
2024.03.25	00:15:07.870	0.96986	0.96986			6
2024.03.25	00:15:08.182	0.96987	0.96987			6
2024.03.25	00:15:08.273	0.96988	0.96988			6
2024.03.25	00:16:51.834	0.96989	0.96989			6
2024.03.25	00:16:52.050	0.96990	0.96990			6
2024.03.25	00:17:07.954	0.96991	0.96991			6
2024.03.25	00:17:08.294	0.96992	0.96992			6
2024.03.25	00:17:08.354	0.96993	0.96993			6
2024.03.25	00:17:11.048	0.96994	0.96994			6
2024.03.25	00:17:11.575	0.96992	0.96992			6
2024.03.25	00:17:11.954	0.96993	0.96993			6
2024.03.25	00:17:14.736	0.96994	0.96994			6
2024.03.25	00:17:20.071	0.96993	0.96993			6
2024.03.25	00:17:20.102	0.96992	0.96992			6
2024.03.25	00:17:20.161	0.96995	0.96995			6
2024.03.25	00:17:20.766	0.96994	0.96994			6
2024.03.25	00:17:22.466	0.96995	0.96995			6
2024.03.25	00:17:30.184	0.96993	0.96993			6
2024.03.25	00:17:30.213	0.96992	0.96992			6
2024.03.25	00:17:30.558	0.96993	0.96993			6
2024.03.25	00:17:38.217	0.96992	0.96992			6
2024.03.25	00:17:39.898	0.96993	0.96993			6
2024.03.25	00:17:40.436	0.96992	0.96992			6
2024.03.25	00:18:05.351	0.96991	0.96991			6
2024.03.25	00:18:11.539	0.96993	0.96993			6
2024.03.25	00:18:12.043	0.96992	0.96992			6
2024.03.25	00:18:12.162	0.96993	0.96993			6
2024.03.25	00:18:14.844	0.96992	0.96992			6
2024.03.25	00:18:40.352	0.96991	0.96991			6
2024.03.25	00:18:40.522	0.96990	0.96990			6
2024.03.25	00:18:45.906	0.96991	0.96991			6
2024.03.25	00:18:46.392	0.96990	0.96990			6
2024.03.25	00:19:00.418	0.96992	0.96992			6
2024.03.25	00:19:00.478	0.96991	0.96991			6
2024.03.25	00:19:24.217	0.96992	0.96992			6
2024.03.25	00:19:27.134	0.96989	0.96989			6
2024.03.25	00:19:27.164	0.96990	0.96990			6
2024.03.25	00:19:40.781	0.96989	0.96989			6
2024.03.25	00:19:41.858	0.96985	0.96985			6
2024.03.25	00:19:41.949	0.96984	0.96984			6
2024.03.25	00:19:41.978	0.96983	0.96983			6
2024.03.25	00:19:42.188	0.96984	0.96984			6
2024.03.25	00:19:42.218	0.96985	0.96985			6
2024.03.25	00:19:43.163	0.96987	0.96987			6
2024.03.25	00:19:46.501	0.96986	0.96986			6
2024.03.25	00:19:47.235	0.96985	0.96985			6
2024.03.25	00:20:00.647	0.96986	0.96986			6
2024.03.25	00:20:04.796	0.96985	0.96985			6
2024.03.25	00:20:06.065	0.96984	0.96984			6
2024.03.25	00:20:06.307	0.96985	0.96985			6
2024.03.25	00:20:06.970	0.96983	0.96983			6
2024.03.25	00:20:10.945	0.96985	0.96985			6
2024.03.25	00:20:11.490	0.96983	0.96983			6
2024.03.25	00:20:12.535	0.96985	0.96985			6
2024.03.25	00:20:18.425	0.96986	0.96986			6
2024.03.25	00:20:18.485	0.96985	0.96985			6
2024.03.25	00:20:18.515	0.96984	0.96984			6
2024.03.25	00:20:26.383	0.96983	0.96983			6
2024.03.25	00:20:28.149	0.96985	0.96985			6
2024.03.25	00:20:29.422	0.96983	0.96983			6
2024.03.25	00:20:30.162	0.96985	0.96985			6
2024.03.25	00:20:31.223	0.96984	0.96984			6
2024.03.25	00:20:32.006	0.96985	0.96985			6
2024.03.25	00:20:32.483	0.96984	0.96984			6
2024.03.25	00:20:32.763	0.96985	0.96985			6
2024.03.25	00:20:35.724	0.96984	0.96984			6
2024.03.25	00:20:36.049	0.96985	0.96985			6
2024.03.25	00:20:36.314	0.96984	0.96984			6
2024.03.25	00:20:37.230	0.96983	0.96983			6
2024.03.25	00:20:38.980	0.96984	0.96984			6
2024.03.25	00:20:45.145	0.96985	0.96985			6
2024.03.25	00:20:46.875	0.96984	0.96984			6
2024.03.25	00:20:53.088	0.96983	0.96983			6
2024.03.25	00:20:53.341	0.96984	0.96984			6
2024.03.25	00:21:01.155	0.96987	0.96987			6
2024.03.25	00:21:01.185	0.96988	0.96988			6
2024.03.25	00:21:01.215	0.96989	0.96989			6
2024.03.25	00:21:01.246	0.96991	0.96991			6
2024.03.25	00:21:01.310	0.96990	0.96990			6
2024.03.25	00:21:01.520	0.96991	0.96991			6
2024.03.25	00:21:01.629	0.96990	0.96990			6
2024.03.25	00:21:01.659	0.96991	0.96991			6
2024.03.25	00:21:01.718	0.96994	0.96994			6
2024.03.25	00:21:01.778	0.96995	0.96995			6
2024.03.25	00:21:01.808	0.96994	0.96994			6
2024.03.25	00:21:01.839	0.96995	0.96995			6
2024.03.25	00:21:02.077	0.96996	0.96996			6
2024.03.25	00:21:02.214	0.96997	0.96997			6
2024.03.25	00:21:03.427	0.96998	0.96998			6
2024.03.25	00:21:03.549	0.96999	0.96999			6
2024.03.25	00:21:03.609	0.97000	0.97000			6
2024.03.25	00:21:03.639	0.96999	0.96999			6
2024.03.25	00:21:04.445	0.97000	0.97000			6
2024.03.25	00:21:04.566	0.97001	0.97001			6
2024.03.25	00:21:12.391	0.97003	0.97003			6
2024.03.25	00:21:12.452	0.97004	0.97004			6
2024.03.25	00:21:13.429	0.97002	0.97002			6
2024.03.25	00:21:13.787	0.97001	0.97001			6
2024.03.25	00:21:14.058	0.97002	0.97002			6
2024.03.25	00:21:14.296	0.97001	0.97001			6
2024.03.25	00:21:15.877	0.97003	0.97003			6
2024.03.25	00:21:16.852	0.97001	0.97001			6
2024.03.25	00:21:20.487	0.97000	0.97000			6
2024.03.25	00:21:21.450	0.97002	0.97002			6
2024.03.25	00:21:22.287	0.97000	0.97000			6
2024.03.25	00:21:23.315	0.97002	0.97002			6
2024.03.25	00:21:37.788	0.96999	0.96999			6
2024.03.25	00:21:37.991	0.97002	0.97002			6
2024.03.25	00:21:40.868	0.97001	0.97001			6
2024.03.25	00:21:44.143	0.97000	0.97000			6
2024.03.25	00:21:47.140	0.97002	0.97002			6
2024.03.25	00:21:47.926	0.97001	0.97001			6
2024.03.25	00:21:55.283	0.97002	0.97002			6
2024.03.25	00:21:57.180	0.97001	0.97001			6
2024.03.25	00:22:00.292	0.97000	0.97000			6
2024.03.25	00:22:00.450	0.96999	0.96999			6
2024.03.25	00:22:05.292	0.97000	0.97000			6
2024.03.25	00:22:09.792	0.96998	0.96998			6
2024.03.25	00:22:22.863	0.96999	0.96999			6
2024.03.25	00:22:24.560	0.96998	0.96998			6
2024.03.25	00:22:45.584	0.96997	0.96997			6
2024.03.25	00:22:45.629	0.96998	0.96998			6
2024.03.25	00:22:46.099	0.96999	0.96999			6
2024.03.25	00:22:46.517	0.96998	0.96998			6
2024.03.25	00:22:48.471	0.96997	0.96997			6
2024.03.25	00:22:48.760	0.96998	0.96998			6
2024.03.25	00:22:48.940	0.96999	0.96999			6
2024.03.25	00:22:49.060	0.96998	0.96998			6
2024.03.25	00:23:00.041	0.96997	0.96997			6
2024.03.25	00:23:10.988	0.96998	0.96998			6
2024.03.25	00:23:39.190	0.96997	0.96997			6
2024.03.25	00:24:00.887	0.96999	0.96999			6
2024.03.25	00:24:00.981	0.97000	0.97000			6
2024.03.25	00:24:10.868	0.96999	0.96999			6
2024.03.25	00:24:16.785	0.97000	0.97000			6
2024.03.25	00:24:34.981	0.96999	0.96999			6
2024.03.25	00:24:35.578	0.97000	0.97000			6
2024.03.25	00:24:36.795	0.96998	0.96998			6
2024.03.25	00:24:37.924	0.96999	0.96999			6
2024.03.25	00:24:42.167	0.97000	0.97000			6
2024.03.25	00:24:42.423	0.97001	0.97001			6
2024.03.25	00:24:42.726	0.96998	0.96998			6
2024.03.25	00:24:43.068	0.97000	0.97000			6
2024.03.25	00:24:56.955	0.96999	0.96999			6
2024.03.25	00:24:57.324	0.96997	0.96997			6
2024.03.25	00:25:01.551	0.96999	0.96999			6
2024.03.25	00:25:01.581	0.97001	0.97001			6
2024.03.25	00:25:01.641	0.97002	0.97002			6
2024.03.25	00:25:02.580	0.97001	0.97001			6
2024.03.25	00:25:02.640	0.97002	0.97002			6
2024.03.25	00:25:02.774	0.97001	0.97001			6
2024.03.25	00:25:03.051	0.97002	0.97002			6
2024.03.25	00:25:03.971	0.97000	0.97000			6
2024.03.25	00:25:05.163	0.96999	0.96999			6
2024.03.25	00:25:06.158	0.97000	0.97000			6
2024.03.25	00:25:08.334	0.96999	0.96999			6
2024.03.25	00:25:09.115	0.97000	0.97000			6
2024.03.25	00:25:11.064	0.96999	0.96999			6
2024.03.25	00:25:12.723	0.97000	0.97000			6
2024.03.25	00:25:14.050	0.97001	0.97001			6
2024.03.25	00:25:14.359	0.97000	0.97000			6
2024.03.25	00:25:16.898	0.96999	0.96999			6
2024.03.25	00:25:20.145	0.97000	0.97000			6
2024.03.25	00:25:21.276	0.96999	0.96999			6
2024.03.25	00:25:22.149	0.97000	0.97000			6
2024.03.25	00:25:27.615	0.97001	0.97001			6
2024.03.25	00:25:29.795	0.97000	0.97000			6
2024.03.25	00:25:30.383	0.96999	0.96999			6
2024.03.25	00:25:32.813	0.97000	0.97000			6
2024.03.25	00:25:40.022	0.96999	0.96999			6
2024.03.25	00:25:40.568	0.97000	0.97000			6
2024.03.25	00:25:42.148	0.97001	0.97001			6
2024.03.25	00:25:42.528	0.97000	0.97000			6
2024.03.25	00:25:42.805	0.96998	0.96998			6
2024.03.25	00:25:42.835	0.96997	0.96997			6
2024.03.25	00:25:43.156	0.96996	0.96996			6
2024.03.25	00:25:43.247	0.96995	0.96995			6
2024.03.25	00:25:43.396	0.96996	0.96996			6
2024.03.25	00:25:52.068	0.96998	0.96998			6
2024.03.25	00:25:52.168	0.96999	0.96999			6
2024.03.25	00:25:52.452	0.96996	0.96996			6
2024.03.25	00:26:03.523	0.96998	0.96998			6
2024.03.25	00:26:03.837	0.96996	0.96996			6
2024.03.25	00:26:08.897	0.96989	0.96989			6
2024.03.25	00:26:08.927	0.96988	0.96988			6
2024.03.25	00:26:08.957	0.96987	0.96987			6
2024.03.25	00:26:08.986	0.96988	0.96988			6
2024.03.25	00:26:09.016	0.96987	0.96987			6
2024.03.25	00:26:09.658	0.96988	0.96988			6
2024.03.25	00:26:09.695	0.96987	0.96987			6
2024.03.25	00:26:09.880	0.96988	0.96988			6
2024.03.25	00:26:10.513	0.96989	0.96989			6
2024.03.25	00:26:10.964	0.96991	0.96991			6
2024.03.25	00:26:11.267	0.96990	0.96990			6
2024.03.25	00:26:12.239	0.96989	0.96989			6
2024.03.25	00:26:12.471	0.96988	0.96988			6
2024.03.25	00:26:12.904	0.96989	0.96989			6
2024.03.25	00:26:15.201	0.96988	0.96988			6
2024.03.25	00:26:17.351	0.96989	0.96989			6
2024.03.25	00:26:17.992	0.96990	0.96990			6
2024.03.25	00:26:24.022	0.96989	0.96989			6
2024.03.25	00:26:27.397	0.96991	0.96991			6
2024.03.25	00:26:27.427	0.96992	0.96992			6
2024.03.25	00:26:27.706	0.96991	0.96991			6
2024.03.25	00:26:27.869	0.96990	0.96990			6
2024.03.25	00:26:28.523	0.96991	0.96991			6
2024.03.25	00:26:45.211	0.96992	0.96992			6
2024.03.25	00:26:47.132	0.96991	0.96991			6
2024.03.25	00:27:48.623	0.96992	0.96992			6
2024.03.25	00:27:51.223	0.96990	0.96990			6
2024.03.25	00:27:51.373	0.96989	0.96989			6
2024.03.25	00:27:51.403	0.96990	0.96990			6
2024.03.25	00:27:51.516	0.96991	0.96991			6
2024.03.25	00:27:52.458	0.96990	0.96990			6
2024.03.25	00:27:59.693	0.96991	0.96991			6
2024.03.25	00:27:59.723	0.96993	0.96993			6
2024.03.25	00:27:59.752	0.96995	0.96995			6
2024.03.25	00:28:00.249	0.96997	0.96997			6
2024.03.25	00:28:00.372	0.96995	0.96995			6
2024.03.25	00:28:00.689	0.96994	0.96994			6
2024.03.25	00:28:00.757	0.96995	0.96995			6
2024.03.25	00:28:00.988	0.96996	0.96996			6
2024.03.25	00:28:05.771	0.96997	0.96997			6
2024.03.25	00:28:05.921	0.96996	0.96996			6
2024.03.25	00:28:06.358	0.96997	0.96997			6
2024.03.25	00:28:06.449	0.96996	0.96996			6
2024.03.25	00:28:06.849	0.96997	0.96997			6
2024.03.25	00:28:06.968	0.96996	0.96996			6
2024.03.25	00:28:07.876	0.96997	0.96997			6
2024.03.25	00:28:08.661	0.96995	0.96995			6
2024.03.25	00:28:08.691	0.96994	0.96994			6
2024.03.25	00:28:08.932	0.96995	0.96995			6
2024.03.25	00:28:12.888	0.96998	0.96998			6
2024.03.25	00:28:14.181	0.96999	0.96999			6
2024.03.25	00:28:15.009	0.96998	0.96998			6
2024.03.25	00:28:15.308	0.96999	0.96999			6
2024.03.25	00:28:32.759	0.97000	0.97000			6
2024.03.25	00:28:39.340	0.97001	0.97001			6
2024.03.25	00:28:41.411	0.97002	0.97002			6
2024.03.25	00:28:41.882	0.97003	0.97003			6
2024.03.25	00:28:42.101	0.97002	0.97002			6
2024.03.25	00:28:51.408	0.97003	0.97003			6
2024.03.25	00:28:51.683	0.97002	0.97002			6
2024.03.25	00:28:53.123	0.97001	0.97001			6
2024.03.25	00:28:53.484	0.97002	0.97002			6
2024.03.25	00:28:54.295	0.97000	0.97000			6
2024.03.25	00:28:58.836	0.96999	0.96999			6
2024.03.25	00:29:01.483	0.97000	0.97000			6
2024.03.25	00:29:02.123	0.96999	0.96999			6
2024.03.25	00:29:04.424	0.96998	0.96998			6
2024.03.25	00:29:11.893	0.96999	0.96999			6
2024.03.25	00:29:12.145	0.96998	0.96998			6
2024.03.25	00:29:16.027	0.96996	0.96996			6
2024.03.25	00:29:16.272	0.96998	0.96998			6
2024.03.25	00:29:16.562	0.96997	0.96997			6
2024.03.25	00:29:28.489	0.96998	0.96998			6
2024.03.25	00:29:31.009	0.96997	0.96997			6
2024.03.25	00:30:00.029	0.96996	0.96996			6
2024.03.25	00:30:04.845	0.96997	0.96997			6
2024.03.25	00:30:20.322	0.96998	0.96998			6
2024.03.25	00:30:20.552	0.96997	0.96997			6
2024.03.25	00:30:25.955	0.96999	0.96999			6
2024.03.25	00:30:31.680	0.96998	0.96998			6
2024.03.25	00:30:32.638	0.96996	0.96996			6
2024.03.25	00:30:32.668	0.96997	0.96997			6
2024.03.25	00:30:33.519	0.96998	0.96998			6
2024.03.25	00:30:34.014	0.96997	0.96997			6
2024.03.25	00:30:34.435	0.96998	0.96998			6
2024.03.25	00:30:35.278	0.96999	0.96999			6
2024.03.25	00:30:37.845	0.96998	0.96998			6
2024.03.25	00:30:38.384	0.96997	0.96997			6
2024.03.25	00:30:44.464	0.96998	0.96998			6
2024.03.25	00:30:44.828	0.96997	0.96997			6
2024.03.25	00:30:45.527	0.96996	0.96996			6
2024.03.25	00:30:47.373	0.96997	0.96997			6
2024.03.25	00:30:51.429	0.96998	0.96998			6
2024.03.25	00:30:51.678	0.96997	0.96997			6
2024.03.25	00:30:52.193	0.96996	0.96996			6
2024.03.25	00:30:56.015	0.96997	0.96997			6
2024.03.25	00:30:56.279	0.96996	0.96996			6
2024.03.25	00:31:00.363	0.96996				2
2024.03.25	00:31:10.561	0.96997	0.96997			6
2024.03.25	00:31:13.294	0.96996	0.96996			6
2024.03.25	00:31:13.508	0.96995	0.96995			6
2024.03.25	00:31:16.190	0.96996	0.96996			6
2024.03.25	00:31:16.305	0.96995	0.96995			6
2024.03.25	00:31:16.652	0.96993	0.96993			6
2024.03.25	00:31:16.682	0.96992	0.96992			6
2024.03.25	00:31:16.742	0.96990	0.96990			6
2024.03.25	00:31:17.435	0.96991	0.96991			6
2024.03.25	00:31:18.349	0.96990	0.96990			6
2024.03.25	00:31:20.970	0.96991	0.96991			6
2024.03.25	00:31:21.542	0.96992	0.96992			6
2024.03.25	00:31:22.541	0.96993	0.96993			6
2024.03.25	00:31:51.220	0.96995	0.96995			6
2024.03.25	00:31:52.060	0.96996	0.96996			6
2024.03.25	00:31:52.181	0.96995	0.96995			6
2024.03.25	00:31:52.422	0.96993	0.96993			6
2024.03.25	00:31:53.058	0.96995	0.96995			6
2024.03.25	00:31:53.209	0.96993	0.96993			6
2024.03.25	00:31:54.094	0.96994	0.96994			6
2024.03.25	00:31:54.516	0.96993	0.96993			6
2024.03.25	00:31:55.231	0.96994	0.96994			6
2024.03.25	00:31:55.260	0.96993	0.96993			6
2024.03.25	00:31:56.127	0.96994	0.96994			6
2024.03.25	00:31:56.156	0.96995	0.96995			6
2024.03.25	00:31:56.311	0.96994	0.96994			6
2024.03.25	00:31:56.340	0.96993	0.96993			6
2024.03.25	00:31:57.150	0.96994	0.96994			6
2024.03.25	00:31:57.316	0.96993	0.96993			6
2024.03.25	00:31:58.138	0.96994	0.96994			6
2024.03.25	00:31:58.229	0.96995	0.96995			6
2024.03.25	00:31:58.334	0.96994	0.96994			6
2024.03.25	00:31:58.364	0.96993	0.96993			6
2024.03.25	00:31:59.148	0.96994	0.96994			6
2024.03.25	00:31:59.179	0.96995	0.96995			6
2024.03.25	00:31:59.288	0.96994	0.96994			6
2024.03.25	00:31:59.535	0.96993	0.96993			6
2024.03.25	00:32:00.175	0.96995	0.96995			6
2024.03.25	00:32:00.318	0.96993	0.96993			6
2024.03.25	00:32:00.808	0.96994	0.96994			6
2024.03.25	00:32:00.993	0.96993	0.96993			6
2024.03.25	00:32:01.869	0.96994	0.96994			6
2024.03.25	00:32:02.930	0.96995	0.96995			6
2024.03.25	00:32:03.079	0.96994	0.96994			6
2024.03.25	00:32:03.665	0.96993	0.96993			6
2024.03.25	00:32:03.907	0.96994	0.96994			6
2024.03.25	00:32:04.914	0.96995	0.96995			6
2024.03.25	00:32:05.034	0.96994	0.96994			6
2024.03.25	00:32:05.932	0.96995	0.96995			6
2024.03.25	00:32:06.053	0.96994	0.96994			6
2024.03.25	00:32:07.002	0.96995	0.96995			6
2024.03.25	00:32:07.135	0.96994	0.96994			6
2024.03.25	00:32:07.999	0.96995	0.96995			6
2024.03.25	00:32:08.119	0.96993	0.96993			6
2024.03.25	00:32:08.337	0.96994	0.96994			6
2024.03.25	00:32:08.999	0.96995	0.96995			6
2024.03.25	00:32:09.179	0.96994	0.96994			6
2024.03.25	00:32:10.008	0.96993	0.96993			6
2024.03.25	00:32:10.039	0.96994	0.96994			6
2024.03.25	00:32:11.060	0.96995	0.96995			6
2024.03.25	00:32:11.838	0.96994	0.96994			6
2024.03.25	00:32:13.525	0.96995	0.96995			6
2024.03.25	00:32:14.337	0.96994	0.96994			6
2024.03.25	00:32:14.747	0.96995	0.96995			6
2024.03.25	00:32:15.617	0.96994	0.96994			6
2024.03.25	00:32:16.316	0.96995	0.96995			6
2024.03.25	00:32:17.347	0.96994	0.96994			6
2024.03.25	00:32:18.250	0.96995	0.96995			6
2024.03.25	00:32:19.417	0.96994	0.96994			6
2024.03.25	00:32:20.274	0.96995	0.96995			6
2024.03.25	00:32:20.447	0.96994	0.96994			6
2024.03.25	00:32:21.566	0.96995	0.96995			6
2024.03.25	00:32:22.423	0.96994	0.96994			6
2024.03.25	00:32:23.442	0.96995	0.96995			6
2024.03.25	00:32:23.532	0.96994	0.96994			6
2024.03.25	00:32:24.218	0.96993	0.96993			6
2024.03.25	00:32:24.412	0.96994	0.96994			6
2024.03.25	00:32:24.532	0.96993	0.96993			6
2024.03.25	00:32:24.932	0.96994	0.96994			6
2024.03.25	00:32:25.446	0.96995	0.96995			6
2024.03.25	00:32:25.626	0.96994	0.96994			6
2024.03.25	00:32:26.146	0.96995	0.96995			6
2024.03.25	00:32:26.270	0.96994	0.96994			6
2024.03.25	00:32:26.786	0.96993	0.96993			6
2024.03.25	00:32:27.494	0.96994	0.96994			6
2024.03.25	00:32:27.524	0.96995	0.96995			6
2024.03.25	00:32:27.617	0.96994	0.96994			6
2024.03.25	00:32:28.269	0.96993	0.96993			6
2024.03.25	00:32:28.525	0.96994	0.96994			6
2024.03.25	00:32:28.708	0.96993	0.96993			6
2024.03.25	00:32:29.258	0.96994	0.96994			6
2024.03.25	00:32:29.317	0.96993	0.96993			6
2024.03.25	00:32:29.578	0.96994	0.96994			6
2024.03.25	00:32:30.118	0.96993	0.96993			6
2024.03.25	00:32:30.616	0.96994	0.96994			6
2024.03.25	00:32:31.248	0.96993	0.96993			6
2024.03.25	00:32:32.724	0.96994	0.96994			6
2024.03.25	00:32:32.814	0.96993	0.96993			6
2024.03.25	00:32:33.646	0.96994	0.96994			6
2024.03.25	00:32:33.860	0.96993	0.96993			6
2024.03.25	00:32:34.118	0.96994	0.96994			6
2024.03.25	00:32:35.107	0.96993	0.96993			6
2024.03.25	00:32:35.136	0.96994	0.96994			6
2024.03.25	00:32:35.257	0.96993	0.96993			6
2024.03.25	00:32:35.317	0.96994	0.96994			6
2024.03.25	00:32:35.513	0.96993	0.96993			6
2024.03.25	00:32:36.359	0.96994	0.96994			6
2024.03.25	00:32:37.577	0.96993	0.96993			6
2024.03.25	00:32:37.648	0.96994	0.96994			6
2024.03.25	00:32:37.828	0.96993	0.96993			6
2024.03.25	00:32:38.412	0.96994	0.96994			6
2024.03.25	00:32:38.623	0.96993	0.96993			6
2024.03.25	00:32:39.464	0.96994	0.96994			6
2024.03.25	00:32:40.107	0.96993	0.96993			6
2024.03.25	00:32:40.495	0.96994	0.96994			6
2024.03.25	00:32:40.647	0.96993	0.96993			6
2024.03.25	00:32:41.414	0.96994	0.96994			6
2024.03.25	00:32:41.675	0.96993	0.96993			6
2024.03.25	00:32:42.502	0.96994	0.96994			6
2024.03.25	00:32:42.618	0.96993	0.96993			6
2024.03.25	00:32:42.860	0.96994	0.96994			6
2024.03.25	00:32:43.150	0.96993	0.96993			6
2024.03.25	00:32:43.509	0.96994	0.96994			6
2024.03.25	00:32:43.719	0.96993	0.96993			6
2024.03.25	00:32:44.496	0.96994	0.96994			6
2024.03.25	00:32:44.526	0.96993	0.96993			6
2024.03.25	00:32:44.617	0.96992	0.96992			6
2024.03.25	00:32:44.797	0.96993	0.96993			6
2024.03.25	00:32:45.106	0.96992	0.96992			6
2024.03.25	00:32:48.382	0.96993	0.96993			6
2024.03.25	00:32:51.022	0.96992	0.96992			6
2024.03.25	00:32:51.382	0.96993	0.96993			6
2024.03.25	00:32:51.412	0.96994	0.96994			6
2024.03.25	00:32:51.652	0.96993	0.96993			6
2024.03.25	00:32:51.743	0.96994	0.96994			6
2024.03.25	00:32:51.772	0.96996	0.96996			6
2024.03.25	00:32:51.953	0.96995	0.96995			6
2024.03.25	00:32:51.983	0.96996	0.96996			6
2024.03.25	00:32:52.197	0.96995	0.96995			6
2024.03.25	00:32:52.258	0.96996	0.96996			6
2024.03.25	00:32:53.023	0.96995	0.96995			6
2024.03.25	00:32:57.736	0.96996	0.96996			6
2024.03.25	00:32:58.708	0.96995	0.96995			6
2024.03.25	00:32:59.354	0.96994	0.96994			6
2024.03.25	00:33:00.648	0.96995	0.96995			6
2024.03.25	00:33:01.346	0.96994	0.96994			6
2024.03.25	00:33:01.436	0.96995	0.96995			6
2024.03.25	00:33:02.788	0.96996	0.96996			6
2024.03.25	00:33:07.043	0.96995	0.96995			6
2024.03.25	00:33:07.502	0.96996	0.96996			6
2024.03.25	00:33:08.731	0.96995	0.96995			6
2024.03.25	00:33:09.247	0.96996	0.96996			6
2024.03.25	00:33:36.924	0.96997	0.96997			6
2024.03.25	00:33:38.023	0.96998	0.96998			6
2024.03.25	00:33:39.756	0.96997	0.96997			6
2024.03.25	00:33:40.448	0.96998	0.96998			6
2024.03.25	00:33:40.947	0.96997	0.96997			6
2024.03.25	00:33:41.975	0.96996	0.96996			6
2024.03.25	00:33:44.255	0.96997	0.96997			6
2024.03.25	00:33:45.029	0.96996	0.96996			6
2024.03.25	00:33:50.242	0.96997	0.96997			6
2024.03.25	00:33:51.122	0.96996	0.96996			6
2024.03.25	00:33:55.590	0.96997	0.96997			6
2024.03.25	00:34:00.007	0.96996	0.96996			6
2024.03.25	00:34:01.273	0.96995	0.96995			6
2024.03.25	00:34:01.422	0.96996	0.96996			6
2024.03.25	00:34:04.721	0.96995	0.96995			6
2024.03.25	00:34:04.992	0.96996	0.96996			6
2024.03.25	00:34:05.117	0.96995	0.96995			6
2024.03.25	00:34:05.346	0.96996	0.96996			6
2024.03.25	00:34:05.477	0.96995	0.96995			6
2024.03.25	00:34:05.721	0.96996	0.96996			6
2024.03.25	00:34:11.335	0.96995	0.96995			6
2024.03.25	00:34:12.028	0.96996	0.96996			6
2024.03.25	00:34:13.412	0.96995	0.96995			6
2024.03.25	00:34:14.283	0.96996	0.96996			6
2024.03.25	00:34:14.404	0.96995	0.96995			6
2024.03.25	00:34:15.385	0.96996	0.96996			6
2024.03.25	00:34:15.477	0.96995	0.96995			6
2024.03.25	00:34:16.346	0.96996	0.96996			6
2024.03.25	00:34:17.007	0.96995	0.96995			6
2024.03.25	00:34:17.195	0.96996	0.96996			6
2024.03.25	00:34:20.640	0.96995	0.96995			6
2024.03.25	00:34:21.118	0.96996	0.96996			6
2024.03.25	00:34:24.701	0.96995	0.96995			6
2024.03.25	00:34:24.792	0.96996	0.96996			6
2024.03.25	00:34:24.915	0.96995	0.96995			6
2024.03.25	00:34:25.036	0.96996	0.96996			6
2024.03.25	00:34:25.557	0.96995	0.96995			6
2024.03.25	00:34:26.006	0.96996	0.96996			6
2024.03.25	00:34:26.407	0.96995	0.96995			6
2024.03.25	00:34:26.648	0.96996	0.96996			6
2024.03.25	00:34:27.009	0.96995	0.96995			6
2024.03.25	00:34:27.509	0.96994	0.96994			6
2024.03.25	00:34:27.627	0.96995	0.96995			6
2024.03.25	00:34:27.688	0.96996	0.96996			6
2024.03.25	00:34:27.748	0.96995	0.96995			6
2024.03.25	00:34:28.707	0.96996	0.96996			6
2024.03.25	00:34:28.827	0.96995	0.96995			6
2024.03.25	00:34:29.786	0.96996	0.96996			6
2024.03.25	00:34:29.878	0.96995	0.96995			6
2024.03.25	00:34:31.978	0.96996	0.96996			6
2024.03.25	00:34:32.827	0.96997	0.96997			6
2024.03.25	00:34:32.930	0.96996	0.96996			6
2024.03.25	00:34:32.968	0.96997	0.96997			6
2024.03.25	00:34:33.208	0.96996	0.96996			6
2024.03.25	00:34:33.388	0.96995	0.96995			6
2024.03.25	00:34:33.657	0.96996	0.96996			6
2024.03.25	00:34:35.035	0.96997	0.96997			6
2024.03.25	00:34:35.198	0.96996	0.96996			6
2024.03.25	00:34:39.047	0.96997	0.96997			6
2024.03.25	00:34:39.190	0.96996	0.96996			6
2024.03.25	00:34:40.089	0.96997	0.96997			6
2024.03.25	00:34:40.248	0.96996	0.96996			6
2024.03.25	00:34:42.150	0.96997	0.96997			6
2024.03.25	00:34:43.342	0.96996	0.96996			6
2024.03.25	00:34:44.485	0.96997	0.96997			6
2024.03.25	00:34:54.599	0.96996	0.96996			6
2024.03.25	00:34:54.629	0.96995	0.96995			6
2024.03.25	00:34:57.001	0.96994	0.96994			6
2024.03.25	00:34:57.350	0.96993	0.96993			6
2024.03.25	00:34:57.777	0.96994	0.96994			6
2024.03.25	00:34:58.107	0.96993	0.96993			6
2024.03.25	00:34:59.915	0.96994	0.96994			6
2024.03.25	00:35:00.071	0.96993	0.96993			6
2024.03.25	00:35:00.131	0.96994	0.96994			6
2024.03.25	00:35:01.686	0.96993	0.96993			6
2024.03.25	00:35:01.973	0.96992	0.96992			6
2024.03.25	00:35:03.254	0.96993	0.96993			6
2024.03.25	00:35:04.028	0.96994	0.96994			6
2024.03.25	00:35:05.248	0.96995	0.96995			6
2024.03.25	00:35:05.278	0.96994	0.96994			6
2024.03.25	00:35:05.816	0.96993	0.96993			6
2024.03.25	00:35:11.037	0.96994	0.96994			6
2024.03.25	00:35:13.031	0.96993	0.96993			6
2024.03.25	00:35:13.650	0.96994	0.96994			6
2024.03.25	00:35:13.948	0.96993	0.96993			6
2024.03.25	00:35:14.309	0.96994	0.96994			6
2024.03.25	00:35:20.115	0.96993	0.96993			6
2024.03.25	00:35:20.931	0.96994	0.96994			6
2024.03.25	00:35:21.140	0.96993	0.96993			6
2024.03.25	00:35:21.966	0.96994	0.96994			6
2024.03.25	00:35:22.180	0.96993	0.96993			6
2024.03.25	00:35:24.270	0.96994	0.96994			6
2024.03.25	00:35:33.415	0.96993	0.96993			6
2024.03.25	00:35:56.161	0.96994	0.96994			6
2024.03.25	00:35:58.691	0.96993	0.96993			6
2024.03.25	00:35:58.720	0.96994	0.96994			6
2024.03.25	00:35:58.810	0.96993	0.96993			6
2024.03.25	00:36:01.606	0.96994	0.96994			6
2024.03.25	00:36:09.821	0.96995	0.96995			6
2024.03.25	00:36:12.376	0.96994	0.96994			6
2024.03.25	00:36:14.225	0.96993	0.96993			6
2024.03.25	00:36:16.813	0.96994	0.96994			6
2024.03.25	00:36:21.136	0.96993	0.96993			6
2024.03.25	00:36:26.314	0.96994	0.96994			6
2024.03.25	00:36:45.674	0.96993	0.96993			6
2024.03.25	00:36:46.081	0.96992	0.96992			6
2024.03.25	00:36:46.142	0.96994	0.96994			6
2024.03.25	00:36:47.223	0.96995	0.96995			6
2024.03.25	00:36:51.180	0.96994	0.96994			6
2024.03.25	00:36:51.453	0.96995	0.96995			6
2024.03.25	00:36:51.724	0.96994	0.96994			6
2024.03.25	00:36:52.492	0.96995	0.96995			6
2024.03.25	00:36:52.612	0.96994	0.96994			6
2024.03.25	00:36:53.507	0.96995	0.96995			6
2024.03.25	00:36:53.658	0.96994	0.96994			6
2024.03.25	00:36:54.551	0.96993	0.96993			6
2024.03.25	00:36:56.527	0.96994	0.96994			6
2024.03.25	00:37:00.624	0.96993	0.96993			6
2024.03.25	00:37:01.114	0.96994	0.96994			6
2024.03.25	00:37:02.736	0.96993	0.96993			6
2024.03.25	00:37:03.533	0.96994	0.96994			6
2024.03.25	00:37:03.646	0.96993	0.96993			6
2024.03.25	00:37:04.593	0.96994	0.96994			6
2024.03.25	00:37:04.713	0.96993	0.96993			6
2024.03.25	00:37:04.839	0.96992	0.96992			6
2024.03.25	00:37:04.918	0.96993	0.96993			6
2024.03.25	00:37:05.069	0.96992	0.96992			6
2024.03.25	00:37:05.130	0.96993	0.96993			6
2024.03.25	00:37:05.623	0.96994	0.96994			6
2024.03.25	00:37:11.787	0.96993	0.96993			6
2024.03.25	00:37:13.581	0.96994	0.96994			6
2024.03.25	00:37:18.181	0.96993	0.96993			6
2024.03.25	00:37:19.047	0.96994	0.96994			6
2024.03.25	00:37:29.580	0.96993	0.96993			6
2024.03.25	00:37:29.964	0.96994	0.96994			6
2024.03.25	00:37:30.087	0.96993	0.96993			6
2024.03.25	00:37:30.208	0.96994	0.96994			6
2024.03.25	00:37:31.016	0.96993	0.96993			6
2024.03.25	00:37:31.581	0.96994	0.96994			6
2024.03.25	00:37:32.434	0.96993	0.96993			6
2024.03.25	00:37:32.585	0.96994	0.96994			6
2024.03.25	00:37:32.714	0.96993	0.96993			6
2024.03.25	00:37:33.447	0.96994	0.96994			6
2024.03.25	00:37:36.693	0.96993	0.96993			6
2024.03.25	00:37:38.763	0.96994	0.96994			6
2024.03.25	00:37:43.830	0.96995	0.96995			6
2024.03.25	00:37:44.081	0.96994	0.96994			6
2024.03.25	00:37:51.459	0.96995	0.96995			6
2024.03.25	00:37:52.389	0.96996	0.96996			6
2024.03.25	00:37:52.510	0.96995	0.96995			6
2024.03.25	00:37:56.026	0.96994	0.96994			6
2024.03.25	00:37:56.395	0.96995	0.96995			6
2024.03.25	00:38:00.518	0.96994	0.96994			6
2024.03.25	00:38:06.752	0.96995	0.96995			6
2024.03.25	00:38:06.981	0.96994	0.96994			6
2024.03.25	00:38:23.357	0.96995	0.96995			6
2024.03.25	00:38:24.643	0.96994	0.96994			6
2024.03.25	00:38:27.751	0.96995	0.96995			6
2024.03.25	00:38:28.777	0.96994	0.96994			6
2024.03.25	00:38:31.915	0.96995	0.96995			6
2024.03.25	00:38:32.943	0.96994	0.96994			6
2024.03.25	00:38:33.711	0.96995	0.96995			6
2024.03.25	00:38:56.730	0.96994	0.96994			6
2024.03.25	00:38:57.398	0.96995	0.96995			6
2024.03.25	00:38:59.844	0.96994	0.96994			6
2024.03.25	00:39:00.243	0.96995	0.96995			6
2024.03.25	00:39:01.564	0.96996	0.96996			6
2024.03.25	00:39:01.937	0.96994	0.96994			6
2024.03.25	00:39:02.316	0.96995	0.96995			6
2024.03.25	00:39:02.964	0.96994	0.96994			6
2024.03.25	00:39:03.350	0.96995	0.96995			6
2024.03.25	00:39:04.008	0.96994	0.96994			6
2024.03.25	00:39:04.381	0.96995	0.96995			6
2024.03.25	00:39:05.033	0.96994	0.96994			6
2024.03.25	00:39:05.423	0.96995	0.96995			6
2024.03.25	00:39:06.063	0.96994	0.96994			6
2024.03.25	00:39:06.471	0.96995	0.96995			6
2024.03.25	00:39:07.115	0.96994	0.96994			6
2024.03.25	00:39:08.810	0.96995	0.96995			6
2024.03.25	00:39:09.174	0.96994	0.96994			6
2024.03.25	00:39:09.563	0.96995	0.96995			6
2024.03.25	00:39:10.231	0.96994	0.96994			6
2024.03.25	00:39:10.608	0.96995	0.96995			6
2024.03.25	00:39:11.258	0.96994	0.96994			6
2024.03.25	00:39:11.652	0.96995	0.96995			6
2024.03.25	00:39:12.262	0.96994	0.96994			6
2024.03.25	00:39:12.688	0.96995	0.96995			6
2024.03.25	00:39:13.339	0.96994	0.96994			6
2024.03.25	00:39:13.735	0.96995	0.96995			6
2024.03.25	00:39:14.380	0.96994	0.96994			6
2024.03.25	00:39:14.757	0.96995	0.96995			6
2024.03.25	00:39:15.410	0.96994	0.96994			6
2024.03.25	00:39:15.780	0.96995	0.96995			6
2024.03.25	00:39:16.440	0.96994	0.96994			6
2024.03.25	00:39:17.122	0.96995	0.96995			6
2024.03.25	00:39:17.481	0.96994	0.96994			6
2024.03.25	00:39:17.870	0.96995	0.96995			6
2024.03.25	00:39:18.511	0.96994	0.96994			6
2024.03.25	00:39:18.892	0.96995	0.96995			6
2024.03.25	00:39:19.533	0.96994	0.96994			6
2024.03.25	00:39:19.943	0.96995	0.96995			6
2024.03.25	00:39:20.564	0.96994	0.96994			6
2024.03.25	00:39:20.980	0.96995	0.96995			6
2024.03.25	00:39:21.615	0.96994	0.96994			6
2024.03.25	00:39:22.015	0.96995	0.96995			6
2024.03.25	00:39:22.647	0.96994	0.96994			6
2024.03.25	00:39:23.062	0.96995	0.96995			6
2024.03.25	00:39:23.705	0.96994	0.96994			6
2024.03.25	00:39:24.093	0.96995	0.96995			6
2024.03.25	00:39:24.737	0.96994	0.96994			6
2024.03.25	00:39:25.116	0.96995	0.96995			6
2024.03.25	00:39:25.772	0.96994	0.96994			6
2024.03.25	00:39:26.145	0.96995	0.96995			6
2024.03.25	00:39:26.787	0.96994	0.96994			6
2024.03.25	00:39:27.206	0.96995	0.96995			6
2024.03.25	00:39:27.847	0.96994	0.96994			6
2024.03.25	00:39:28.234	0.96995	0.96995			6
2024.03.25	00:39:28.878	0.96994	0.96994			6
2024.03.25	00:39:29.272	0.96995	0.96995			6
2024.03.25	00:39:29.927	0.96994	0.96994			6
2024.03.25	00:39:31.255	0.96995	0.96995			6
2024.03.25	00:39:32.164	0.96994	0.96994			6
2024.03.25	00:39:32.408	0.96995	0.96995			6
2024.03.25	00:39:33.190	0.96994	0.96994			6
2024.03.25	00:39:33.449	0.96995	0.96995			6
2024.03.25	00:39:34.215	0.96994	0.96994			6
2024.03.25	00:39:34.493	0.96995	0.96995			6
2024.03.25	00:39:35.245	0.96994	0.96994			6
2024.03.25	00:39:35.522	0.96995	0.96995			6
2024.03.25	00:39:36.298	0.96994	0.96994			6
2024.03.25	00:39:36.552	0.96995	0.96995			6
2024.03.25	00:39:37.340	0.96994	0.96994			6
2024.03.25	00:39:37.592	0.96995	0.96995			6
2024.03.25	00:39:38.381	0.96994	0.96994			6
2024.03.25	00:39:38.479	0.96995	0.96995			6
2024.03.25	00:39:40.447	0.96994	0.96994			6
2024.03.25	00:39:40.562	0.96995	0.96995			6
2024.03.25	00:39:44.572	0.96994	0.96994			6
2024.03.25	00:39:47.412	0.96995	0.96995			6
2024.03.25	00:39:47.793	0.96994	0.96994			6
2024.03.25	00:39:48.326	0.96995	0.96995			6
2024.03.25	00:39:48.708	0.96994	0.96994			6
2024.03.25	00:39:48.954	0.96995	0.96995			6
2024.03.25	00:39:50.754	0.96994	0.96994			6
2024.03.25	00:39:50.935	0.96995	0.96995			6
2024.03.25	00:39:51.344	0.96994	0.96994			6
2024.03.25	00:39:51.789	0.96995	0.96995			6
2024.03.25	00:39:53.687	0.96994	0.96994			6
2024.03.25	00:39:54.288	0.96995	0.96995			6
2024.03.25	00:39:55.043	0.96994	0.96994			6
2024.03.25	00:39:55.403	0.96995	0.96995			6
2024.03.25	00:39:56.097	0.96994	0.96994			6
2024.03.25	00:39:56.790	0.96995	0.96995			6
2024.03.25	00:39:56.951	0.96993	0.96993			6
2024.03.25	00:39:57.221	0.96994	0.96994			6
2024.03.25	00:39:59.796	0.96995	0.96995			6
2024.03.25	00:40:01.035	0.96993	0.96993			6
2024.03.25	00:40:01.329	0.96995	0.96995			6
2024.03.25	00:40:01.982	0.96994	0.96994			6
2024.03.25	00:40:06.514	0.96993	0.96993			6
2024.03.25	00:40:06.792	0.96994	0.96994			6
2024.03.25	00:40:07.262	0.96993	0.96993			6
2024.03.25	00:40:07.488	0.96994	0.96994			6
2024.03.25	00:40:09.340	0.96993	0.96993			6
2024.03.25	00:40:26.348	0.96992	0.96992			6
2024.03.25	00:40:26.379	0.96993	0.96993			6
2024.03.25	00:40:26.470	0.96994	0.96994			6
2024.03.25	00:40:27.451	0.96993	0.96993			6
2024.03.25	00:40:27.954	0.96994	0.96994			6
2024.03.25	00:40:28.203	0.96993	0.96993			6
2024.03.25	00:40:28.483	0.96994	0.96994			6
2024.03.25	00:40:30.289	0.96993	0.96993			6
2024.03.25	00:40:30.544	0.96994	0.96994			6
2024.03.25	00:40:31.310	0.96993	0.96993			6
2024.03.25	00:40:31.587	0.96994	0.96994			6
2024.03.25	00:40:32.750	0.96993	0.96993			6
2024.03.25	00:40:33.620	0.96994	0.96994			6
2024.03.25	00:40:34.250	0.96993	0.96993			6
2024.03.25	00:40:34.432	0.96994	0.96994			6
2024.03.25	00:40:34.527	0.96993	0.96993			6
2024.03.25	00:40:34.832	0.96994	0.96994			6
2024.03.25	00:40:36.827	0.96993	0.96993			6
2024.03.25	00:40:38.340	0.96994	0.96994			6
2024.03.25	00:40:39.736	0.96993	0.96993			6
2024.03.25	00:40:40.520	0.96994	0.96994			6
2024.03.25	00:40:40.826	0.96993	0.96993			6
2024.03.25	00:40:48.241	0.96992	0.96992			6
2024.03.25	00:40:53.118	0.96993	0.96993			6
2024.03.25	00:40:55.553	0.96992	0.96992			6
2024.03.25	00:41:00.735	0.96993	0.96993			6
2024.03.25	00:41:01.165	0.96992	0.96992			6
2024.03.25	00:41:01.751	0.96993	0.96993			6
2024.03.25	00:41:02.533	0.96992	0.96992			6
2024.03.25	00:41:04.787	0.96993	0.96993			6
2024.03.25	00:41:17.919	0.96994	0.96994			6
2024.03.25	00:41:19.028	0.96993	0.96993			6
2024.03.25	00:41:25.606	0.96992	0.96992			6
2024.03.25	00:41:26.501	0.96993	0.96993			6
2024.03.25	00:41:28.045	0.96994	0.96994			6
2024.03.25	00:41:28.577	0.96993	0.96993			6
2024.03.25	00:41:28.847	0.96992	0.96992			6
2024.03.25	00:41:29.023	0.96993	0.96993			6
2024.03.25	00:41:30.911	0.96994	0.96994			6
2024.03.25	00:41:41.440	0.96993	0.96993			6
2024.03.25	00:41:49.723	0.96994	0.96994			6
2024.03.25	00:41:50.592	0.96993	0.96993			6
2024.03.25	00:41:59.694	0.96994	0.96994			6
2024.03.25	00:41:59.976	0.96993	0.96993			6
2024.03.25	00:42:00.231	0.96992	0.96992			6
2024.03.25	00:42:00.593	0.96993	0.96993			6
2024.03.25	00:42:03.802	0.96992	0.96992			6
2024.03.25	00:42:04.679	0.96993	0.96993			6
2024.03.25	00:42:05.144	0.96992	0.96992			6
2024.03.25	00:42:06.900	0.96993	0.96993			6
2024.03.25	00:42:09.627	0.96994	0.96994			6
2024.03.25	00:42:23.459	0.96993	0.96993			6
2024.03.25	00:42:23.656	0.96994	0.96994			6
2024.03.25	00:42:32.440	0.96993	0.96993			6
2024.03.25	00:42:37.550	0.96994	0.96994			6
2024.03.25	00:42:45.755	0.96995	0.96995			6
2024.03.25	00:42:48.466	0.96994	0.96994			6
2024.03.25	00:42:50.386	0.96996	0.96996			6
2024.03.25	00:42:51.650	0.96997	0.96997			6
2024.03.25	00:42:51.770	0.96996	0.96996			6
2024.03.25	00:42:53.263	0.97000	0.97000			6
2024.03.25	00:42:53.383	0.97002	0.97002			6
2024.03.25	00:42:54.373	0.97001	0.97001			6
2024.03.25	00:42:54.486	0.97000	0.97000			6
2024.03.25	00:42:54.638	0.97001	0.97001			6
2024.03.25	00:42:55.308	0.97000	0.97000			6
2024.03.25	00:42:55.568	0.97001	0.97001			6
2024.03.25	00:42:55.846	0.97002	0.97002			6
2024.03.25	00:42:56.338	0.97001	0.97001			6
2024.03.25	00:42:57.028	0.97002	0.97002			6
2024.03.25	00:42:57.599	0.97001	0.97001			6
2024.03.25	00:42:57.867	0.97002	0.97002			6
2024.03.25	00:42:58.774	0.97003	0.97003			6
2024.03.25	00:43:01.232	0.97003				2
2024.03.25	00:43:08.392	0.97004	0.97004			6
2024.03.25	00:43:11.249	0.97003	0.97003			6
2024.03.25	00:43:13.124	0.97004	0.97004			6
2024.03.25	00:43:35.083	0.97003	0.97003			6
2024.03.25	00:43:42.444	0.97002	0.97002			6
2024.03.25	00:43:44.220	0.97003	0.97003			6
2024.03.25	00:43:44.480	0.97002	0.97002			6
2024.03.25	00:43:45.245	0.97003	0.97003			6
2024.03.25	00:43:45.544	0.97002	0.97002			6
2024.03.25	00:43:47.606	0.97003	0.97003			6
2024.03.25	00:43:56.659	0.97002	0.97002			6
2024.03.25	00:43:56.929	0.97003	0.97003			6
2024.03.25	00:43:57.967	0.97002	0.97002			6
2024.03.25	00:44:04.139	0.97003	0.97003			6
2024.03.25	00:44:04.636	0.97002	0.97002			6
2024.03.25	00:44:10.429	0.97003	0.97003			6
2024.03.25	00:44:11.202	0.97002	0.97002			6
2024.03.25	00:44:12.065	0.97001	0.97001			6
2024.03.25	00:44:23.300	0.97002	0.97002			6
2024.03.25	00:44:23.329	0.97000	0.97000			6
2024.03.25	00:44:23.945	0.97004	0.97004			6
2024.03.25	00:44:23.976	0.97006	0.97006			6
2024.03.25	00:44:24.006	0.97005	0.97005			6
2024.03.25	00:44:24.066	0.97007	0.97007			6
2024.03.25	00:44:24.126	0.97009	0.97009			6
2024.03.25	00:44:24.332	0.97011	0.97011			6
2024.03.25	00:44:25.028	0.97010	0.97010			6
2024.03.25	00:44:25.148	0.97011	0.97011			6
2024.03.25	00:44:25.298	0.97010	0.97010			6
2024.03.25	00:44:26.111	0.97009	0.97009			6
2024.03.25	00:44:26.240	0.97010	0.97010			6
2024.03.25	00:44:28.170	0.97009	0.97009			6
2024.03.25	00:44:28.201	0.97010	0.97010			6
2024.03.25	00:44:31.488	0.97009	0.97009			6
2024.03.25	00:44:31.548	0.97010	0.97010			6
2024.03.25	00:44:34.455	0.97009	0.97009			6
2024.03.25	00:44:34.586	0.97010	0.97010			6
2024.03.25	00:44:36.025	0.97009	0.97009			6
2024.03.25	00:44:47.386	0.97008	0.97008			6
2024.03.25	00:44:47.618	0.97009	0.97009			6
2024.03.25	00:44:48.360	0.97008	0.97008			6
2024.03.25	00:44:48.639	0.97009	0.97009			6
2024.03.25	00:44:50.725	0.97008	0.97008			6
2024.03.25	00:44:50.979	0.97009	0.97009			6
2024.03.25	00:44:51.611	0.97008	0.97008			6
2024.03.25	00:44:52.891	0.97009	0.97009			6
2024.03.25	00:44:53.433	0.97008	0.97008			6
2024.03.25	00:44:53.691	0.97009	0.97009			6
2024.03.25	00:44:55.530	0.97008	0.97008			6
2024.03.25	00:44:55.749	0.97009	0.97009			6
2024.03.25	00:44:56.059	0.97008	0.97008			6
2024.03.25	00:44:56.931	0.97007	0.97007			6
2024.03.25	00:44:56.960	0.97008	0.97008			6
2024.03.25	00:44:56.989	0.97007	0.97007			6
2024.03.25	00:44:57.191	0.97006	0.97006			6
2024.03.25	00:44:57.354	0.97008	0.97008			6
2024.03.25	00:44:57.563	0.97006	0.97006			6
2024.03.25	00:44:57.744	0.97008	0.97008			6
2024.03.25	00:44:58.617	0.97006	0.97006			6
2024.03.25	00:44:58.773	0.97008	0.97008			6
2024.03.25	00:44:59.159	0.97006	0.97006			6
2024.03.25	00:44:59.811	0.97008	0.97008			6
2024.03.25	00:44:59.931	0.97006	0.97006			6
2024.03.25	00:45:00.567	0.97007	0.97007			6
2024.03.25	00:45:01.820	0.97005	0.97005			6
2024.03.25	00:45:01.849	0.97001	0.97001			6
2024.03.25	00:45:01.880	0.97000	0.97000			6
2024.03.25	00:45:01.909	0.96999	0.96999			6
2024.03.25	00:45:01.940	0.97000	0.97000			6
2024.03.25	00:45:02.233	0.96999	0.96999			6
2024.03.25	00:45:04.480	0.97000	0.97000			6
2024.03.25	00:45:05.861	0.96999	0.96999			6
2024.03.25	00:45:06.811	0.96998	0.96998			6
2024.03.25	00:45:12.918	0.96995	0.96995			6
2024.03.25	00:45:13.250	0.96994	0.96994			6
2024.03.25	00:45:15.222	0.96993	0.96993			6
2024.03.25	00:45:15.251	0.96992	0.96992			6
2024.03.25	00:45:15.426	0.96993	0.96993			6
2024.03.25	00:45:15.547	0.96992	0.96992			6
2024.03.25	00:45:17.257	0.96993	0.96993			6
2024.03.25	00:45:19.331	0.96992	0.96992			6
2024.03.25	00:45:20.602	0.96993	0.96993			6
2024.03.25	00:45:20.752	0.96992	0.96992			6
2024.03.25	00:45:20.782	0.96988	0.96988			6
2024.03.25	00:45:28.677	0.96987	0.96987			6
2024.03.25	00:45:45.307	0.96988	0.96988			6
2024.03.25	00:45:45.429	0.96987	0.96987			6
2024.03.25	00:45:46.391	0.96988	0.96988			6
2024.03.25	00:45:46.451	0.96987	0.96987			6
2024.03.25	00:45:47.090	0.96989	0.96989			6
2024.03.25	00:45:53.383	0.96988	0.96988			6
2024.03.25	00:45:55.308	0.96989	0.96989			6
2024.03.25	00:45:55.398	0.96988	0.96988			6
2024.03.25	00:45:58.501	0.96989	0.96989			6
2024.03.25	00:46:00.538	0.96988	0.96988			6
2024.03.25	00:46:00.628	0.96989	0.96989			6
2024.03.25	00:46:00.840	0.96988	0.96988			6
2024.03.25	00:46:07.272	0.96989	0.96989			6
2024.03.25	00:46:10.151	0.96988	0.96988			6
2024.03.25	00:46:11.174	0.96989	0.96989			6
2024.03.25	00:46:11.871	0.96986	0.96986			6
2024.03.25	00:46:11.902	0.96985	0.96985			6
2024.03.25	00:46:12.232	0.96984	0.96984			6
2024.03.25	00:46:13.882	0.96983	0.96983			6
2024.03.25	00:46:17.661	0.96982	0.96982			6
2024.03.25	00:46:19.042	0.96983	0.96983			6
2024.03.25	00:46:22.049	0.96982	0.96982			6
2024.03.25	00:46:22.289	0.96981	0.96981			6
2024.03.25	00:46:26.420	0.96988	0.96988			6
2024.03.25	00:46:26.451	0.96989	0.96989			6
2024.03.25	00:46:26.723	0.96990	0.96990			6
2024.03.25	00:46:27.568	0.96989	0.96989			6
2024.03.25	00:46:27.729	0.96990	0.96990			6
2024.03.25	00:46:27.959	0.96989	0.96989			6
2024.03.25	00:46:30.527	0.96988	0.96988			6
2024.03.25	00:46:30.556	0.96989	0.96989			6
2024.03.25	00:46:30.585	0.96990	0.96990			6
2024.03.25	00:46:31.390	0.96989	0.96989			6
2024.03.25	00:46:34.091	0.96990	0.96990			6
2024.03.25	00:46:35.013	0.96989	0.96989			6
2024.03.25	00:46:37.091	0.96990	0.96990			6
2024.03.25	00:46:37.370	0.96989	0.96989			6
2024.03.25	00:46:44.725	0.96988	0.96988			6
2024.03.25	00:46:47.370	0.96987	0.96987			6
2024.03.25	00:46:47.398	0.96984	0.96984			6
2024.03.25	00:46:47.458	0.96983	0.96983			6
2024.03.25	00:46:49.695	0.96982	0.96982			6
2024.03.25	00:46:51.594	0.96983	0.96983			6
2024.03.25	00:46:52.360	0.96984	0.96984			6
2024.03.25	00:46:52.459	0.96983	0.96983			6
2024.03.25	00:46:55.361	0.96982	0.96982			6
2024.03.25	00:47:02.030	0.96981	0.96981			6
2024.03.25	00:47:07.024	0.96983	0.96983			6
2024.03.25	00:47:07.084	0.96984	0.96984			6
2024.03.25	00:47:07.114	0.96983	0.96983			6
2024.03.25	00:47:07.615	0.96982	0.96982			6
2024.03.25	00:47:15.084	0.96980	0.96980			6
2024.03.25	00:47:15.114	0.96981	0.96981			6
2024.03.25	00:47:15.560	0.96982	0.96982			6
2024.03.25	00:47:16.085	0.96981	0.96981			6
2024.03.25	00:47:28.330	0.96980	0.96980			6
2024.03.25	00:47:29.271	0.96981	0.96981			6
2024.03.25	00:47:42.704	0.96979	0.96979			6
2024.03.25	00:47:42.763	0.96980	0.96980			6
2024.03.25	00:47:43.012	0.96981	0.96981			6
2024.03.25	00:47:49.196	0.96980	0.96980			6
2024.03.25	00:47:50.249	0.96981	0.96981			6
2024.03.25	00:48:00.400	0.96981				2
2024.03.25	00:48:00.988	0.96980	0.96980			6
2024.03.25	00:48:01.433	0.96981	0.96981			6
2024.03.25	00:48:13.533	0.96980	0.96980			6
2024.03.25	00:48:13.563	0.96981	0.96981			6
2024.03.25	00:48:35.394	0.96982	0.96982			6
2024.03.25	00:48:35.890	0.96981	0.96981			6
2024.03.25	00:48:49.653	0.96982	0.96982			6
2024.03.25	00:48:49.684	0.96981	0.96981			6
2024.03.25	00:48:55.623	0.96980	0.96980			6
2024.03.25	00:48:56.003	0.96981	0.96981			6
2024.03.25	00:49:00.946	0.96980	0.96980			6
2024.03.25	00:49:21.155	0.96981	0.96981			6
2024.03.25	00:49:45.651	0.96978	0.96978			6
2024.03.25	00:49:46.240	0.96977	0.96977			6
2024.03.25	00:49:46.391	0.96976	0.96976			6
2024.03.25	00:49:46.422	0.96975	0.96975			6
2024.03.25	00:49:46.662	0.96976	0.96976			6
2024.03.25	00:49:49.015	0.96975	0.96975			6
2024.03.25	00:49:50.020	0.96976	0.96976			6
2024.03.25	00:49:57.355	0.96975	0.96975			6
2024.03.25	00:50:02.060	0.96976	0.96976			6
2024.03.25	00:50:13.069	0.96975	0.96975			6
2024.03.25	00:50:52.072	0.96974	0.96974			6
2024.03.25	00:50:52.102	0.96973	0.96973			6
2024.03.25	00:50:56.425	0.96974	0.96974			6
2024.03.25	00:50:59.691	0.96973	0.96973			6
2024.03.25	00:51:01.121	0.96974	0.96974			6
2024.03.25	00:51:01.181	0.96975	0.96975			6
2024.03.25	00:51:15.923	0.96976	0.96976			6
2024.03.25	00:51:16.197	0.96975	0.96975			6
2024.03.25	00:51:16.562	0.96976	0.96976			6
2024.03.25	00:51:16.771	0.96975	0.96975			6
2024.03.25	00:51:17.107	0.96974	0.96974			6
2024.03.25	00:51:18.025	0.96975	0.96975			6
2024.03.25	00:51:19.138	0.96974	0.96974			6
2024.03.25	00:51:25.072	0.96975	0.96975			6
2024.03.25	00:51:26.142	0.96974	0.96974			6
2024.03.25	00:51:26.791	0.96975	0.96975			6
2024.03.25	00:51:45.609	0.96976	0.96976			6
2024.03.25	00:51:45.973	0.96975	0.96975			6
2024.03.25	00:51:47.439	0.96976	0.96976			6
2024.03.25	00:51:53.359	0.96975	0.96975			6
2024.03.25	00:51:53.960	0.96976	0.96976			6
2024.03.25	00:51:54.448	0.96975	0.96975			6
2024.03.25	00:52:01.005	0.96975				2
2024.03.25	00:52:28.959	0.96974	0.96974			6
2024.03.25	00:52:34.168	0.96973	0.96973			6
2024.03.25	00:52:34.258	0.96974	0.96974			6
2024.03.25	00:52:34.319	0.96973	0.96973			6
2024.03.25	00:52:34.551	0.96974	0.96974			6
2024.03.25	00:52:36.303	0.96975	0.96975			6
2024.03.25	00:52:36.332	0.96974	0.96974			6
2024.03.25	00:52:37.295	0.96973	0.96973			6
2024.03.25	00:52:42.802	0.96974	0.96974			6
2024.03.25	00:52:44.187	0.96975	0.96975			6
2024.03.25	00:52:48.226	0.96974	0.96974			6
2024.03.25	00:52:52.251	0.96975	0.96975			6
2024.03.25	00:52:53.257	0.96974	0.96974			6
2024.03.25	00:52:57.370	0.96975	0.96975			6
2024.03.25	00:52:57.615	0.96974	0.96974			6
2024.03.25	00:53:00.092	0.96974				2
2024.03.25	00:53:00.123	0.96975	0.96975			6
2024.03.25	00:53:00.331	0.96978	0.96978			6
2024.03.25	00:53:01.387	0.96979	0.96979			6
2024.03.25	00:53:02.104	0.96978	0.96978			6
2024.03.25	00:53:02.315	0.96979	0.96979			6
2024.03.25	00:53:02.345	0.96980	0.96980			6
2024.03.25	00:53:02.496	0.96979	0.96979			6
2024.03.25	00:53:03.247	0.96980	0.96980			6
2024.03.25	00:53:09.977	0.96977	0.96977			6
2024.03.25	00:53:10.733	0.96980	0.96980			6
2024.03.25	00:53:13.445	0.96981	0.96981			6
2024.03.25	00:53:13.841	0.96980	0.96980			6
2024.03.25	00:53:14.585	0.96981	0.96981			6
2024.03.25	00:53:17.992	0.96980	0.96980			6
2024.03.25	00:53:19.037	0.96981	0.96981			6
2024.03.25	00:53:25.301	0.96980	0.96980			6
2024.03.25	00:53:29.232	0.96979	0.96979			6
2024.03.25	00:53:37.862	0.96980	0.96980			6
2024.03.25	00:53:37.922	0.96979	0.96979			6
2024.03.25	00:53:38.582	0.96980	0.96980			6
2024.03.25	00:53:39.613	0.96979	0.96979			6
2024.03.25	00:53:47.932	0.96980	0.96980			6
2024.03.25	00:53:54.768	0.96981	0.96981			6
2024.03.25	00:54:01.362	0.96981				2
2024.03.25	00:54:19.597	0.96980	0.96980			6
2024.03.25	00:54:28.349	0.96979	0.96979			6
2024.03.25	00:54:29.660	0.96980	0.96980			6
2024.03.25	00:54:29.767	0.96979	0.96979			6
2024.03.25	00:54:30.410	0.96980	0.96980			6
2024.03.25	00:54:30.901	0.96979	0.96979			6
2024.03.25	00:54:30.931	0.96977	0.96977			6
2024.03.25	00:54:31.293	0.96978	0.96978			6
2024.03.25	00:54:33.156	0.96977	0.96977			6
2024.03.25	00:54:33.214	0.96978	0.96978			6
2024.03.25	00:54:33.959	0.96977	0.96977			6
2024.03.25	00:54:34.199	0.96978	0.96978			6
2024.03.25	00:54:34.228	0.96977	0.96977			6
2024.03.25	00:54:36.221	0.96978	0.96978			6
2024.03.25	00:54:39.984	0.96977	0.96977			6
2024.03.25	00:54:47.237	0.96976	0.96976			6
2024.03.25	00:54:56.919	0.96975	0.96975			6
2024.03.25	00:54:57.339	0.96976	0.96976			6
2024.03.25	00:55:01.084	0.96975	0.96975			6
2024.03.25	00:55:03.285	0.96976	0.96976			6
2024.03.25	00:55:04.594	0.96975	0.96975			6
2024.03.25	00:55:11.102	0.96976	0.96976			6
2024.03.25	00:55:11.133	0.96977	0.96977			6
2024.03.25	00:55:12.368	0.96976	0.96976			6
2024.03.25	00:55:12.397	0.96975	0.96975			6
2024.03.25	00:55:12.738	0.96976	0.96976			6
2024.03.25	00:55:13.169	0.96975	0.96975			6
2024.03.25	00:55:13.348	0.96974	0.96974			6
2024.03.25	00:55:14.731	0.96975	0.96975			6
2024.03.25	00:55:19.862	0.96974	0.96974			6
2024.03.25	00:55:19.892	0.96975	0.96975			6
2024.03.25	00:55:20.041	0.96976	0.96976			6
2024.03.25	00:55:20.192	0.96975	0.96975			6
2024.03.25	00:55:20.493	0.96977	0.96977			6
2024.03.25	00:55:20.523	0.96976	0.96976			6
2024.03.25	00:55:20.553	0.96977	0.96977			6
2024.03.25	00:55:21.009	0.96976	0.96976			6
2024.03.25	00:55:21.046	0.96977	0.96977			6
2024.03.25	00:55:21.196	0.96976	0.96976			6
2024.03.25	00:55:21.347	0.96975	0.96975			6
2024.03.25	00:55:21.466	0.96976	0.96976			6
2024.03.25	00:55:22.488	0.96975	0.96975			6
2024.03.25	00:55:35.853	0.96974	0.96974			6
2024.03.25	00:55:37.129	0.96973	0.96973			6
2024.03.25	00:55:38.774	0.96974	0.96974			6
2024.03.25	00:55:40.373	0.96973	0.96973			6
2024.03.25	00:55:41.105	0.96974	0.96974			6
2024.03.25	00:55:43.328	0.96976	0.96976			6
2024.03.25	00:55:44.473	0.96975	0.96975			6
2024.03.25	00:55:44.504	0.96978	0.96978			6
2024.03.25	00:55:44.564	0.96979	0.96979			6
2024.03.25	00:55:44.594	0.96980	0.96980			6
2024.03.25	00:55:45.362	0.96979	0.96979			6
2024.03.25	00:55:46.083	0.96980	0.96980			6
2024.03.25	00:55:46.706	0.96979	0.96979			6
2024.03.25	00:55:50.547	0.96980	0.96980			6
2024.03.25	00:55:51.833	0.96979	0.96979			6
2024.03.25	00:55:57.383	0.96980	0.96980			6
2024.03.25	00:55:57.412	0.96981	0.96981			6
2024.03.25	00:56:04.645	0.96980	0.96980			6
2024.03.25	00:56:04.946	0.96979	0.96979			6
2024.03.25	00:56:05.877	0.96978	0.96978			6
2024.03.25	00:56:06.436	0.96980	0.96980			6
2024.03.25	00:56:06.466	0.96981	0.96981			6
2024.03.25	00:56:06.818	0.96982	0.96982			6
2024.03.25	00:56:07.752	0.96981	0.96981			6
2024.03.25	00:56:09.084	0.96982	0.96982			6
2024.03.25	00:56:10.384	0.96981	0.96981			6
2024.03.25	00:56:10.616	0.96982	0.96982			6
2024.03.25	00:56:11.056	0.96981	0.96981			6
2024.03.25	00:56:12.524	0.96982	0.96982			6
2024.03.25	00:56:14.092	0.96981	0.96981			6
2024.03.25	00:56:16.352	0.96982	0.96982			6
2024.03.25	00:56:16.501	0.96981	0.96981			6
2024.03.25	00:56:16.645	0.96976	0.96976			6
2024.03.25	00:56:16.765	0.96974	0.96974			6
2024.03.25	00:56:17.256	0.96975	0.96975			6
2024.03.25	00:56:19.698	0.96974	0.96974			6
2024.03.25	00:56:19.756	0.96973	0.96973			6
2024.03.25	00:56:19.896	0.96974	0.96974			6
2024.03.25	00:56:19.926	0.96975	0.96975			6
2024.03.25	00:56:19.987	0.96974	0.96974			6
2024.03.25	00:56:20.076	0.96975	0.96975			6
2024.03.25	00:56:20.165	0.96974	0.96974			6
2024.03.25	00:56:22.011	0.96975	0.96975			6
2024.03.25	00:56:22.071	0.96974	0.96974			6
2024.03.25	00:56:25.443	0.96973	0.96973			6
2024.03.25	00:56:27.634	0.96972	0.96972			6
2024.03.25	00:56:28.101	0.96973	0.96973			6
2024.03.25	00:56:31.648	0.96977	0.96977			6
2024.03.25	00:56:31.796	0.96976	0.96976			6
2024.03.25	00:56:32.158	0.96975	0.96975			6
2024.03.25	00:56:33.269	0.96976	0.96976			6
2024.03.25	00:56:33.359	0.96975	0.96975			6
2024.03.25	00:56:33.865	0.96974	0.96974			6
2024.03.25	00:56:34.409	0.96975	0.96975			6
2024.03.25	00:56:34.499	0.96974	0.96974			6
2024.03.25	00:56:34.664	0.96975	0.96975			6
2024.03.25	00:56:34.844	0.96974	0.96974			6
2024.03.25	00:56:35.384	0.96975	0.96975			6
2024.03.25	00:56:36.855	0.96976	0.96976			6
2024.03.25	00:56:40.615	0.96975	0.96975			6
2024.03.25	00:56:41.798	0.96974	0.96974			6
2024.03.25	00:56:42.122	0.96975	0.96975			6
2024.03.25	00:56:42.152	0.96978	0.96978			6
2024.03.25	00:56:42.183	0.96980	0.96980			6
2024.03.25	00:56:42.377	0.96981	0.96981			6
2024.03.25	00:56:47.053	0.96983	0.96983			6
2024.03.25	00:56:47.143	0.96982	0.96982			6
2024.03.25	00:56:47.599	0.96983	0.96983			6
2024.03.25	00:56:48.205	0.96982	0.96982			6
2024.03.25	00:56:50.916	0.96981	0.96981			6
2024.03.25	00:56:58.302	0.96980	0.96980			6
2024.03.25	00:57:03.373	0.96981	0.96981			6
2024.03.25	00:57:07.136	0.96980	0.96980			6
2024.03.25	00:57:07.255	0.96981	0.96981			6
2024.03.25	00:57:11.462	0.96980	0.96980			6
2024.03.25	00:57:14.292	0.96981	0.96981			6
2024.03.25	00:57:14.563	0.96980	0.96980			6
2024.03.25	00:57:16.104	0.96981	0.96981			6
2024.03.25	00:57:16.711	0.96980	0.96980			6
2024.03.25	00:57:23.117	0.96981	0.96981			6
2024.03.25	00:57:25.661	0.96980	0.96980			6
2024.03.25	00:57:30.531	0.96981	0.96981			6
2024.03.25	00:57:33.175	0.96980	0.96980			6
2024.03.25	00:57:34.308	0.96981	0.96981			6
2024.03.25	00:57:34.613	0.96982	0.96982			6
2024.03.25	00:57:34.703	0.96981	0.96981			6
2024.03.25	00:57:36.881	0.96980	0.96980			6
2024.03.25	00:57:39.361	0.96982	0.96982			6
2024.03.25	00:57:40.315	0.96984	0.96984			6
2024.03.25	00:57:40.745	0.96985	0.96985			6
2024.03.25	00:57:44.231	0.96983	0.96983			6
2024.03.25	00:57:50.465	0.96984	0.96984			6
2024.03.25	00:57:50.496	0.96988	0.96988			6
2024.03.25	00:57:51.391	0.96989	0.96989			6
2024.03.25	00:57:51.914	0.96987	0.96987			6
2024.03.25	00:58:00.144	0.96986	0.96986			6
2024.03.25	00:58:06.491	0.96987	0.96987			6
2024.03.25	00:58:13.370	0.96986	0.96986			6
2024.03.25	00:58:13.961	0.96987	0.96987			6
2024.03.25	00:58:15.184	0.96986	0.96986			6
2024.03.25	00:58:15.214	0.96988	0.96988			6
2024.03.25	00:58:15.318	0.96987	0.96987			6
2024.03.25	00:58:28.548	0.96986	0.96986			6
2024.03.25	00:58:30.013	0.96988	0.96988			6
2024.03.25	00:58:30.042	0.96989	0.96989			6
2024.03.25	00:58:34.587	0.96988	0.96988			6
2024.03.25	00:58:40.067	0.96989	0.96989			6
2024.03.25	00:58:45.132	0.96988	0.96988			6
2024.03.25	00:58:45.253	0.96989	0.96989			6
2024.03.25	00:58:47.412	0.96988	0.96988			6
2024.03.25	00:58:47.949	0.96989	0.96989			6
2024.03.25	00:58:48.398	0.96988	0.96988			6
2024.03.25	00:58:49.738	0.96989	0.96989			6
2024.03.25	00:58:49.866	0.96988	0.96988			6
2024.03.25	00:58:49.897	0.96989	0.96989			6
2024.03.25	00:58:50.532	0.96988	0.96988			6
2024.03.25	00:58:56.821	0.96989	0.96989			6
2024.03.25	00:58:57.038	0.96990	0.96990			6
2024.03.25	00:58:57.962	0.96989	0.96989			6
2024.03.25	00:59:00.061	0.96990	0.96990			6
2024.03.25	00:59:00.310	0.96989	0.96989			6
2024.03.25	00:59:01.488	0.96990	0.96990			6
2024.03.25	00:59:03.084	0.96991	0.96991			6
2024.03.25	00:59:04.363	0.96992	0.96992			6
2024.03.25	00:59:04.499	0.96991	0.96991			6
2024.03.25	00:59:06.380	0.96990	0.96990			6
2024.03.25	00:59:06.587	0.96991	0.96991			6
2024.03.25	00:59:06.938	0.96990	0.96990			6
2024.03.25	00:59:09.118	0.96991	0.96991			6
2024.03.25	00:59:09.662	0.96990	0.96990			6
2024.03.25	00:59:09.752	0.96991	0.96991			6
2024.03.25	00:59:09.782	0.96992	0.96992			6
2024.03.25	00:59:10.927	0.96991	0.96991			6
2024.03.25	00:59:16.391	0.96990	0.96990			6
2024.03.25	00:59:16.421	0.96991	0.96991			6
2024.03.25	00:59:16.662	0.96992	0.96992			6
2024.03.25	00:59:17.022	0.96993	0.96993			6
2024.03.25	00:59:17.215	0.96992	0.96992			6
2024.03.25	00:59:29.266	0.96991	0.96991			6
2024.03.25	00:59:31.071	0.96992	0.96992			6
2024.03.25	00:59:31.101	0.96991	0.96991			6
2024.03.25	00:59:31.131	0.96996	0.96996			6
2024.03.25	00:59:31.160	0.96999	0.96999			6
2024.03.25	00:59:32.102	0.97000	0.97000			6
2024.03.25	00:59:32.194	0.96999	0.96999			6
2024.03.25	00:59:33.994	0.96998	0.96998			6
2024.03.25	00:59:35.966	0.96999	0.96999			6
2024.03.25	00:59:41.056	0.96994	0.96994			6
2024.03.25	00:59:41.372	0.96995	0.96995			6
2024.03.25	00:59:44.190	0.96994	0.96994			6
2024.03.25	00:59:47.783	0.96995	0.96995			6
2024.03.25	00:59:50.069	0.96994	0.96994			6
2024.03.25	00:59:50.218	0.96995	0.96995			6
2024.03.25	00:59:50.488	0.96996	0.96996			6
2024.03.25	00:59:51.455	0.96995	0.96995			6
