<DATE>	<TIME>	<BID>	<ASK>	<LAST>	<VOLUME>	<FLAGS>
2024.06.03	00:00:02.968	0.97913	0.97913			6
2024.06.03	00:02:05.187	0.97967	0.97967			6
2024.06.03	00:03:31.301	0.97968	0.97968			6
2024.06.03	00:03:47.458	0.97969	0.97969			6
2024.06.03	00:05:00.941	0.97983	0.97983			6
2024.06.03	00:05:01.197	0.97970	0.97970			6
2024.06.03	00:05:01.467	0.97959	0.97959			6
2024.06.03	00:05:01.921	0.97966	0.97966			6
2024.06.03	00:05:02.927	0.97970	0.97970			6
2024.06.03	00:05:03.799	0.97974	0.97974			6
2024.06.03	00:05:12.252	0.97975	0.97975			6
2024.06.03	00:05:15.022	0.97979	0.97979			6
2024.06.03	00:05:15.495	0.97967	0.97967			6
2024.06.03	00:05:27.529	0.97968	0.97968			6
2024.06.03	00:05:30.621	0.97966	0.97966			6
2024.06.03	00:05:31.246	0.97965	0.97965			6
2024.06.03	00:05:42.860	0.97967	0.97967			6
2024.06.03	00:05:43.625	0.97972	0.97972			6
2024.06.03	00:05:44.565	0.97966	0.97966			6
2024.06.03	00:05:47.906	0.97967	0.97967			6
2024.06.03	00:05:48.998	0.97959	0.97959			6
2024.06.03	00:05:53.876	0.97968	0.97968			6
2024.06.03	00:05:55.830	0.97970	0.97970			6
2024.06.03	00:06:01.433	0.97952	0.97952			6
2024.06.03	00:06:04.483	0.97953	0.97953			6
2024.06.03	00:06:09.559	0.97962	0.97962			6
2024.06.03	00:06:24.029	0.97958	0.97958			6
2024.06.03	00:06:26.010	0.97961	0.97961			6
2024.06.03	00:06:27.055	0.97955	0.97955			6
2024.06.03	00:06:29.729	0.97956	0.97956			6
2024.06.03	00:06:39.543	0.97955	0.97955			6
2024.06.03	00:06:41.252	0.97956	0.97956			6
2024.06.03	00:07:14.282	0.97954	0.97954			6
2024.06.03	00:07:36.336	0.97956	0.97956			6
2024.06.03	00:07:36.952	0.97955	0.97955			6
2024.06.03	00:07:37.074	0.97960	0.97960			6
2024.06.03	00:07:41.190	0.97954	0.97954			6
2024.06.03	00:07:42.293	0.97955	0.97955			6
2024.06.03	00:07:46.728	0.97957	0.97957			6
2024.06.03	00:07:47.187	0.97954	0.97954			6
2024.06.03	00:07:51.625	0.97955	0.97955			6
2024.06.03	00:07:53.252	0.97956	0.97956			6
2024.06.03	00:07:55.017	0.97957	0.97957			6
2024.06.03	00:07:57.266	0.97958	0.97958			6
2024.06.03	00:07:59.259	0.97960	0.97960			6
2024.06.03	00:09:41.627	0.97959	0.97959			6
2024.06.03	00:09:44.291	0.97958	0.97958			6
2024.06.03	00:10:00.058	0.97959	0.97959			6
2024.06.03	00:10:00.521	0.97957	0.97957			6
2024.06.03	00:10:01.133	0.97956	0.97956			6
2024.06.03	00:10:01.640	0.97960	0.97960			6
2024.06.03	00:10:11.264	0.97966	0.97966			6
2024.06.03	00:10:13.796	0.97965	0.97965			6
2024.06.03	00:10:13.856	0.97960	0.97960			6
2024.06.03	00:10:22.182	0.97918	0.97918			6
2024.06.03	00:10:23.114	0.97919	0.97919			6
2024.06.03	00:10:34.329	0.97930	0.97930			6
2024.06.03	00:10:40.821	0.97929	0.97929			6
2024.06.03	00:10:52.387	0.97927	0.97927			6
2024.06.03	00:10:57.800	0.97952	0.97952			6
2024.06.03	00:11:15.567	0.97945	0.97945			6
2024.06.03	00:11:20.529	0.97944	0.97944			6
2024.06.03	00:11:24.720	0.97943	0.97943			6
2024.06.03	00:11:29.836	0.97942	0.97942			6
2024.06.03	00:11:30.634	0.97943	0.97943			6
2024.06.03	00:11:31.334	0.97942	0.97942			6
2024.06.03	00:11:36.051	0.97932	0.97932			6
2024.06.03	00:11:37.264	0.97934	0.97934			6
2024.06.03	00:11:44.032	0.97936	0.97936			6
2024.06.03	00:11:58.168	0.97904	0.97904			6
2024.06.03	00:12:03.942	0.97924	0.97924			6
2024.06.03	00:12:03.972	0.97925	0.97925			6
2024.06.03	00:12:07.562	0.97915	0.97915			6
2024.06.03	00:12:14.516	0.97914	0.97914			6
2024.06.03	00:12:15.725	0.97915	0.97915			6
2024.06.03	00:12:18.116	0.97914	0.97914			6
2024.06.03	00:12:19.477	0.97908	0.97908			6
2024.06.03	00:12:23.369	0.97909	0.97909			6
2024.06.03	00:12:28.335	0.97908	0.97908			6
2024.06.03	00:12:33.889	0.97911	0.97911			6
2024.06.03	00:12:37.698	0.97946	0.97946			6
2024.06.03	00:12:38.380	0.97945	0.97945			6
2024.06.03	00:12:41.051	0.97946	0.97946			6
2024.06.03	00:12:45.933	0.97945	0.97945			6
2024.06.03	00:12:46.016	0.97944	0.97944			6
2024.06.03	00:13:26.684	0.97914	0.97914			6
2024.06.03	00:13:36.663	0.97918	0.97918			6
2024.06.03	00:13:37.931	0.97917	0.97917			6
2024.06.03	00:13:38.323	0.97916	0.97916			6
2024.06.03	00:13:44.298	0.97912	0.97912			6
2024.06.03	00:13:48.477	0.97913	0.97913			6
2024.06.03	00:13:50.793	0.97912	0.97912			6
2024.06.03	00:13:54.593	0.97915	0.97915			6
2024.06.03	00:13:56.997	0.97914	0.97914			6
2024.06.03	00:13:58.814	0.97915	0.97915			6
2024.06.03	00:14:01.015	0.97913	0.97913			6
2024.06.03	00:14:02.714	0.97911	0.97911			6
2024.06.03	00:14:07.352	0.97910	0.97910			6
2024.06.03	00:14:10.758	0.97912	0.97912			6
2024.06.03	00:14:12.281	0.97909	0.97909			6
2024.06.03	00:14:18.118	0.97908	0.97908			6
2024.06.03	00:14:22.418	0.97909	0.97909			6
2024.06.03	00:14:54.132	0.97908	0.97908			6
2024.06.03	00:15:00.261	0.97905	0.97905			6
2024.06.03	00:15:00.350	0.97906	0.97906			6
2024.06.03	00:15:01.516	0.97907	0.97907			6
2024.06.03	00:15:02.076	0.97910	0.97910			6
2024.06.03	00:15:02.272	0.97948	0.97948			6
2024.06.03	00:15:02.408	0.97939	0.97939			6
2024.06.03	00:15:04.317	0.97959	0.97959			6
2024.06.03	00:15:11.120	0.97945	0.97945			6
2024.06.03	00:15:11.150	0.97946	0.97946			6
2024.06.03	00:15:11.180	0.97953	0.97953			6
2024.06.03	00:15:11.212	0.97952	0.97952			6
2024.06.03	00:15:11.240	0.97946	0.97946			6
2024.06.03	00:15:11.271	0.97945	0.97945			6
2024.06.03	00:15:11.301	0.97953	0.97953			6
2024.06.03	00:15:11.331	0.97945	0.97945			6
2024.06.03	00:15:11.361	0.97952	0.97952			6
2024.06.03	00:15:11.390	0.97945	0.97945			6
2024.06.03	00:15:11.421	0.97952	0.97952			6
2024.06.03	00:15:11.451	0.97944	0.97944			6
2024.06.03	00:15:11.512	0.97952	0.97952			6
2024.06.03	00:15:11.541	0.97955	0.97955			6
2024.06.03	00:15:11.571	0.97948	0.97948			6
2024.06.03	00:15:11.601	0.97947	0.97947			6
2024.06.03	00:15:11.631	0.97949	0.97949			6
2024.06.03	00:15:11.660	0.97955	0.97955			6
2024.06.03	00:15:11.691	0.97947	0.97947			6
2024.06.03	00:15:11.750	0.97948	0.97948			6
2024.06.03	00:15:11.781	0.97956	0.97956			6
2024.06.03	00:15:11.810	0.97955	0.97955			6
2024.06.03	00:15:11.841	0.97948	0.97948			6
2024.06.03	00:15:11.872	0.97947	0.97947			6
2024.06.03	00:15:11.902	0.97955	0.97955			6
2024.06.03	00:15:11.932	0.97949	0.97949			6
2024.06.03	00:15:11.962	0.97955	0.97955			6
2024.06.03	00:15:11.993	0.97948	0.97948			6
2024.06.03	00:15:12.022	0.97947	0.97947			6
2024.06.03	00:15:12.325	0.97948	0.97948			6
2024.06.03	00:15:12.355	0.97946	0.97946			6
2024.06.03	00:15:15.914	0.97947	0.97947			6
2024.06.03	00:15:17.800	0.97946	0.97946			6
2024.06.03	00:15:17.829	0.97953	0.97953			6
2024.06.03	00:15:17.861	0.97955	0.97955			6
2024.06.03	00:15:17.921	0.97946	0.97946			6
2024.06.03	00:15:17.950	0.97953	0.97953			6
2024.06.03	00:15:17.980	0.97945	0.97945			6
2024.06.03	00:15:18.010	0.97955	0.97955			6
2024.06.03	00:15:18.041	0.97946	0.97946			6
2024.06.03	00:15:18.111	0.97955	0.97955			6
2024.06.03	00:15:18.141	0.97946	0.97946			6
2024.06.03	00:15:18.261	0.97945	0.97945			6
2024.06.03	00:15:18.291	0.97946	0.97946			6
2024.06.03	00:15:18.320	0.97955	0.97955			6
2024.06.03	00:15:18.351	0.97945	0.97945			6
2024.06.03	00:15:18.380	0.97946	0.97946			6
2024.06.03	00:15:18.469	0.97953	0.97953			6
2024.06.03	00:15:18.500	0.97955	0.97955			6
2024.06.03	00:15:18.531	0.97946	0.97946			6
2024.06.03	00:15:18.621	0.97945	0.97945			6
2024.06.03	00:15:18.651	0.97955	0.97955			6
2024.06.03	00:15:18.710	0.97946	0.97946			6
2024.06.03	00:15:23.278	0.97939	0.97939			6
2024.06.03	00:15:23.368	0.97937	0.97937			6
2024.06.03	00:15:24.459	0.97936	0.97936			6
2024.06.03	00:15:27.920	0.97944	0.97944			6
2024.06.03	00:15:28.272	0.97950	0.97950			6
2024.06.03	00:15:28.302	0.97944	0.97944			6
2024.06.03	00:15:28.332	0.97950	0.97950			6
2024.06.03	00:15:28.392	0.97945	0.97945			6
2024.06.03	00:15:28.422	0.97954	0.97954			6
2024.06.03	00:15:28.452	0.97946	0.97946			6
2024.06.03	00:15:28.512	0.97954	0.97954			6
2024.06.03	00:15:28.573	0.97946	0.97946			6
2024.06.03	00:15:28.632	0.97954	0.97954			6
2024.06.03	00:15:28.692	0.97946	0.97946			6
2024.06.03	00:15:28.752	0.97954	0.97954			6
2024.06.03	00:15:28.843	0.97946	0.97946			6
2024.06.03	00:15:28.872	0.97945	0.97945			6
2024.06.03	00:15:33.631	0.97939	0.97939			6
2024.06.03	00:15:34.252	0.97938	0.97938			6
2024.06.03	00:15:34.342	0.97939	0.97939			6
2024.06.03	00:15:37.932	0.97938	0.97938			6
2024.06.03	00:15:38.049	0.97944	0.97944			6
2024.06.03	00:15:38.078	0.97949	0.97949			6
2024.06.03	00:15:38.139	0.97944	0.97944			6
2024.06.03	00:15:38.200	0.97949	0.97949			6
2024.06.03	00:15:38.289	0.97944	0.97944			6
2024.06.03	00:15:38.379	0.97949	0.97949			6
2024.06.03	00:15:38.469	0.97944	0.97944			6
2024.06.03	00:15:38.511	0.97949	0.97949			6
2024.06.03	00:15:38.543	0.97944	0.97944			6
2024.06.03	00:15:38.675	0.97949	0.97949			6
2024.06.03	00:15:38.735	0.97943	0.97943			6
2024.06.03	00:15:38.825	0.97949	0.97949			6
2024.06.03	00:15:38.884	0.97943	0.97943			6
2024.06.03	00:15:44.887	0.97934	0.97934			6
2024.06.03	00:15:46.026	0.97938	0.97938			6
2024.06.03	00:15:48.192	0.97943	0.97943			6
2024.06.03	00:15:48.222	0.97942	0.97942			6
2024.06.03	00:15:53.681	0.97934	0.97934			6
2024.06.03	00:15:56.207	0.97933	0.97933			6
2024.06.03	00:15:58.335	0.97940	0.97940			6
2024.06.03	00:16:00.722	0.97928	0.97928			6
2024.06.03	00:16:00.752	0.97940	0.97940			6
2024.06.03	00:16:00.812	0.97933	0.97933			6
2024.06.03	00:16:01.961	0.97919	0.97919			6
2024.06.03	00:16:08.545	0.97920	0.97920			6
2024.06.03	00:16:08.574	0.97916	0.97916			6
2024.06.03	00:16:08.605	0.97919	0.97919			6
2024.06.03	00:16:08.815	0.97952	0.97952			6
2024.06.03	00:16:08.875	0.97945	0.97945			6
2024.06.03	00:16:08.965	0.97952	0.97952			6
2024.06.03	00:16:08.995	0.97944	0.97944			6
2024.06.03	00:16:09.025	0.97945	0.97945			6
2024.06.03	00:16:09.116	0.97952	0.97952			6
2024.06.03	00:16:09.177	0.97945	0.97945			6
2024.06.03	00:16:09.273	0.97944	0.97944			6
2024.06.03	00:16:09.303	0.97945	0.97945			6
2024.06.03	00:16:09.333	0.97943	0.97943			6
2024.06.03	00:16:13.925	0.97933	0.97933			6
2024.06.03	00:16:15.016	0.97938	0.97938			6
2024.06.03	00:16:18.583	0.97933	0.97933			6
2024.06.03	00:16:18.613	0.97937	0.97937			6
2024.06.03	00:16:18.672	0.97936	0.97936			6
2024.06.03	00:16:18.823	0.97937	0.97937			6
2024.06.03	00:16:18.853	0.97936	0.97936			6
2024.06.03	00:16:18.913	0.97937	0.97937			6
2024.06.03	00:16:18.953	0.97936	0.97936			6
2024.06.03	00:16:18.984	0.97937	0.97937			6
2024.06.03	00:16:19.014	0.97936	0.97936			6
2024.06.03	00:16:19.074	0.97937	0.97937			6
2024.06.03	00:16:19.164	0.97935	0.97935			6
2024.06.03	00:16:19.224	0.97937	0.97937			6
2024.06.03	00:16:19.284	0.97935	0.97935			6
2024.06.03	00:16:19.344	0.97937	0.97937			6
2024.06.03	00:16:19.464	0.97916	0.97916			6
2024.06.03	00:16:28.691	0.97949	0.97949			6
2024.06.03	00:16:28.722	0.97943	0.97943			6
2024.06.03	00:16:28.819	0.97950	0.97950			6
2024.06.03	00:16:28.849	0.97943	0.97943			6
2024.06.03	00:16:28.879	0.97950	0.97950			6
2024.06.03	00:16:28.909	0.97943	0.97943			6
2024.06.03	00:16:29.007	0.97950	0.97950			6
2024.06.03	00:16:29.037	0.97943	0.97943			6
2024.06.03	00:16:29.067	0.97950	0.97950			6
2024.06.03	00:16:29.127	0.97945	0.97945			6
2024.06.03	00:16:29.187	0.97953	0.97953			6
2024.06.03	00:16:29.216	0.97945	0.97945			6
2024.06.03	00:16:29.307	0.97953	0.97953			6
2024.06.03	00:16:29.367	0.97944	0.97944			6
2024.06.03	00:16:29.399	0.97945	0.97945			6
2024.06.03	00:16:29.457	0.97952	0.97952			6
2024.06.03	00:16:29.547	0.97944	0.97944			6
2024.06.03	00:16:31.710	0.97932	0.97932			6
2024.06.03	00:16:38.792	0.97943	0.97943			6
2024.06.03	00:16:38.822	0.97949	0.97949			6
2024.06.03	00:16:38.882	0.97943	0.97943			6
2024.06.03	00:16:38.943	0.97949	0.97949			6
2024.06.03	00:16:38.973	0.97942	0.97942			6
2024.06.03	00:16:39.003	0.97949	0.97949			6
2024.06.03	00:16:39.032	0.97943	0.97943			6
2024.06.03	00:16:39.159	0.97949	0.97949			6
2024.06.03	00:16:39.219	0.97943	0.97943			6
2024.06.03	00:16:39.249	0.97945	0.97945			6
2024.06.03	00:16:39.278	0.97953	0.97953			6
2024.06.03	00:16:39.338	0.97945	0.97945			6
2024.06.03	00:16:39.369	0.97946	0.97946			6
2024.06.03	00:16:39.461	0.97954	0.97954			6
2024.06.03	00:16:39.491	0.97946	0.97946			6
2024.06.03	00:16:39.598	0.97954	0.97954			6
2024.06.03	00:16:39.628	0.97946	0.97946			6
2024.06.03	00:16:39.690	0.97954	0.97954			6
2024.06.03	00:16:39.720	0.97946	0.97946			6
2024.06.03	00:16:41.857	0.97934	0.97934			6
2024.06.03	00:16:42.440	0.97933	0.97933			6
2024.06.03	00:16:48.985	0.97950	0.97950			6
2024.06.03	00:16:49.045	0.97943	0.97943			6
2024.06.03	00:16:49.105	0.97950	0.97950			6
2024.06.03	00:16:49.165	0.97942	0.97942			6
2024.06.03	00:16:49.196	0.97943	0.97943			6
2024.06.03	00:16:49.287	0.97950	0.97950			6
2024.06.03	00:16:49.347	0.97943	0.97943			6
2024.06.03	00:16:49.377	0.97950	0.97950			6
2024.06.03	00:16:49.467	0.97943	0.97943			6
2024.06.03	00:16:49.528	0.97950	0.97950			6
2024.06.03	00:16:49.621	0.97943	0.97943			6
2024.06.03	00:16:49.742	0.97950	0.97950			6
2024.06.03	00:16:49.803	0.97943	0.97943			6
2024.06.03	00:16:49.984	0.97942	0.97942			6
2024.06.03	00:16:51.506	0.97936	0.97936			6
2024.06.03	00:16:51.536	0.97933	0.97933			6
2024.06.03	00:16:56.246	0.97919	0.97919			6
2024.06.03	00:16:56.585	0.97920	0.97920			6
2024.06.03	00:16:58.632	0.97923	0.97923			6
2024.06.03	00:16:59.013	0.97915	0.97915			6
2024.06.03	00:16:59.043	0.97918	0.97918			6
2024.06.03	00:16:59.137	0.97917	0.97917			6
2024.06.03	00:16:59.168	0.97918	0.97918			6
2024.06.03	00:16:59.197	0.97917	0.97917			6
2024.06.03	00:16:59.438	0.97935	0.97935			6
2024.06.03	00:16:59.593	0.97937	0.97937			6
2024.06.03	00:16:59.623	0.97935	0.97935			6
2024.06.03	00:16:59.714	0.97937	0.97937			6
2024.06.03	00:16:59.745	0.97934	0.97934			6
2024.06.03	00:16:59.837	0.97937	0.97937			6
2024.06.03	00:16:59.867	0.97934	0.97934			6
2024.06.03	00:17:00.431	0.97934				2
2024.06.03	00:17:06.471	0.97930	0.97930			6
2024.06.03	00:17:09.159	0.97931	0.97931			6
2024.06.03	00:17:09.189	0.97942	0.97942			6
2024.06.03	00:17:09.219	0.97943	0.97943			6
2024.06.03	00:17:09.279	0.97942	0.97942			6
2024.06.03	00:17:09.339	0.97949	0.97949			6
2024.06.03	00:17:09.369	0.97942	0.97942			6
2024.06.03	00:17:09.504	0.97948	0.97948			6
2024.06.03	00:17:09.564	0.97942	0.97942			6
2024.06.03	00:17:09.656	0.97943	0.97943			6
2024.06.03	00:17:09.685	0.97946	0.97946			6
2024.06.03	00:17:09.775	0.97944	0.97944			6
2024.06.03	00:17:09.805	0.97953	0.97953			6
2024.06.03	00:17:09.834	0.97945	0.97945			6
2024.06.03	00:17:09.864	0.97946	0.97946			6
2024.06.03	00:17:09.896	0.97944	0.97944			6
2024.06.03	00:17:09.926	0.97946	0.97946			6
2024.06.03	00:17:09.955	0.97945	0.97945			6
2024.06.03	00:17:09.985	0.97956	0.97956			6
2024.06.03	00:17:10.015	0.97960	0.97960			6
2024.06.03	00:17:10.045	0.97946	0.97946			6
2024.06.03	00:17:11.531	0.97948	0.97948			6
2024.06.03	00:17:14.696	0.97941	0.97941			6
2024.06.03	00:17:14.727	0.97932	0.97932			6
2024.06.03	00:17:15.033	0.97935	0.97935			6
2024.06.03	00:17:15.416	0.97936	0.97936			6
2024.06.03	00:17:16.613	0.97935	0.97935			6
2024.06.03	00:17:19.305	0.97948	0.97948			6
2024.06.03	00:17:19.396	0.97942	0.97942			6
2024.06.03	00:17:19.515	0.97948	0.97948			6
2024.06.03	00:17:19.575	0.97947	0.97947			6
2024.06.03	00:17:19.605	0.97942	0.97942			6
2024.06.03	00:17:19.635	0.97948	0.97948			6
2024.06.03	00:17:19.666	0.97942	0.97942			6
2024.06.03	00:17:19.697	0.97948	0.97948			6
2024.06.03	00:17:19.726	0.97942	0.97942			6
2024.06.03	00:17:19.786	0.97948	0.97948			6
2024.06.03	00:17:19.846	0.97941	0.97941			6
2024.06.03	00:17:19.876	0.97942	0.97942			6
2024.06.03	00:17:20.014	0.97948	0.97948			6
2024.06.03	00:17:20.045	0.97942	0.97942			6
2024.06.03	00:17:20.075	0.97941	0.97941			6
2024.06.03	00:17:20.105	0.97942	0.97942			6
2024.06.03	00:17:20.195	0.97948	0.97948			6
2024.06.03	00:17:20.225	0.97942	0.97942			6
2024.06.03	00:17:22.552	0.97932	0.97932			6
2024.06.03	00:17:29.453	0.97936	0.97936			6
2024.06.03	00:17:29.482	0.97935	0.97935			6
2024.06.03	00:17:29.573	0.97936	0.97936			6
2024.06.03	00:17:29.663	0.97934	0.97934			6
2024.06.03	00:17:29.751	0.97936	0.97936			6
2024.06.03	00:17:29.813	0.97934	0.97934			6
2024.06.03	00:17:29.873	0.97936	0.97936			6
2024.06.03	00:17:29.903	0.97934	0.97934			6
2024.06.03	00:17:30.022	0.97936	0.97936			6
2024.06.03	00:17:30.052	0.97934	0.97934			6
2024.06.03	00:17:30.112	0.97936	0.97936			6
2024.06.03	00:17:30.143	0.97934	0.97934			6
2024.06.03	00:17:30.172	0.97936	0.97936			6
2024.06.03	00:17:30.263	0.97933	0.97933			6
2024.06.03	00:17:30.323	0.97936	0.97936			6
2024.06.03	00:17:30.352	0.97933	0.97933			6
2024.06.03	00:17:30.813	0.97932	0.97932			6
2024.06.03	00:17:31.890	0.97939	0.97939			6
2024.06.03	00:17:32.996	0.97941	0.97941			6
2024.06.03	00:17:33.732	0.97940	0.97940			6
2024.06.03	00:17:34.939	0.97941	0.97941			6
2024.06.03	00:17:35.527	0.97940	0.97940			6
2024.06.03	00:17:35.820	0.97941	0.97941			6
2024.06.03	00:17:36.420	0.97940	0.97940			6
2024.06.03	00:17:37.031	0.97941	0.97941			6
2024.06.03	00:17:37.645	0.97940	0.97940			6
2024.06.03	00:17:38.535	0.97941	0.97941			6
2024.06.03	00:17:38.843	0.97940	0.97940			6
2024.06.03	00:17:39.143	0.97941	0.97941			6
2024.06.03	00:17:39.510	0.97930	0.97930			6
2024.06.03	00:17:39.600	0.97942	0.97942			6
2024.06.03	00:17:39.660	0.97949	0.97949			6
2024.06.03	00:17:39.719	0.97943	0.97943			6
2024.06.03	00:17:39.840	0.97949	0.97949			6
2024.06.03	00:17:39.870	0.97943	0.97943			6
2024.06.03	00:17:39.941	0.97942	0.97942			6
2024.06.03	00:17:39.972	0.97943	0.97943			6
2024.06.03	00:17:40.002	0.97944	0.97944			6
2024.06.03	00:17:40.033	0.97943	0.97943			6
2024.06.03	00:17:40.063	0.97944	0.97944			6
2024.06.03	00:17:40.094	0.97946	0.97946			6
2024.06.03	00:17:40.184	0.97954	0.97954			6
2024.06.03	00:17:40.244	0.97946	0.97946			6
2024.06.03	00:17:40.303	0.97954	0.97954			6
2024.06.03	00:17:40.364	0.97946	0.97946			6
2024.06.03	00:17:40.424	0.97954	0.97954			6
2024.06.03	00:17:40.484	0.97946	0.97946			6
2024.06.03	00:17:44.887	0.97932	0.97932			6
2024.06.03	00:17:48.422	0.97931	0.97931			6
2024.06.03	00:17:49.702	0.97942	0.97942			6
2024.06.03	00:17:49.762	0.97948	0.97948			6
2024.06.03	00:17:49.853	0.97942	0.97942			6
2024.06.03	00:17:49.912	0.97946	0.97946			6
2024.06.03	00:17:49.943	0.97949	0.97949			6
2024.06.03	00:17:49.973	0.97942	0.97942			6
2024.06.03	00:17:50.003	0.97949	0.97949			6
2024.06.03	00:17:50.033	0.97942	0.97942			6
2024.06.03	00:17:50.134	0.97956	0.97956			6
2024.06.03	00:17:50.193	0.97945	0.97945			6
2024.06.03	00:17:50.223	0.97946	0.97946			6
2024.06.03	00:17:50.253	0.97956	0.97956			6
2024.06.03	00:17:50.312	0.97960	0.97960			6
2024.06.03	00:17:50.343	0.97949	0.97949			6
2024.06.03	00:17:50.403	0.97960	0.97960			6
2024.06.03	00:17:50.433	0.97949	0.97949			6
2024.06.03	00:17:50.554	0.97960	0.97960			6
2024.06.03	00:17:50.583	0.97959	0.97959			6
2024.06.03	00:17:50.612	0.97949	0.97949			6
2024.06.03	00:17:54.267	0.97947	0.97947			6
2024.06.03	00:17:54.297	0.97943	0.97943			6
2024.06.03	00:17:55.633	0.97942	0.97942			6
2024.06.03	00:17:56.229	0.97943	0.97943			6
2024.06.03	00:17:56.853	0.97942	0.97942			6
2024.06.03	00:17:58.050	0.97943	0.97943			6
2024.06.03	00:17:58.632	0.97942	0.97942			6
2024.06.03	00:17:58.932	0.97943	0.97943			6
2024.06.03	00:17:59.216	0.97942	0.97942			6
2024.06.03	00:17:59.797	0.97943	0.97943			6
2024.06.03	00:17:59.919	0.97949	0.97949			6
2024.06.03	00:17:59.978	0.97943	0.97943			6
2024.06.03	00:18:00.068	0.97957	0.97957			6
2024.06.03	00:18:00.098	0.97949	0.97949			6
2024.06.03	00:18:00.127	0.97943	0.97943			6
2024.06.03	00:18:00.248	0.97949	0.97949			6
2024.06.03	00:18:00.278	0.97943	0.97943			6
2024.06.03	00:18:00.368	0.97949	0.97949			6
2024.06.03	00:18:00.457	0.97943	0.97943			6
2024.06.03	00:18:00.548	0.97949	0.97949			6
2024.06.03	00:18:00.579	0.97943	0.97943			6
2024.06.03	00:18:00.638	0.97949	0.97949			6
2024.06.03	00:18:00.670	0.97943	0.97943			6
2024.06.03	00:18:02.297	0.97936	0.97936			6
2024.06.03	00:18:02.327	0.97933	0.97933			6
2024.06.03	00:18:06.009	0.97932	0.97932			6
2024.06.03	00:18:08.887	0.97933	0.97933			6
2024.06.03	00:18:09.957	0.97922	0.97922			6
2024.06.03	00:18:09.987	0.97919	0.97919			6
2024.06.03	00:18:10.062	0.97922	0.97922			6
2024.06.03	00:18:10.092	0.97919	0.97919			6
2024.06.03	00:18:10.363	0.97942	0.97942			6
2024.06.03	00:18:10.605	0.97948	0.97948			6
2024.06.03	00:18:10.636	0.97942	0.97942			6
2024.06.03	00:18:10.725	0.97948	0.97948			6
2024.06.03	00:18:10.785	0.97942	0.97942			6
2024.06.03	00:18:12.717	0.97937	0.97937			6
2024.06.03	00:18:14.533	0.97936	0.97936			6
2024.06.03	00:18:20.096	0.97942	0.97942			6
2024.06.03	00:18:20.126	0.97948	0.97948			6
2024.06.03	00:18:20.156	0.97949	0.97949			6
2024.06.03	00:18:20.186	0.97943	0.97943			6
2024.06.03	00:18:20.398	0.97949	0.97949			6
2024.06.03	00:18:20.428	0.97942	0.97942			6
2024.06.03	00:18:20.458	0.97949	0.97949			6
2024.06.03	00:18:20.489	0.97943	0.97943			6
2024.06.03	00:18:20.519	0.97945	0.97945			6
2024.06.03	00:18:20.603	0.97944	0.97944			6
2024.06.03	00:18:20.633	0.97945	0.97945			6
2024.06.03	00:18:20.694	0.97952	0.97952			6
2024.06.03	00:18:20.783	0.97945	0.97945			6
2024.06.03	00:18:20.843	0.97952	0.97952			6
2024.06.03	00:18:20.873	0.97945	0.97945			6
2024.06.03	00:18:20.902	0.97943	0.97943			6
2024.06.03	00:18:20.964	0.97954	0.97954			6
2024.06.03	00:18:20.994	0.97945	0.97945			6
2024.06.03	00:18:25.606	0.97938	0.97938			6
2024.06.03	00:18:28.031	0.97937	0.97937			6
2024.06.03	00:18:30.196	0.97943	0.97943			6
2024.06.03	00:18:30.286	0.97942	0.97942			6
2024.06.03	00:18:30.347	0.97943	0.97943			6
2024.06.03	00:18:30.409	0.97949	0.97949			6
2024.06.03	00:18:30.468	0.97943	0.97943			6
2024.06.03	00:18:30.587	0.97949	0.97949			6
2024.06.03	00:18:30.648	0.97944	0.97944			6
2024.06.03	00:18:30.716	0.97954	0.97954			6
2024.06.03	00:18:30.778	0.97946	0.97946			6
2024.06.03	00:18:30.837	0.97954	0.97954			6
2024.06.03	00:18:30.868	0.97946	0.97946			6
2024.06.03	00:18:30.898	0.97956	0.97956			6
2024.06.03	00:18:30.928	0.97946	0.97946			6
2024.06.03	00:18:31.047	0.97945	0.97945			6
2024.06.03	00:18:31.078	0.97946	0.97946			6
2024.06.03	00:18:40.265	0.97947	0.97947			6
2024.06.03	00:18:40.295	0.97934	0.97934			6
2024.06.03	00:18:40.325	0.97943	0.97943			6
2024.06.03	00:18:40.355	0.97942	0.97942			6
2024.06.03	00:18:40.445	0.97943	0.97943			6
2024.06.03	00:18:40.716	0.97949	0.97949			6
2024.06.03	00:18:40.775	0.97943	0.97943			6
2024.06.03	00:18:40.835	0.97949	0.97949			6
2024.06.03	00:18:40.896	0.97943	0.97943			6
2024.06.03	00:18:41.060	0.97949	0.97949			6
2024.06.03	00:18:41.090	0.97943	0.97943			6
2024.06.03	00:18:49.886	0.97942	0.97942			6
2024.06.03	00:18:50.387	0.97943	0.97943			6
2024.06.03	00:18:50.447	0.97941	0.97941			6
2024.06.03	00:18:50.507	0.97943	0.97943			6
2024.06.03	00:18:50.567	0.97942	0.97942			6
2024.06.03	00:18:50.596	0.97948	0.97948			6
2024.06.03	00:18:50.627	0.97942	0.97942			6
2024.06.03	00:18:50.658	0.97943	0.97943			6
2024.06.03	00:18:50.718	0.97949	0.97949			6
2024.06.03	00:18:50.778	0.97942	0.97942			6
2024.06.03	00:18:50.807	0.97943	0.97943			6
2024.06.03	00:18:50.898	0.97946	0.97946			6
2024.06.03	00:18:50.928	0.97945	0.97945			6
2024.06.03	00:18:50.956	0.97946	0.97946			6
2024.06.03	00:18:51.121	0.97956	0.97956			6
2024.06.03	00:18:51.150	0.97946	0.97946			6
2024.06.03	00:18:51.180	0.97956	0.97956			6
2024.06.03	00:18:51.210	0.97946	0.97946			6
2024.06.03	00:18:51.338	0.97956	0.97956			6
2024.06.03	00:18:51.368	0.97948	0.97948			6
2024.06.03	00:18:53.875	0.97942	0.97942			6
2024.06.03	00:18:56.841	0.97928	0.97928			6
2024.06.03	00:18:58.400	0.97926	0.97926			6
2024.06.03	00:18:58.930	0.97938	0.97938			6
2024.06.03	00:18:59.001	0.97936	0.97936			6
2024.06.03	00:18:59.031	0.97934	0.97934			6
2024.06.03	00:19:00.430	0.97936	0.97936			6
2024.06.03	00:19:00.583	0.97943	0.97943			6
2024.06.03	00:19:00.614	0.97948	0.97948			6
2024.06.03	00:19:00.675	0.97943	0.97943			6
2024.06.03	00:19:00.795	0.97949	0.97949			6
2024.06.03	00:19:00.824	0.97943	0.97943			6
2024.06.03	00:19:00.885	0.97949	0.97949			6
2024.06.03	00:19:00.944	0.97943	0.97943			6
2024.06.03	00:19:01.065	0.97942	0.97942			6
2024.06.03	00:19:01.095	0.97946	0.97946			6
2024.06.03	00:19:01.134	0.97945	0.97945			6
2024.06.03	00:19:01.164	0.97946	0.97946			6
2024.06.03	00:19:01.254	0.97956	0.97956			6
2024.06.03	00:19:01.284	0.97946	0.97946			6
2024.06.03	00:19:01.404	0.97956	0.97956			6
2024.06.03	00:19:01.464	0.97946	0.97946			6
2024.06.03	00:19:01.524	0.97949	0.97949			6
2024.06.03	00:19:03.471	0.97951	0.97951			6
2024.06.03	00:19:06.099	0.97949	0.97949			6
2024.06.03	00:19:06.128	0.97943	0.97943			6
2024.06.03	00:19:08.216	0.97942	0.97942			6
2024.06.03	00:19:08.835	0.97943	0.97943			6
2024.06.03	00:19:09.133	0.97942	0.97942			6
2024.06.03	00:19:10.163	0.97935	0.97935			6
2024.06.03	00:19:10.714	0.97944	0.97944			6
2024.06.03	00:19:10.805	0.97949	0.97949			6
2024.06.03	00:19:10.835	0.97944	0.97944			6
2024.06.03	00:19:10.865	0.97949	0.97949			6
2024.06.03	00:19:10.925	0.97944	0.97944			6
2024.06.03	00:19:10.955	0.97949	0.97949			6
2024.06.03	00:19:11.015	0.97944	0.97944			6
2024.06.03	00:19:11.083	0.97949	0.97949			6
2024.06.03	00:19:11.146	0.97945	0.97945			6
2024.06.03	00:19:11.296	0.97953	0.97953			6
2024.06.03	00:19:11.356	0.97952	0.97952			6
2024.06.03	00:19:11.387	0.97944	0.97944			6
2024.06.03	00:19:11.416	0.97954	0.97954			6
2024.06.03	00:19:11.446	0.97953	0.97953			6
2024.06.03	00:19:11.476	0.97945	0.97945			6
2024.06.03	00:19:11.507	0.97946	0.97946			6
2024.06.03	00:19:11.537	0.97953	0.97953			6
2024.06.03	00:19:11.567	0.97954	0.97954			6
2024.06.03	00:19:11.597	0.97945	0.97945			6
2024.06.03	00:19:11.627	0.97946	0.97946			6
2024.06.03	00:19:16.241	0.97935	0.97935			6
2024.06.03	00:19:20.812	0.97941	0.97941			6
2024.06.03	00:19:20.842	0.97942	0.97942			6
2024.06.03	00:19:20.872	0.97956	0.97956			6
2024.06.03	00:19:20.903	0.97955	0.97955			6
2024.06.03	00:19:20.933	0.97943	0.97943			6
2024.06.03	00:19:20.992	0.97942	0.97942			6
2024.06.03	00:19:21.023	0.97948	0.97948			6
2024.06.03	00:19:21.052	0.97943	0.97943			6
2024.06.03	00:19:21.148	0.97948	0.97948			6
2024.06.03	00:19:21.177	0.97943	0.97943			6
2024.06.03	00:19:21.208	0.97949	0.97949			6
2024.06.03	00:19:21.237	0.97946	0.97946			6
2024.06.03	00:19:21.298	0.97954	0.97954			6
2024.06.03	00:19:21.419	0.97946	0.97946			6
2024.06.03	00:19:21.448	0.97954	0.97954			6
2024.06.03	00:19:21.507	0.97945	0.97945			6
2024.06.03	00:19:21.538	0.97946	0.97946			6
2024.06.03	00:19:21.627	0.97955	0.97955			6
2024.06.03	00:19:21.657	0.97946	0.97946			6
2024.06.03	00:19:26.361	0.97942	0.97942			6
2024.06.03	00:19:26.390	0.97939	0.97939			6
2024.06.03	00:19:30.941	0.97949	0.97949			6
2024.06.03	00:19:30.970	0.97944	0.97944			6
2024.06.03	00:19:31.032	0.97949	0.97949			6
2024.06.03	00:19:31.063	0.97944	0.97944			6
2024.06.03	00:19:31.122	0.97943	0.97943			6
2024.06.03	00:19:31.249	0.97949	0.97949			6
2024.06.03	00:19:31.278	0.97943	0.97943			6
2024.06.03	00:19:31.308	0.97949	0.97949			6
2024.06.03	00:19:31.338	0.97943	0.97943			6
2024.06.03	00:19:31.436	0.97949	0.97949			6
2024.06.03	00:19:31.465	0.97953	0.97953			6
2024.06.03	00:19:31.496	0.97946	0.97946			6
2024.06.03	00:19:31.616	0.97954	0.97954			6
2024.06.03	00:19:31.683	0.97946	0.97946			6
2024.06.03	00:19:31.803	0.97945	0.97945			6
2024.06.03	00:19:31.834	0.97946	0.97946			6
2024.06.03	00:19:41.092	0.97954	0.97954			6
2024.06.03	00:19:41.152	0.97942	0.97942			6
2024.06.03	00:19:41.181	0.97948	0.97948			6
2024.06.03	00:19:41.212	0.97949	0.97949			6
2024.06.03	00:19:41.363	0.97943	0.97943			6
2024.06.03	00:19:41.393	0.97949	0.97949			6
2024.06.03	00:19:41.453	0.97943	0.97943			6
2024.06.03	00:19:41.487	0.97949	0.97949			6
2024.06.03	00:19:41.516	0.97943	0.97943			6
2024.06.03	00:19:41.721	0.97949	0.97949			6
2024.06.03	00:19:41.781	0.97943	0.97943			6
2024.06.03	00:19:41.842	0.97949	0.97949			6
2024.06.03	00:19:41.901	0.97943	0.97943			6
2024.06.03	00:19:44.958	0.97934	0.97934			6
2024.06.03	00:19:51.222	0.97943	0.97943			6
2024.06.03	00:19:51.251	0.97941	0.97941			6
2024.06.03	00:19:51.282	0.97948	0.97948			6
2024.06.03	00:19:51.312	0.97949	0.97949			6
2024.06.03	00:19:51.342	0.97943	0.97943			6
2024.06.03	00:19:51.403	0.97949	0.97949			6
2024.06.03	00:19:51.552	0.97941	0.97941			6
2024.06.03	00:19:51.582	0.97949	0.97949			6
2024.06.03	00:19:51.677	0.97945	0.97945			6
2024.06.03	00:19:51.706	0.97954	0.97954			6
2024.06.03	00:19:51.746	0.97945	0.97945			6
2024.06.03	00:19:51.776	0.97952	0.97952			6
2024.06.03	00:19:51.807	0.97954	0.97954			6
2024.06.03	00:19:51.866	0.97945	0.97945			6
2024.06.03	00:19:51.896	0.97954	0.97954			6
2024.06.03	00:19:51.989	0.97945	0.97945			6
2024.06.03	00:19:52.048	0.97952	0.97952			6
2024.06.03	00:19:52.078	0.97954	0.97954			6
2024.06.03	00:19:52.140	0.97945	0.97945			6
2024.06.03	00:19:58.058	0.97934	0.97934			6
2024.06.03	00:20:00.457	0.97935	0.97935			6
2024.06.03	00:20:01.023	0.97934	0.97934			6
2024.06.03	00:20:01.399	0.97943	0.97943			6
2024.06.03	00:20:01.488	0.97949	0.97949			6
2024.06.03	00:20:01.549	0.97943	0.97943			6
2024.06.03	00:20:01.639	0.97949	0.97949			6
2024.06.03	00:20:01.673	0.97943	0.97943			6
2024.06.03	00:20:01.703	0.97949	0.97949			6
2024.06.03	00:20:01.763	0.97943	0.97943			6
2024.06.03	00:20:01.823	0.97949	0.97949			6
2024.06.03	00:20:01.853	0.97943	0.97943			6
2024.06.03	00:20:01.884	0.97948	0.97948			6
2024.06.03	00:20:01.944	0.97942	0.97942			6
2024.06.03	00:20:02.213	0.97948	0.97948			6
2024.06.03	00:20:02.243	0.97942	0.97942			6
2024.06.03	00:20:03.999	0.97943	0.97943			6
2024.06.03	00:20:05.918	0.97941	0.97941			6
2024.06.03	00:20:06.231	0.97939	0.97939			6
2024.06.03	00:20:07.869	0.97941	0.97941			6
2024.06.03	00:20:08.215	0.97940	0.97940			6
2024.06.03	00:20:08.838	0.97941	0.97941			6
2024.06.03	00:20:08.869	0.97937	0.97937			6
2024.06.03	00:20:08.898	0.97934	0.97934			6
2024.06.03	00:20:11.476	0.97948	0.97948			6
2024.06.03	00:20:11.506	0.97942	0.97942			6
2024.06.03	00:20:11.536	0.97948	0.97948			6
2024.06.03	00:20:11.566	0.97942	0.97942			6
2024.06.03	00:20:11.596	0.97949	0.97949			6
2024.06.03	00:20:11.686	0.97943	0.97943			6
2024.06.03	00:20:11.777	0.97949	0.97949			6
2024.06.03	00:20:11.807	0.97942	0.97942			6
2024.06.03	00:20:11.836	0.97943	0.97943			6
2024.06.03	00:20:11.866	0.97942	0.97942			6
2024.06.03	00:20:11.896	0.97948	0.97948			6
2024.06.03	00:20:11.927	0.97953	0.97953			6
2024.06.03	00:20:11.956	0.97954	0.97954			6
2024.06.03	00:20:12.016	0.97946	0.97946			6
2024.06.03	00:20:12.115	0.97954	0.97954			6
2024.06.03	00:20:12.234	0.97945	0.97945			6
2024.06.03	00:20:12.265	0.97954	0.97954			6
2024.06.03	00:20:12.326	0.97945	0.97945			6
2024.06.03	00:20:12.385	0.97954	0.97954			6
2024.06.03	00:20:12.416	0.97945	0.97945			6
2024.06.03	00:20:12.446	0.97944	0.97944			6
2024.06.03	00:20:17.008	0.97939	0.97939			6
2024.06.03	00:20:21.621	0.97944	0.97944			6
2024.06.03	00:20:21.651	0.97943	0.97943			6
2024.06.03	00:20:21.748	0.97948	0.97948			6
2024.06.03	00:20:21.778	0.97943	0.97943			6
2024.06.03	00:20:21.899	0.97949	0.97949			6
2024.06.03	00:20:21.929	0.97943	0.97943			6
2024.06.03	00:20:21.989	0.97942	0.97942			6
2024.06.03	00:20:22.049	0.97956	0.97956			6
2024.06.03	00:20:22.079	0.97946	0.97946			6
2024.06.03	00:20:22.182	0.97956	0.97956			6
2024.06.03	00:20:22.213	0.97946	0.97946			6
2024.06.03	00:20:22.274	0.97956	0.97956			6
2024.06.03	00:20:22.334	0.97946	0.97946			6
2024.06.03	00:20:22.454	0.97956	0.97956			6
2024.06.03	00:20:22.484	0.97946	0.97946			6
2024.06.03	00:20:24.468	0.97943	0.97943			6
2024.06.03	00:20:31.804	0.97949	0.97949			6
2024.06.03	00:20:31.834	0.97948	0.97948			6
2024.06.03	00:20:31.864	0.97943	0.97943			6
2024.06.03	00:20:31.924	0.97949	0.97949			6
2024.06.03	00:20:32.015	0.97943	0.97943			6
2024.06.03	00:20:32.075	0.97942	0.97942			6
2024.06.03	00:20:32.136	0.97948	0.97948			6
2024.06.03	00:20:32.165	0.97943	0.97943			6
2024.06.03	00:20:32.195	0.97945	0.97945			6
2024.06.03	00:20:32.225	0.97953	0.97953			6
2024.06.03	00:20:32.254	0.97952	0.97952			6
2024.06.03	00:20:32.285	0.97954	0.97954			6
2024.06.03	00:20:32.315	0.97946	0.97946			6
2024.06.03	00:20:32.376	0.97954	0.97954			6
2024.06.03	00:20:32.436	0.97945	0.97945			6
2024.06.03	00:20:32.465	0.97946	0.97946			6
2024.06.03	00:20:32.496	0.97944	0.97944			6
2024.06.03	00:20:32.525	0.97954	0.97954			6
2024.06.03	00:20:32.555	0.97945	0.97945			6
2024.06.03	00:20:32.585	0.97946	0.97946			6
2024.06.03	00:20:32.620	0.97954	0.97954			6
2024.06.03	00:20:32.650	0.97946	0.97946			6
2024.06.03	00:20:34.754	0.97960	0.97960			6
2024.06.03	00:20:56.294	0.97966	0.97966			6
2024.06.03	00:20:56.354	0.97969	0.97969			6
2024.06.03	00:20:57.339	0.97966	0.97966			6
2024.06.03	00:21:00.914	0.97970	0.97970			6
2024.06.03	00:21:01.630	0.97966	0.97966			6
2024.06.03	00:21:16.411	0.97968	0.97968			6
2024.06.03	00:21:17.406	0.97970	0.97970			6
2024.06.03	00:21:19.529	0.97968	0.97968			6
2024.06.03	00:21:22.019	0.97970	0.97970			6
2024.06.03	00:21:23.890	0.97982	0.97982			6
2024.06.03	00:21:27.881	0.97983	0.97983			6
2024.06.03	00:21:27.941	0.97982	0.97982			6
2024.06.03	00:21:27.972	0.97983	0.97983			6
2024.06.03	00:21:29.822	0.97978	0.97978			6
2024.06.03	00:21:30.483	0.97974	0.97974			6
2024.06.03	00:21:30.895	0.97981	0.97981			6
2024.06.03	00:21:30.960	0.97982	0.97982			6
2024.06.03	00:21:54.632	0.97980	0.97980			6
2024.06.03	00:21:55.019	0.97979	0.97979			6
2024.06.03	00:21:56.490	0.97976	0.97976			6
2024.06.03	00:21:56.717	0.97974	0.97974			6
2024.06.03	00:21:58.105	0.97979	0.97979			6
2024.06.03	00:21:58.582	0.97976	0.97976			6
2024.06.03	00:21:59.225	0.97978	0.97978			6
2024.06.03	00:21:59.285	0.97976	0.97976			6
2024.06.03	00:21:59.314	0.97975	0.97975			6
2024.06.03	00:22:00.437	0.97968	0.97968			6
2024.06.03	00:22:02.715	0.97969	0.97969			6
2024.06.03	00:22:04.935	0.97968	0.97968			6
2024.06.03	00:22:08.453	0.97969	0.97969			6
2024.06.03	00:22:08.983	0.97974	0.97974			6
2024.06.03	00:22:09.013	0.97975	0.97975			6
2024.06.03	00:22:09.045	0.97974	0.97974			6
2024.06.03	00:22:18.001	0.97911	0.97911			6
2024.06.03	00:22:18.891	0.97912	0.97912			6
2024.06.03	00:22:20.692	0.97913	0.97913			6
2024.06.03	00:22:33.717	0.97909	0.97909			6
2024.06.03	00:22:36.906	0.97908	0.97908			6
2024.06.03	00:22:38.539	0.97909	0.97909			6
2024.06.03	00:22:40.270	0.97908	0.97908			6
2024.06.03	00:22:41.107	0.97907	0.97907			6
2024.06.03	00:22:42.865	0.97909	0.97909			6
2024.06.03	00:22:42.956	0.97908	0.97908			6
2024.06.03	00:22:44.237	0.97912	0.97912			6
2024.06.03	00:22:44.569	0.97908	0.97908			6
2024.06.03	00:22:45.725	0.97907	0.97907			6
2024.06.03	00:22:46.336	0.97908	0.97908			6
2024.06.03	00:23:01.833	0.97921	0.97921			6
2024.06.03	00:23:09.554	0.97927	0.97927			6
2024.06.03	00:23:12.132	0.97926	0.97926			6
2024.06.03	00:23:15.419	0.97925	0.97925			6
2024.06.03	00:23:19.370	0.97926	0.97926			6
2024.06.03	00:23:26.713	0.97928	0.97928			6
2024.06.03	00:23:26.743	0.97932	0.97932			6
2024.06.03	00:23:29.544	0.97931	0.97931			6
2024.06.03	00:23:30.284	0.97929	0.97929			6
2024.06.03	00:23:34.628	0.97904	0.97904			6
2024.06.03	00:23:45.525	0.97907	0.97907			6
2024.06.03	00:23:51.911	0.97904	0.97904			6
2024.06.03	00:23:52.007	0.97903	0.97903			6
2024.06.03	00:23:55.939	0.97892	0.97892			6
2024.06.03	00:23:59.834	0.97905	0.97905			6
2024.06.03	00:24:01.571	0.97905				2
2024.06.03	00:24:05.687	0.97908	0.97908			6
2024.06.03	00:24:05.984	0.97909	0.97909			6
2024.06.03	00:24:09.224	0.97898	0.97898			6
2024.06.03	00:24:17.890	0.97890	0.97890			6
2024.06.03	00:24:24.721	0.97891	0.97891			6
2024.06.03	00:24:25.602	0.97890	0.97890			6
2024.06.03	00:24:32.702	0.97891	0.97891			6
2024.06.03	00:24:34.630	0.97890	0.97890			6
2024.06.03	00:24:38.280	0.97891	0.97891			6
2024.06.03	00:24:44.839	0.97892	0.97892			6
2024.06.03	00:24:48.118	0.97893	0.97893			6
2024.06.03	00:24:49.912	0.97894	0.97894			6
2024.06.03	00:25:02.738	0.97895	0.97895			6
2024.06.03	00:25:03.119	0.97894	0.97894			6
2024.06.03	00:25:04.691	0.97898	0.97898			6
2024.06.03	00:25:11.055	0.97896	0.97896			6
2024.06.03	00:25:11.355	0.97895	0.97895			6
2024.06.03	00:25:11.624	0.97924	0.97924			6
2024.06.03	00:25:11.954	0.97915	0.97915			6
2024.06.03	00:25:11.984	0.97924	0.97924			6
2024.06.03	00:25:13.337	0.97925	0.97925			6
2024.06.03	00:25:13.853	0.97932	0.97932			6
2024.06.03	00:25:16.716	0.97925	0.97925			6
2024.06.03	00:25:16.929	0.97914	0.97914			6
2024.06.03	00:25:17.235	0.97913	0.97913			6
2024.06.03	00:25:21.142	0.97924	0.97924			6
2024.06.03	00:25:24.354	0.97920	0.97920			6
2024.06.03	00:25:25.552	0.97932	0.97932			6
2024.06.03	00:25:29.473	0.97925	0.97925			6
2024.06.03	00:25:31.084	0.97900	0.97900			6
2024.06.03	00:25:33.711	0.97901	0.97901			6
2024.06.03	00:25:35.712	0.97900	0.97900			6
2024.06.03	00:25:37.512	0.97899	0.97899			6
2024.06.03	00:25:41.815	0.97900	0.97900			6
2024.06.03	00:25:43.503	0.97924	0.97924			6
2024.06.03	00:25:43.913	0.97925	0.97925			6
2024.06.03	00:25:51.304	0.97924	0.97924			6
2024.06.03	00:25:55.053	0.97919	0.97919			6
2024.06.03	00:26:01.203	0.97921	0.97921			6
2024.06.03	00:26:15.476	0.97925	0.97925			6
2024.06.03	00:26:15.656	0.97923	0.97923			6
2024.06.03	00:26:15.836	0.97932	0.97932			6
2024.06.03	00:26:18.273	0.97923	0.97923			6
2024.06.03	00:26:18.424	0.97925	0.97925			6
2024.06.03	00:26:19.994	0.97926	0.97926			6
2024.06.03	00:26:21.172	0.97923	0.97923			6
2024.06.03	00:26:21.442	0.97925	0.97925			6
2024.06.03	00:26:21.732	0.97924	0.97924			6
2024.06.03	00:26:22.016	0.97925	0.97925			6
2024.06.03	00:26:26.905	0.97931	0.97931			6
2024.06.03	00:26:31.826	0.97925	0.97925			6
2024.06.03	00:26:31.894	0.97924	0.97924			6
2024.06.03	00:26:31.925	0.97925	0.97925			6
2024.06.03	00:26:32.233	0.97924	0.97924			6
2024.06.03	00:26:36.192	0.97923	0.97923			6
2024.06.03	00:26:36.221	0.97931	0.97931			6
2024.06.03	00:26:36.372	0.97932	0.97932			6
2024.06.03	00:26:36.431	0.97939	0.97939			6
2024.06.03	00:26:38.841	0.97929	0.97929			6
2024.06.03	00:26:39.718	0.97934	0.97934			6
2024.06.03	00:26:39.749	0.97939	0.97939			6
2024.06.03	00:26:39.778	0.97940	0.97940			6
2024.06.03	00:26:39.808	0.97939	0.97939			6
2024.06.03	00:26:41.937	0.97935	0.97935			6
2024.06.03	00:26:41.968	0.97925	0.97925			6
2024.06.03	00:26:42.033	0.97924	0.97924			6
2024.06.03	00:26:42.413	0.97925	0.97925			6
2024.06.03	00:26:43.930	0.97924	0.97924			6
2024.06.03	00:26:45.439	0.97925	0.97925			6
2024.06.03	00:26:49.184	0.97911	0.97911			6
2024.06.03	00:26:52.071	0.97924	0.97924			6
2024.06.03	00:26:52.569	0.97910	0.97910			6
2024.06.03	00:26:52.617	0.97914	0.97914			6
2024.06.03	00:26:55.015	0.97915	0.97915			6
2024.06.03	00:26:57.630	0.97913	0.97913			6
2024.06.03	00:26:57.668	0.97912	0.97912			6
2024.06.03	00:26:59.414	0.97925	0.97925			6
2024.06.03	00:26:59.717	0.97924	0.97924			6
2024.06.03	00:27:00.800	0.97925	0.97925			6
2024.06.03	00:27:01.905	0.97926	0.97926			6
2024.06.03	00:27:02.099	0.97925	0.97925			6
2024.06.03	00:27:03.106	0.97924	0.97924			6
2024.06.03	00:27:04.633	0.97925	0.97925			6
2024.06.03	00:27:07.906	0.97926	0.97926			6
2024.06.03	00:27:22.388	0.97912	0.97912			6
2024.06.03	00:27:22.418	0.97911	0.97911			6
2024.06.03	00:27:22.509	0.97909	0.97909			6
2024.06.03	00:27:24.289	0.97908	0.97908			6
2024.06.03	00:27:27.312	0.97909	0.97909			6
2024.06.03	00:27:32.546	0.97912	0.97912			6
2024.06.03	00:27:32.817	0.97911	0.97911			6
2024.06.03	00:27:32.847	0.97925	0.97925			6
2024.06.03	00:27:35.217	0.97926	0.97926			6
2024.06.03	00:27:36.429	0.97925	0.97925			6
2024.06.03	00:27:42.147	0.97924	0.97924			6
2024.06.03	00:27:45.422	0.97925	0.97925			6
2024.06.03	00:27:55.021	0.97912	0.97912			6
2024.06.03	00:27:55.051	0.97925	0.97925			6
2024.06.03	00:28:06.422	0.97912	0.97912			6
2024.06.03	00:28:06.452	0.97925	0.97925			6
2024.06.03	00:28:06.512	0.97924	0.97924			6
2024.06.03	00:28:07.034	0.97925	0.97925			6
2024.06.03	00:28:16.114	0.97923	0.97923			6
2024.06.03	00:28:17.628	0.97925	0.97925			6
2024.06.03	00:28:21.388	0.97924	0.97924			6
2024.06.03	00:28:21.418	0.97925	0.97925			6
2024.06.03	00:28:23.144	0.97912	0.97912			6
2024.06.03	00:28:23.175	0.97925	0.97925			6
2024.06.03	00:28:23.236	0.97924	0.97924			6
2024.06.03	00:28:23.833	0.97925	0.97925			6
2024.06.03	00:28:28.236	0.97932	0.97932			6
2024.06.03	00:28:29.921	0.97931	0.97931			6
2024.06.03	00:28:33.327	0.97924	0.97924			6
2024.06.03	00:28:33.357	0.97925	0.97925			6
2024.06.03	00:28:33.386	0.97924	0.97924			6
2024.06.03	00:28:33.417	0.97922	0.97922			6
2024.06.03	00:28:33.446	0.97924	0.97924			6
2024.06.03	00:28:33.716	0.97925	0.97925			6
2024.06.03	00:28:36.380	0.97922	0.97922			6
2024.06.03	00:28:36.408	0.97925	0.97925			6
2024.06.03	00:28:37.993	0.97932	0.97932			6
2024.06.03	00:28:38.534	0.97923	0.97923			6
2024.06.03	00:28:41.904	0.97925	0.97925			6
2024.06.03	00:28:53.475	0.97932	0.97932			6
2024.06.03	00:28:53.565	0.97925	0.97925			6
2024.06.03	00:29:08.543	0.97925				2
2024.06.03	00:29:08.602	0.97924	0.97924			6
2024.06.03	00:29:08.632	0.97925	0.97925			6
2024.06.03	00:29:09.116	0.97921	0.97921			6
2024.06.03	00:29:16.642	0.97925	0.97925			6
2024.06.03	00:29:16.701	0.97924	0.97924			6
2024.06.03	00:29:16.852	0.97925	0.97925			6
2024.06.03	00:29:19.809	0.97911	0.97911			6
2024.06.03	00:29:20.236	0.97925	0.97925			6
2024.06.03	00:29:21.382	0.97921	0.97921			6
2024.06.03	00:29:27.449	0.97920	0.97920			6
2024.06.03	00:29:32.225	0.97921	0.97921			6
2024.06.03	00:29:40.461	0.97925	0.97925			6
2024.06.03	00:29:41.704	0.97921	0.97921			6
2024.06.03	00:29:41.768	0.97932	0.97932			6
2024.06.03	00:29:44.276	0.97925	0.97925			6
2024.06.03	00:29:54.414	0.97924	0.97924			6
2024.06.03	00:29:54.735	0.97925	0.97925			6
2024.06.03	00:29:57.439	0.97924	0.97924			6
2024.06.03	00:30:00.064	0.97919	0.97919			6
2024.06.03	00:30:00.095	0.97924	0.97924			6
2024.06.03	00:30:00.125	0.97926	0.97926			6
2024.06.03	00:30:00.429	0.97927	0.97927			6
2024.06.03	00:30:01.229	0.97928	0.97928			6
2024.06.03	00:30:06.449	0.97927	0.97927			6
2024.06.03	00:30:11.513	0.97926	0.97926			6
2024.06.03	00:30:13.145	0.97928	0.97928			6
2024.06.03	00:30:14.550	0.97924	0.97924			6
2024.06.03	00:30:15.721	0.97913	0.97913			6
2024.06.03	00:30:15.811	0.97902	0.97902			6
2024.06.03	00:30:16.850	0.97903	0.97903			6
2024.06.03	00:30:17.213	0.97902	0.97902			6
2024.06.03	00:30:19.086	0.97901	0.97901			6
2024.06.03	00:30:20.524	0.97902	0.97902			6
2024.06.03	00:30:21.569	0.97901	0.97901			6
2024.06.03	00:30:21.600	0.97902	0.97902			6
2024.06.03	00:30:22.329	0.97901	0.97901			6
2024.06.03	00:30:27.434	0.97900	0.97900			6
2024.06.03	00:30:28.632	0.97901	0.97901			6
2024.06.03	00:30:31.334	0.97891	0.97891			6
2024.06.03	00:30:32.536	0.97890	0.97890			6
2024.06.03	00:30:33.404	0.97891	0.97891			6
2024.06.03	00:30:36.112	0.97893	0.97893			6
2024.06.03	00:30:37.021	0.97891	0.97891			6
2024.06.03	00:30:41.810	0.97892	0.97892			6
2024.06.03	00:30:47.351	0.97893	0.97893			6
2024.06.03	00:30:47.383	0.97892	0.97892			6
2024.06.03	00:30:47.412	0.97898	0.97898			6
2024.06.03	00:30:49.189	0.97891	0.97891			6
2024.06.03	00:30:50.514	0.97892	0.97892			6
2024.06.03	00:30:52.067	0.97891	0.97891			6
2024.06.03	00:30:52.321	0.97892	0.97892			6
2024.06.03	00:30:54.439	0.97893	0.97893			6
2024.06.03	00:30:54.616	0.97892	0.97892			6
2024.06.03	00:31:02.683	0.97918	0.97918			6
2024.06.03	00:31:02.743	0.97917	0.97917			6
2024.06.03	00:31:02.805	0.97918	0.97918			6
2024.06.03	00:31:02.834	0.97917	0.97917			6
2024.06.03	00:31:02.937	0.97918	0.97918			6
2024.06.03	00:31:02.968	0.97915	0.97915			6
2024.06.03	00:31:02.998	0.97917	0.97917			6
2024.06.03	00:31:03.089	0.97916	0.97916			6
2024.06.03	00:31:03.149	0.97917	0.97917			6
2024.06.03	00:31:03.181	0.97916	0.97916			6
2024.06.03	00:31:03.395	0.97917	0.97917			6
2024.06.03	00:31:03.805	0.97915	0.97915			6
2024.06.03	00:31:03.835	0.97916	0.97916			6
2024.06.03	00:31:04.633	0.97915	0.97915			6
2024.06.03	00:31:06.063	0.97916	0.97916			6
2024.06.03	00:31:06.093	0.97913	0.97913			6
2024.06.03	00:31:06.123	0.97915	0.97915			6
2024.06.03	00:31:06.183	0.97913	0.97913			6
2024.06.03	00:31:06.213	0.97912	0.97912			6
2024.06.03	00:31:06.243	0.97913	0.97913			6
2024.06.03	00:31:06.273	0.97916	0.97916			6
2024.06.03	00:31:06.303	0.97915	0.97915			6
2024.06.03	00:31:06.672	0.97916	0.97916			6
2024.06.03	00:31:07.635	0.97917	0.97917			6
2024.06.03	00:31:07.695	0.97916	0.97916			6
2024.06.03	00:31:08.330	0.97914	0.97914			6
2024.06.03	00:31:08.390	0.97913	0.97913			6
2024.06.03	00:31:08.420	0.97912	0.97912			6
2024.06.03	00:31:08.461	0.97913	0.97913			6
2024.06.03	00:31:09.735	0.97917	0.97917			6
2024.06.03	00:31:09.778	0.97916	0.97916			6
2024.06.03	00:31:09.808	0.97917	0.97917			6
2024.06.03	00:31:12.361	0.97916	0.97916			6
2024.06.03	00:31:14.674	0.97917	0.97917			6
2024.06.03	00:31:15.194	0.97916	0.97916			6
2024.06.03	00:31:15.414	0.97914	0.97914			6
2024.06.03	00:31:15.442	0.97915	0.97915			6
2024.06.03	00:31:15.692	0.97916	0.97916			6
2024.06.03	00:31:18.745	0.97910	0.97910			6
2024.06.03	00:31:18.775	0.97916	0.97916			6
2024.06.03	00:31:19.158	0.97915	0.97915			6
2024.06.03	00:31:19.247	0.97913	0.97913			6
2024.06.03	00:31:19.278	0.97915	0.97915			6
2024.06.03	00:31:19.339	0.97913	0.97913			6
2024.06.03	00:31:19.904	0.97914	0.97914			6
2024.06.03	00:31:25.093	0.97915	0.97915			6
2024.06.03	00:31:25.615	0.97916	0.97916			6
2024.06.03	00:31:26.297	0.97915	0.97915			6
2024.06.03	00:31:26.328	0.97909	0.97909			6
2024.06.03	00:31:26.374	0.97908	0.97908			6
2024.06.03	00:31:27.311	0.97902	0.97902			6
2024.06.03	00:31:29.243	0.97901	0.97901			6
2024.06.03	00:31:30.758	0.97902	0.97902			6
2024.06.03	00:31:32.715	0.97903	0.97903			6
2024.06.03	00:31:37.951	0.97902	0.97902			6
2024.06.03	00:31:41.549	0.97901	0.97901			6
2024.06.03	00:31:42.739	0.97902	0.97902			6
2024.06.03	00:31:47.604	0.97901	0.97901			6
2024.06.03	00:31:49.636	0.97902	0.97902			6
2024.06.03	00:31:52.926	0.97901	0.97901			6
2024.06.03	00:31:56.221	0.97903	0.97903			6
2024.06.03	00:31:57.246	0.97915	0.97915			6
2024.06.03	00:31:57.306	0.97917	0.97917			6
2024.06.03	00:32:03.541	0.97916	0.97916			6
2024.06.03	00:32:03.752	0.97917	0.97917			6
2024.06.03	00:32:09.719	0.97912	0.97912			6
2024.06.03	00:32:10.350	0.97917	0.97917			6
2024.06.03	00:32:11.235	0.97913	0.97913			6
2024.06.03	00:32:13.786	0.97914	0.97914			6
2024.06.03	00:32:13.860	0.97915	0.97915			6
2024.06.03	00:32:13.890	0.97914	0.97914			6
2024.06.03	00:32:14.116	0.97913	0.97913			6
2024.06.03	00:32:16.070	0.97915	0.97915			6
2024.06.03	00:32:16.131	0.97919	0.97919			6
2024.06.03	00:32:16.222	0.97918	0.97918			6
2024.06.03	00:32:16.615	0.97917	0.97917			6
2024.06.03	00:32:20.303	0.97918	0.97918			6
2024.06.03	00:32:21.407	0.97919	0.97919			6
2024.06.03	00:32:25.034	0.97911	0.97911			6
2024.06.03	00:32:25.062	0.97915	0.97915			6
2024.06.03	00:32:25.093	0.97914	0.97914			6
2024.06.03	00:32:25.635	0.97906	0.97906			6
2024.06.03	00:32:25.936	0.97905	0.97905			6
2024.06.03	00:32:26.237	0.97918	0.97918			6
2024.06.03	00:32:26.535	0.97917	0.97917			6
2024.06.03	00:32:29.533	0.97918	0.97918			6
2024.06.03	00:32:31.104	0.97919	0.97919			6
2024.06.03	00:32:32.298	0.97910	0.97910			6
2024.06.03	00:32:33.434	0.97918	0.97918			6
2024.06.03	00:32:33.495	0.97915	0.97915			6
2024.06.03	00:32:33.524	0.97914	0.97914			6
2024.06.03	00:32:33.554	0.97915	0.97915			6
2024.06.03	00:32:34.493	0.97919	0.97919			6
2024.06.03	00:32:35.389	0.97916	0.97916			6
2024.06.03	00:32:36.379	0.97919	0.97919			6
2024.06.03	00:32:36.410	0.97913	0.97913			6
2024.06.03	00:32:36.500	0.97914	0.97914			6
2024.06.03	00:32:36.529	0.97915	0.97915			6
2024.06.03	00:32:36.560	0.97919	0.97919			6
2024.06.03	00:32:36.590	0.97918	0.97918			6
2024.06.03	00:32:36.654	0.97919	0.97919			6
2024.06.03	00:32:46.039	0.97918	0.97918			6
2024.06.03	00:32:48.415	0.97919	0.97919			6
2024.06.03	00:32:49.634	0.97918	0.97918			6
2024.06.03	00:32:54.459	0.97913	0.97913			6
2024.06.03	00:32:55.616	0.97912	0.97912			6
2024.06.03	00:32:56.632	0.97917	0.97917			6
2024.06.03	00:32:58.316	0.97918	0.97918			6
2024.06.03	00:33:01.321	0.97913	0.97913			6
2024.06.03	00:33:01.352	0.97918	0.97918			6
2024.06.03	00:33:01.411	0.97916	0.97916			6
2024.06.03	00:33:01.472	0.97905	0.97905			6
2024.06.03	00:33:09.469	0.97906	0.97906			6
2024.06.03	00:33:10.634	0.97907	0.97907			6
2024.06.03	00:33:17.096	0.97905	0.97905			6
2024.06.03	00:33:17.186	0.97915	0.97915			6
2024.06.03	00:33:17.215	0.97905	0.97905			6
2024.06.03	00:33:17.275	0.97906	0.97906			6
2024.06.03	00:33:17.602	0.97905	0.97905			6
2024.06.03	00:33:18.615	0.97903	0.97903			6
2024.06.03	00:33:19.615	0.97904	0.97904			6
2024.06.03	00:33:27.619	0.97905	0.97905			6
2024.06.03	00:33:28.013	0.97915	0.97915			6
2024.06.03	00:33:28.044	0.97905	0.97905			6
2024.06.03	00:33:28.484	0.97904	0.97904			6
2024.06.03	00:33:29.126	0.97903	0.97903			6
2024.06.03	00:33:31.464	0.97904	0.97904			6
2024.06.03	00:33:34.039	0.97903	0.97903			6
2024.06.03	00:33:36.715	0.97904	0.97904			6
2024.06.03	00:33:38.703	0.97903	0.97903			6
2024.06.03	00:33:39.762	0.97902	0.97902			6
2024.06.03	00:33:41.294	0.97903	0.97903			6
2024.06.03	00:33:42.074	0.97902	0.97902			6
2024.06.03	00:33:42.364	0.97903	0.97903			6
2024.06.03	00:33:42.600	0.97902	0.97902			6
2024.06.03	00:33:42.869	0.97903	0.97903			6
2024.06.03	00:33:43.868	0.97902	0.97902			6
2024.06.03	00:33:44.398	0.97911	0.97911			6
2024.06.03	00:33:44.660	0.97904	0.97904			6
2024.06.03	00:33:45.968	0.97905	0.97905			6
2024.06.03	00:33:46.755	0.97904	0.97904			6
2024.06.03	00:33:47.764	0.97905	0.97905			6
2024.06.03	00:33:47.795	0.97904	0.97904			6
2024.06.03	00:33:48.805	0.97903	0.97903			6
2024.06.03	00:33:49.063	0.97904	0.97904			6
2024.06.03	00:33:49.332	0.97903	0.97903			6
2024.06.03	00:33:49.592	0.97902	0.97902			6
2024.06.03	00:33:50.895	0.97903	0.97903			6
2024.06.03	00:33:52.660	0.97904	0.97904			6
2024.06.03	00:33:53.183	0.97905	0.97905			6
2024.06.03	00:33:53.967	0.97915	0.97915			6
2024.06.03	00:33:54.093	0.97916	0.97916			6
2024.06.03	00:33:55.365	0.97915	0.97915			6
2024.06.03	00:33:55.857	0.97916	0.97916			6
2024.06.03	00:33:55.997	0.97917	0.97917			6
2024.06.03	00:33:57.357	0.97916	0.97916			6
2024.06.03	00:33:57.748	0.97917	0.97917			6
2024.06.03	00:33:58.035	0.97916	0.97916			6
2024.06.03	00:33:58.365	0.97917	0.97917			6
2024.06.03	00:33:58.632	0.97918	0.97918			6
2024.06.03	00:33:59.832	0.97917	0.97917			6
2024.06.03	00:34:00.134	0.97918	0.97918			6
2024.06.03	00:34:22.019	0.97901	0.97901			6
2024.06.03	00:34:27.115	0.97900	0.97900			6
2024.06.03	00:34:31.018	0.97901	0.97901			6
2024.06.03	00:34:40.024	0.97900	0.97900			6
2024.06.03	00:34:41.235	0.97901	0.97901			6
2024.06.03	00:34:54.104	0.97900	0.97900			6
2024.06.03	00:34:54.668	0.97901	0.97901			6
2024.06.03	00:34:55.154	0.97900	0.97900			6
2024.06.03	00:34:56.664	0.97901	0.97901			6
2024.06.03	00:34:56.784	0.97900	0.97900			6
2024.06.03	00:34:57.498	0.97901	0.97901			6
2024.06.03	00:34:57.651	0.97900	0.97900			6
2024.06.03	00:34:58.198	0.97901	0.97901			6
2024.06.03	00:34:59.806	0.97900	0.97900			6
2024.06.03	00:34:59.836	0.97898	0.97898			6
2024.06.03	00:34:59.896	0.97897	0.97897			6
2024.06.03	00:35:00.178	0.97896	0.97896			6
2024.06.03	00:35:00.413	0.97897	0.97897			6
2024.06.03	00:35:00.756	0.97896	0.97896			6
2024.06.03	00:35:00.787	0.97897	0.97897			6
2024.06.03	00:35:00.818	0.97896	0.97896			6
2024.06.03	00:35:01.451	0.97897	0.97897			6
2024.06.03	00:35:01.996	0.97898	0.97898			6
2024.06.03	00:35:05.345	0.97897	0.97897			6
2024.06.03	00:35:05.623	0.97898	0.97898			6
2024.06.03	00:35:05.832	0.97897	0.97897			6
2024.06.03	00:35:06.320	0.97898	0.97898			6
2024.06.03	00:35:07.325	0.97897	0.97897			6
2024.06.03	00:35:16.877	0.97898	0.97898			6
2024.06.03	00:35:19.466	0.97899	0.97899			6
2024.06.03	00:35:25.328	0.97898	0.97898			6
2024.06.03	00:35:32.225	0.97899	0.97899			6
2024.06.03	00:35:50.836	0.97900	0.97900			6
2024.06.03	00:35:56.812	0.97901	0.97901			6
2024.06.03	00:35:58.186	0.97902	0.97902			6
2024.06.03	00:35:59.221	0.97901	0.97901			6
2024.06.03	00:36:19.506	0.97900	0.97900			6
2024.06.03	00:36:27.479	0.97901	0.97901			6
2024.06.03	00:36:27.585	0.97900	0.97900			6
2024.06.03	00:36:27.617	0.97902	0.97902			6
2024.06.03	00:36:27.766	0.97900	0.97900			6
2024.06.03	00:36:27.797	0.97902	0.97902			6
2024.06.03	00:36:30.502	0.97906	0.97906			6
2024.06.03	00:36:30.531	0.97904	0.97904			6
2024.06.03	00:36:34.995	0.97907	0.97907			6
2024.06.03	00:36:35.025	0.97902	0.97902			6
2024.06.03	00:36:36.120	0.97903	0.97903			6
2024.06.03	00:36:36.726	0.97902	0.97902			6
2024.06.03	00:36:37.518	0.97903	0.97903			6
2024.06.03	00:37:05.828	0.97904	0.97904			6
2024.06.03	00:37:08.397	0.97903	0.97903			6
2024.06.03	00:37:10.479	0.97904	0.97904			6
2024.06.03	00:37:10.592	0.97907	0.97907			6
2024.06.03	00:37:10.621	0.97903	0.97903			6
2024.06.03	00:37:15.495	0.97902	0.97902			6
2024.06.03	00:37:15.524	0.97905	0.97905			6
2024.06.03	00:37:15.646	0.97904	0.97904			6
2024.06.03	00:37:15.675	0.97902	0.97902			6
2024.06.03	00:37:15.736	0.97904	0.97904			6
2024.06.03	00:37:15.796	0.97902	0.97902			6
2024.06.03	00:37:15.826	0.97904	0.97904			6
2024.06.03	00:37:15.886	0.97903	0.97903			6
2024.06.03	00:37:16.314	0.97904	0.97904			6
2024.06.03	00:37:19.332	0.97905	0.97905			6
2024.06.03	00:37:26.454	0.97904	0.97904			6
2024.06.03	00:37:28.984	0.97905	0.97905			6
2024.06.03	00:37:48.884	0.97904	0.97904			6
2024.06.03	00:37:49.929	0.97905	0.97905			6
2024.06.03	00:37:56.891	0.97904	0.97904			6
2024.06.03	00:38:32.585	0.97908	0.97908			6
2024.06.03	00:38:32.615	0.97905	0.97905			6
2024.06.03	00:38:33.102	0.97906	0.97906			6
2024.06.03	00:38:42.773	0.97905	0.97905			6
2024.06.03	00:38:47.529	0.97904	0.97904			6
2024.06.03	00:38:47.905	0.97905	0.97905			6
2024.06.03	00:38:48.746	0.97906	0.97906			6
2024.06.03	00:39:02.906	0.97908	0.97908			6
2024.06.03	00:39:02.935	0.97907	0.97907			6
2024.06.03	00:39:02.965	0.97906	0.97906			6
2024.06.03	00:39:04.981	0.97907	0.97907			6
2024.06.03	00:39:09.722	0.97908	0.97908			6
2024.06.03	00:39:10.320	0.97907	0.97907			6
2024.06.03	00:39:17.873	0.97915	0.97915			6
2024.06.03	00:39:17.903	0.97906	0.97906			6
2024.06.03	00:39:17.934	0.97905	0.97905			6
2024.06.03	00:39:19.486	0.97906	0.97906			6
2024.06.03	00:39:20.529	0.97907	0.97907			6
2024.06.03	00:39:29.837	0.97906	0.97906			6
2024.06.03	00:39:34.979	0.97907	0.97907			6
2024.06.03	00:39:35.010	0.97910	0.97910			6
2024.06.03	00:39:35.040	0.97909	0.97909			6
2024.06.03	00:39:36.702	0.97910	0.97910			6
2024.06.03	00:39:40.311	0.97909	0.97909			6
2024.06.03	00:39:40.491	0.97908	0.97908			6
2024.06.03	00:39:40.521	0.97910	0.97910			6
2024.06.03	00:39:46.303	0.97909	0.97909			6
2024.06.03	00:39:46.333	0.97911	0.97911			6
2024.06.03	00:39:46.914	0.97912	0.97912			6
2024.06.03	00:39:55.939	0.97913	0.97913			6
2024.06.03	00:39:59.821	0.97914	0.97914			6
2024.06.03	00:40:02.169	0.97913	0.97913			6
2024.06.03	00:40:02.199	0.97911	0.97911			6
2024.06.03	00:40:05.052	0.97912	0.97912			6
2024.06.03	00:40:05.112	0.97913	0.97913			6
2024.06.03	00:40:13.033	0.97914	0.97914			6
2024.06.03	00:40:29.020	0.97913	0.97913			6
2024.06.03	00:40:30.324	0.97915	0.97915			6
2024.06.03	00:40:45.410	0.97914	0.97914			6
2024.06.03	00:40:52.003	0.97915	0.97915			6
2024.06.03	00:40:53.240	0.97914	0.97914			6
2024.06.03	00:40:59.804	0.97915	0.97915			6
2024.06.03	00:41:03.309	0.97914	0.97914			6
2024.06.03	00:41:03.339	0.97915	0.97915			6
2024.06.03	00:41:13.005	0.97925	0.97925			6
2024.06.03	00:41:13.035	0.97917	0.97917			6
2024.06.03	00:41:13.094	0.97915	0.97915			6
2024.06.03	00:41:14.586	0.97913	0.97913			6
2024.06.03	00:41:14.715	0.97914	0.97914			6
2024.06.03	00:41:14.745	0.97912	0.97912			6
2024.06.03	00:41:14.775	0.97914	0.97914			6
2024.06.03	00:41:14.805	0.97915	0.97915			6
2024.06.03	00:41:14.865	0.97914	0.97914			6
2024.06.03	00:41:15.046	0.97915	0.97915			6
2024.06.03	00:41:17.216	0.97916	0.97916			6
2024.06.03	00:41:19.913	0.97915	0.97915			6
2024.06.03	00:41:21.111	0.97916	0.97916			6
2024.06.03	00:41:25.120	0.97917	0.97917			6
2024.06.03	00:41:25.150	0.97916	0.97916			6
2024.06.03	00:41:26.210	0.97915	0.97915			6
2024.06.03	00:41:55.313	0.97914	0.97914			6
2024.06.03	00:41:57.913	0.97915	0.97915			6
2024.06.03	00:41:59.210	0.97914	0.97914			6
2024.06.03	00:42:02.811	0.97913	0.97913			6
2024.06.03	00:42:05.524	0.97914	0.97914			6
2024.06.03	00:42:11.275	0.97913	0.97913			6
2024.06.03	00:42:12.721	0.97914	0.97914			6
2024.06.03	00:42:13.928	0.97913	0.97913			6
2024.06.03	00:42:17.810	0.97914	0.97914			6
2024.06.03	00:42:21.732	0.97913	0.97913			6
2024.06.03	00:42:23.209	0.97914	0.97914			6
2024.06.03	00:42:25.922	0.97913	0.97913			6
2024.06.03	00:42:28.603	0.97914	0.97914			6
2024.06.03	00:42:38.490	0.97915	0.97915			6
2024.06.03	00:42:38.870	0.97916	0.97916			6
2024.06.03	00:42:40.405	0.97910	0.97910			6
2024.06.03	00:42:40.496	0.97908	0.97908			6
2024.06.03	00:42:41.310	0.97906	0.97906			6
2024.06.03	00:42:44.039	0.97902	0.97902			6
2024.06.03	00:42:44.129	0.97901	0.97901			6
2024.06.03	00:42:53.568	0.97900	0.97900			6
2024.06.03	00:43:10.021	0.97901	0.97901			6
2024.06.03	00:43:21.222	0.97907	0.97907			6
2024.06.03	00:43:24.609	0.97905	0.97905			6
2024.06.03	00:43:24.638	0.97901	0.97901			6
2024.06.03	00:43:30.706	0.97902	0.97902			6
2024.06.03	00:43:33.110	0.97907	0.97907			6
2024.06.03	00:43:34.023	0.97908	0.97908			6
2024.06.03	00:43:51.355	0.97902	0.97902			6
2024.06.03	00:43:52.403	0.97907	0.97907			6
2024.06.03	00:43:52.897	0.97901	0.97901			6
2024.06.03	00:43:53.399	0.97902	0.97902			6
2024.06.03	00:43:53.818	0.97901	0.97901			6
2024.06.03	00:44:20.072	0.97913	0.97913			6
2024.06.03	00:44:20.602	0.97912	0.97912			6
2024.06.03	00:44:21.722	0.97913	0.97913			6
2024.06.03	00:44:22.911	0.97914	0.97914			6
2024.06.03	00:44:23.899	0.97912	0.97912			6
2024.06.03	00:44:23.930	0.97911	0.97911			6
2024.06.03	00:44:30.741	0.97910	0.97910			6
2024.06.03	00:44:39.594	0.97911	0.97911			6
2024.06.03	00:44:40.618	0.97910	0.97910			6
2024.06.03	00:44:48.780	0.97920	0.97920			6
2024.06.03	00:44:48.810	0.97912	0.97912			6
2024.06.03	00:44:48.844	0.97913	0.97913			6
2024.06.03	00:44:48.874	0.97912	0.97912			6
2024.06.03	00:44:49.992	0.97913	0.97913			6
2024.06.03	00:44:51.426	0.97912	0.97912			6
2024.06.03	00:44:55.687	0.97914	0.97914			6
2024.06.03	00:44:55.718	0.97915	0.97915			6
2024.06.03	00:44:55.809	0.97914	0.97914			6
2024.06.03	00:44:55.839	0.97913	0.97913			6
2024.06.03	00:44:57.103	0.97914	0.97914			6
2024.06.03	00:44:59.013	0.97915	0.97915			6
2024.06.03	00:44:59.043	0.97916	0.97916			6
2024.06.03	00:45:01.682	0.97921	0.97921			6
2024.06.03	00:45:01.712	0.97918	0.97918			6
2024.06.03	00:45:12.074	0.97919	0.97919			6
2024.06.03	00:45:13.314	0.97920	0.97920			6
2024.06.03	00:45:14.636	0.97921	0.97921			6
2024.06.03	00:45:34.695	0.97919	0.97919			6
2024.06.03	00:45:34.725	0.97920	0.97920			6
2024.06.03	00:45:35.805	0.97919	0.97919			6
2024.06.03	00:45:42.717	0.97920	0.97920			6
2024.06.03	00:45:46.902	0.97921	0.97921			6
2024.06.03	00:45:48.406	0.97922	0.97922			6
2024.06.03	00:46:12.627	0.97923	0.97923			6
2024.06.03	00:46:18.730	0.97922	0.97922			6
2024.06.03	00:46:18.760	0.97920	0.97920			6
2024.06.03	00:46:18.792	0.97922	0.97922			6
2024.06.03	00:46:28.522	0.97921	0.97921			6
2024.06.03	00:46:28.552	0.97920	0.97920			6
2024.06.03	00:46:28.613	0.97919	0.97919			6
2024.06.03	00:46:31.003	0.97918	0.97918			6
2024.06.03	00:46:33.084	0.97917	0.97917			6
2024.06.03	00:46:36.425	0.97918	0.97918			6
2024.06.03	00:46:38.809	0.97917	0.97917			6
2024.06.03	00:46:48.462	0.97919	0.97919			6
2024.06.03	00:46:48.492	0.97915	0.97915			6
2024.06.03	00:46:48.523	0.97916	0.97916			6
2024.06.03	00:46:55.909	0.97915	0.97915			6
2024.06.03	00:47:00.213	0.97914	0.97914			6
2024.06.03	00:47:00.272	0.97913	0.97913			6
2024.06.03	00:47:00.303	0.97912	0.97912			6
2024.06.03	00:47:00.696	0.97920	0.97920			6
2024.06.03	00:47:00.726	0.97911	0.97911			6
2024.06.03	00:47:00.786	0.97912	0.97912			6
2024.06.03	00:47:00.998	0.97911	0.97911			6
2024.06.03	00:47:01.027	0.97912	0.97912			6
2024.06.03	00:47:01.249	0.97913	0.97913			6
2024.06.03	00:47:02.604	0.97912	0.97912			6
2024.06.03	00:47:07.392	0.97910	0.97910			6
2024.06.03	00:47:07.421	0.97908	0.97908			6
2024.06.03	00:47:31.724	0.97909	0.97909			6
2024.06.03	00:47:32.869	0.97910	0.97910			6
2024.06.03	00:47:32.929	0.97911	0.97911			6
2024.06.03	00:47:33.430	0.97912	0.97912			6
2024.06.03	00:47:41.729	0.97922	0.97922			6
2024.06.03	00:47:41.759	0.97913	0.97913			6
2024.06.03	00:47:41.819	0.97912	0.97912			6
2024.06.03	00:47:42.117	0.97913	0.97913			6
2024.06.03	00:47:44.311	0.97914	0.97914			6
2024.06.03	00:47:46.692	0.97913	0.97913			6
2024.06.03	00:47:47.203	0.97914	0.97914			6
2024.06.03	00:47:49.693	0.97913	0.97913			6
2024.06.03	00:47:51.794	0.97914	0.97914			6
2024.06.03	00:47:53.826	0.97913	0.97913			6
2024.06.03	00:47:53.856	0.97914	0.97914			6
2024.06.03	00:47:53.916	0.97915	0.97915			6
2024.06.03	00:47:54.412	0.97916	0.97916			6
2024.06.03	00:48:01.640	0.97915	0.97915			6
2024.06.03	00:48:12.720	0.97916	0.97916			6
2024.06.03	00:48:16.931	0.97915	0.97915			6
2024.06.03	00:48:20.584	0.97916	0.97916			6
2024.06.03	00:48:20.856	0.97915	0.97915			6
2024.06.03	00:48:22.225	0.97916	0.97916			6
2024.06.03	00:48:23.275	0.97915	0.97915			6
2024.06.03	00:48:23.592	0.97913	0.97913			6
2024.06.03	00:48:25.332	0.97914	0.97914			6
2024.06.03	00:48:26.503	0.97913	0.97913			6
2024.06.03	00:48:28.719	0.97914	0.97914			6
2024.06.03	00:48:33.079	0.97913	0.97913			6
2024.06.03	00:48:33.138	0.97914	0.97914			6
2024.06.03	00:48:34.019	0.97912	0.97912			6
2024.06.03	00:48:34.109	0.97911	0.97911			6
2024.06.03	00:48:34.200	0.97913	0.97913			6
2024.06.03	00:48:34.569	0.97914	0.97914			6
2024.06.03	00:48:41.237	0.97913	0.97913			6
2024.06.03	00:48:46.800	0.97914	0.97914			6
2024.06.03	00:49:06.619	0.97913	0.97913			6
2024.06.03	00:49:06.649	0.97914	0.97914			6
2024.06.03	00:49:06.679	0.97913	0.97913			6
2024.06.03	00:49:06.768	0.97914	0.97914			6
2024.06.03	00:49:13.920	0.97913	0.97913			6
2024.06.03	00:49:14.259	0.97914	0.97914			6
2024.06.03	00:49:23.879	0.97913	0.97913			6
2024.06.03	00:49:24.427	0.97914	0.97914			6
2024.06.03	00:49:45.114	0.97915	0.97915			6
2024.06.03	00:49:46.922	0.97914	0.97914			6
2024.06.03	00:49:50.926	0.97915	0.97915			6
2024.06.03	00:49:51.146	0.97914	0.97914			6
2024.06.03	00:49:51.705	0.97915	0.97915			6
2024.06.03	00:49:52.111	0.97914	0.97914			6
2024.06.03	00:49:52.141	0.97915	0.97915			6
2024.06.03	00:49:52.577	0.97923	0.97923			6
2024.06.03	00:49:52.606	0.97914	0.97914			6
2024.06.03	00:49:52.637	0.97915	0.97915			6
2024.06.03	00:50:00.223	0.97923	0.97923			6
2024.06.03	00:50:00.254	0.97915	0.97915			6
2024.06.03	00:50:00.709	0.97914	0.97914			6
2024.06.03	00:50:02.803	0.97915	0.97915			6
2024.06.03	00:50:09.969	0.97913	0.97913			6
2024.06.03	00:50:10.309	0.97914	0.97914			6
2024.06.03	00:50:11.235	0.97915	0.97915			6
2024.06.03	00:50:17.166	0.97912	0.97912			6
2024.06.03	00:50:30.117	0.97913	0.97913			6
2024.06.03	00:50:31.928	0.97911	0.97911			6
2024.06.03	00:50:33.700	0.97912	0.97912			6
2024.06.03	00:50:40.301	0.97913	0.97913			6
2024.06.03	00:50:41.312	0.97912	0.97912			6
2024.06.03	00:50:50.525	0.97913	0.97913			6
2024.06.03	00:51:01.105	0.97912	0.97912			6
2024.06.03	00:51:01.135	0.97908	0.97908			6
2024.06.03	00:51:01.603	0.97906	0.97906			6
2024.06.03	00:51:01.633	0.97905	0.97905			6
2024.06.03	00:51:11.542	0.97906	0.97906			6
2024.06.03	00:52:02.071	0.97907	0.97907			6
2024.06.03	00:52:02.101	0.97910	0.97910			6
2024.06.03	00:52:02.252	0.97906	0.97906			6
2024.06.03	00:52:03.433	0.97905	0.97905			6
2024.06.03	00:52:41.870	0.97919	0.97919			6
2024.06.03	00:52:41.901	0.97905	0.97905			6
2024.06.03	00:52:43.308	0.97906	0.97906			6
2024.06.03	00:52:52.309	0.97907	0.97907			6
2024.06.03	00:53:56.567	0.97919	0.97919			6
2024.06.03	00:53:56.598	0.97907	0.97907			6
2024.06.03	00:54:00.400	0.97908	0.97908			6
2024.06.03	00:54:07.001	0.97907	0.97907			6
2024.06.03	00:54:09.649	0.97908	0.97908			6
2024.06.03	00:54:12.221	0.97909	0.97909			6
2024.06.03	00:54:12.381	0.97908	0.97908			6
2024.06.03	00:54:26.116	0.97921	0.97921			6
2024.06.03	00:54:26.146	0.97909	0.97909			6
2024.06.03	00:54:26.266	0.97911	0.97911			6
2024.06.03	00:54:26.296	0.97912	0.97912			6
2024.06.03	00:54:37.001	0.97911	0.97911			6
2024.06.03	00:55:01.131	0.97913	0.97913			6
2024.06.03	00:55:01.162	0.97914	0.97914			6
2024.06.03	00:55:01.223	0.97913	0.97913			6
2024.06.03	00:55:01.254	0.97915	0.97915			6
2024.06.03	00:55:01.404	0.97913	0.97913			6
2024.06.03	00:55:01.434	0.97915	0.97915			6
2024.06.03	00:55:01.525	0.97913	0.97913			6
2024.06.03	00:55:01.555	0.97920	0.97920			6
2024.06.03	00:55:02.112	0.97918	0.97918			6
2024.06.03	00:55:02.144	0.97914	0.97914			6
2024.06.03	00:55:04.099	0.97925	0.97925			6
2024.06.03	00:55:04.129	0.97915	0.97915			6
2024.06.03	00:55:04.188	0.97908	0.97908			6
2024.06.03	00:55:15.933	0.97914	0.97914			6
2024.06.03	00:55:15.962	0.97908	0.97908			6
2024.06.03	00:55:17.785	0.97906	0.97906			6
2024.06.03	00:55:23.614	0.97908	0.97908			6
2024.06.03	00:55:23.981	0.97906	0.97906			6
2024.06.03	00:55:42.783	0.97908	0.97908			6
2024.06.03	00:55:48.101	0.97909	0.97909			6
2024.06.03	00:55:58.303	0.97908	0.97908			6
2024.06.03	00:55:59.383	0.97909	0.97909			6
2024.06.03	00:56:00.925	0.97915	0.97915			6
2024.06.03	00:56:00.954	0.97914	0.97914			6
2024.06.03	00:56:00.984	0.97913	0.97913			6
2024.06.03	00:56:01.014	0.97914	0.97914			6
2024.06.03	00:56:01.104	0.97915	0.97915			6
2024.06.03	00:56:01.164	0.97916	0.97916			6
2024.06.03	00:56:01.194	0.97915	0.97915			6
2024.06.03	00:56:01.374	0.97913	0.97913			6
2024.06.03	00:56:01.463	0.97915	0.97915			6
2024.06.03	00:56:01.524	0.97913	0.97913			6
2024.06.03	00:56:01.555	0.97914	0.97914			6
2024.06.03	00:56:01.585	0.97915	0.97915			6
2024.06.03	00:56:03.491	0.97917	0.97917			6
2024.06.03	00:56:03.550	0.97918	0.97918			6
2024.06.03	00:56:03.984	0.97915	0.97915			6
2024.06.03	00:56:04.133	0.97917	0.97917			6
2024.06.03	00:56:04.163	0.97918	0.97918			6
2024.06.03	00:56:04.437	0.97916	0.97916			6
2024.06.03	00:56:04.466	0.97908	0.97908			6
2024.06.03	00:56:09.288	0.97910	0.97910			6
2024.06.03	00:56:09.348	0.97908	0.97908			6
2024.06.03	00:56:18.877	0.97914	0.97914			6
2024.06.03	00:56:18.907	0.97908	0.97908			6
2024.06.03	00:56:24.590	0.97907	0.97907			6
2024.06.03	00:56:26.210	0.97906	0.97906			6
2024.06.03	00:56:26.586	0.97908	0.97908			6
2024.06.03	00:56:26.615	0.97907	0.97907			6
2024.06.03	00:56:27.709	0.97906	0.97906			6
2024.06.03	00:56:37.217	0.97907	0.97907			6
2024.06.03	00:56:40.262	0.97906	0.97906			6
2024.06.03	00:56:43.279	0.97913	0.97913			6
2024.06.03	00:56:43.309	0.97907	0.97907			6
2024.06.03	00:56:46.285	0.97913	0.97913			6
2024.06.03	00:56:46.315	0.97908	0.97908			6
2024.06.03	00:56:46.376	0.97907	0.97907			6
2024.06.03	00:56:54.496	0.97905	0.97905			6
2024.06.03	00:56:54.556	0.97904	0.97904			6
2024.06.03	00:56:54.587	0.97903	0.97903			6
2024.06.03	00:56:55.013	0.97904	0.97904			6
2024.06.03	00:56:55.073	0.97905	0.97905			6
2024.06.03	00:56:55.103	0.97906	0.97906			6
2024.06.03	00:56:55.132	0.97905	0.97905			6
2024.06.03	00:56:55.162	0.97904	0.97904			6
2024.06.03	00:56:55.281	0.97905	0.97905			6
2024.06.03	00:56:55.373	0.97902	0.97902			6
2024.06.03	00:56:55.552	0.97901	0.97901			6
2024.06.03	00:56:55.582	0.97904	0.97904			6
2024.06.03	00:56:55.673	0.97902	0.97902			6
2024.06.03	00:56:56.064	0.97901	0.97901			6
2024.06.03	00:56:56.155	0.97903	0.97903			6
2024.06.03	00:56:56.185	0.97902	0.97902			6
2024.06.03	00:56:56.982	0.97901	0.97901			6
2024.06.03	00:56:57.012	0.97902	0.97902			6
2024.06.03	00:56:57.043	0.97900	0.97900			6
2024.06.03	00:56:58.211	0.97901	0.97901			6
2024.06.03	00:56:58.909	0.97900	0.97900			6
2024.06.03	00:57:01.046	0.97901	0.97901			6
2024.06.03	00:57:01.621	0.97900	0.97900			6
2024.06.03	00:57:01.652	0.97899	0.97899			6
2024.06.03	00:57:02.238	0.97908	0.97908			6
2024.06.03	00:57:02.269	0.97902	0.97902			6
2024.06.03	00:57:02.299	0.97907	0.97907			6
2024.06.03	00:57:02.389	0.97899	0.97899			6
2024.06.03	00:57:02.420	0.97900	0.97900			6
2024.06.03	00:57:02.451	0.97899	0.97899			6
2024.06.03	00:57:02.513	0.97900	0.97900			6
2024.06.03	00:57:02.608	0.97899	0.97899			6
2024.06.03	00:57:02.729	0.97900	0.97900			6
2024.06.03	00:57:02.820	0.97899	0.97899			6
2024.06.03	00:57:02.910	0.97900	0.97900			6
2024.06.03	00:57:20.298	0.97902	0.97902			6
2024.06.03	00:57:20.388	0.97901	0.97901			6
2024.06.03	00:57:20.461	0.97902	0.97902			6
2024.06.03	00:57:22.888	0.97901	0.97901			6
2024.06.03	00:57:22.978	0.97902	0.97902			6
2024.06.03	00:57:23.038	0.97901	0.97901			6
2024.06.03	00:57:23.098	0.97902	0.97902			6
2024.06.03	00:57:35.951	0.97901	0.97901			6
2024.06.03	00:57:36.070	0.97902	0.97902			6
2024.06.03	00:57:36.100	0.97901	0.97901			6
2024.06.03	00:57:36.130	0.97902	0.97902			6
2024.06.03	00:57:36.160	0.97901	0.97901			6
2024.06.03	00:57:54.366	0.97902	0.97902			6
2024.06.03	00:57:54.395	0.97901	0.97901			6
2024.06.03	00:57:56.341	0.97903	0.97903			6
2024.06.03	00:57:58.331	0.97901	0.97901			6
2024.06.03	00:57:58.361	0.97902	0.97902			6
2024.06.03	00:57:58.437	0.97901	0.97901			6
2024.06.03	00:57:58.499	0.97902	0.97902			6
2024.06.03	00:58:02.186	0.97903	0.97903			6
2024.06.03	00:58:04.659	0.97901	0.97901			6
2024.06.03	00:58:10.878	0.97909	0.97909			6
2024.06.03	00:58:10.909	0.97916	0.97916			6
2024.06.03	00:58:11.085	0.97902	0.97902			6
2024.06.03	00:58:11.115	0.97901	0.97901			6
2024.06.03	00:58:16.147	0.97902	0.97902			6
2024.06.03	00:58:22.716	0.97901	0.97901			6
2024.06.03	00:58:22.777	0.97902	0.97902			6
2024.06.03	00:58:51.161	0.97901	0.97901			6
2024.06.03	00:58:51.191	0.97902	0.97902			6
2024.06.03	00:58:51.813	0.97904	0.97904			6
2024.06.03	00:58:52.888	0.97901	0.97901			6
2024.06.03	00:58:52.918	0.97902	0.97902			6
2024.06.03	00:58:53.964	0.97901	0.97901			6
2024.06.03	00:58:55.588	0.97902	0.97902			6
2024.06.03	00:58:56.233	0.97901	0.97901			6
2024.06.03	00:59:01.036	0.97903	0.97903			6
2024.06.03	00:59:01.839	0.97901	0.97901			6
2024.06.03	00:59:03.857	0.97902	0.97902			6
2024.06.03	00:59:18.753	0.97903	0.97903			6
2024.06.03	00:59:27.178	0.97902	0.97902			6
2024.06.03	00:59:27.587	0.97959	0.97959			6
2024.06.03	00:59:27.706	0.97960	0.97960			6
2024.06.03	00:59:27.829	0.97959	0.97959			6
2024.06.03	00:59:27.889	0.97960	0.97960			6
2024.06.03	00:59:28.071	0.97952	0.97952			6
2024.06.03	00:59:28.190	0.97953	0.97953			6
2024.06.03	00:59:28.392	0.97952	0.97952			6
2024.06.03	00:59:28.492	0.97953	0.97953			6
2024.06.03	00:59:28.961	0.97951	0.97951			6
2024.06.03	00:59:29.051	0.97960	0.97960			6
2024.06.03	00:59:31.005	0.97959	0.97959			6
2024.06.03	00:59:31.541	0.97950	0.97950			6
2024.06.03	00:59:31.864	0.97953	0.97953			6
2024.06.03	00:59:32.262	0.97960	0.97960			6
2024.06.03	00:59:32.873	0.97949	0.97949			6
2024.06.03	00:59:32.993	0.97951	0.97951			6
2024.06.03	00:59:33.366	0.97952	0.97952			6
2024.06.03	00:59:33.630	0.97953	0.97953			6
2024.06.03	00:59:33.719	0.97952	0.97952			6
2024.06.03	00:59:34.559	0.97953	0.97953			6
2024.06.03	00:59:34.946	0.97954	0.97954			6
2024.06.03	00:59:34.976	0.97955	0.97955			6
2024.06.03	00:59:35.119	0.97956	0.97956			6
2024.06.03	00:59:36.428	0.97957	0.97957			6
2024.06.03	00:59:36.954	0.97960	0.97960			6
2024.06.03	00:59:43.914	0.97959	0.97959			6
2024.06.03	00:59:44.809	0.97958	0.97958			6
2024.06.03	00:59:46.601	0.97957	0.97957			6
2024.06.03	00:59:47.499	0.97956	0.97956			6
2024.06.03	00:59:49.023	0.97955	0.97955			6
2024.06.03	00:59:51.419	0.97954	0.97954			6
2024.06.03	00:59:53.519	0.97953	0.97953			6
2024.06.03	00:59:58.014	0.97952	0.97952			6
2024.06.03	01:00:00.039	0.97963	0.97963			6
2024.06.03	01:00:00.097	0.97960	0.97960			6
2024.06.03	01:00:00.126	0.97956	0.97956			6
2024.06.03	01:00:00.186	0.97946	0.97946			6
2024.06.03	01:00:00.217	0.97941	0.97941			6
2024.06.03	01:00:00.246	0.97934	0.97934			6
2024.06.03	01:00:00.277	0.97932	0.97932			6
2024.06.03	01:00:00.308	0.97927	0.97927			6
2024.06.03	01:00:00.576	0.97955	0.97955			6
2024.06.03	01:00:00.606	0.97945	0.97945			6
2024.06.03	01:00:00.666	0.97943	0.97943			6
2024.06.03	01:00:00.727	0.97948	0.97948			6
2024.06.03	01:00:00.757	0.97949	0.97949			6
2024.06.03	01:00:00.786	0.97948	0.97948			6
2024.06.03	01:00:00.876	0.97950	0.97950			6
2024.06.03	01:00:00.966	0.97952	0.97952			6
2024.06.03	01:00:01.117	0.97949	0.97949			6
2024.06.03	01:00:01.148	0.97942	0.97942			6
2024.06.03	01:00:01.298	0.97944	0.97944			6
2024.06.03	01:00:01.388	0.97949	0.97949			6
2024.06.03	01:00:01.418	0.97948	0.97948			6
2024.06.03	01:00:01.449	0.97945	0.97945			6
2024.06.03	01:00:01.478	0.97948	0.97948			6
2024.06.03	01:00:01.508	0.97946	0.97946			6
2024.06.03	01:00:01.568	0.97948	0.97948			6
2024.06.03	01:00:01.627	0.97949	0.97949			6
2024.06.03	01:00:01.657	0.97947	0.97947			6
2024.06.03	01:00:01.687	0.97943	0.97943			6
2024.06.03	01:00:01.718	0.97948	0.97948			6
2024.06.03	01:00:01.990	0.97939	0.97939			6
2024.06.03	01:00:02.020	0.97934	0.97934			6
2024.06.03	01:00:02.049	0.97931	0.97931			6
2024.06.03	01:00:02.170	0.97936	0.97936			6
2024.06.03	01:00:02.229	0.97932	0.97932			6
2024.06.03	01:00:02.259	0.97929	0.97929			6
2024.06.03	01:00:02.592	0.97931	0.97931			6
2024.06.03	01:00:02.681	0.97934	0.97934			6
2024.06.03	01:00:02.741	0.97931	0.97931			6
2024.06.03	01:00:03.433	0.97934	0.97934			6
2024.06.03	01:00:03.492	0.97931	0.97931			6
2024.06.03	01:00:03.763	0.97932	0.97932			6
2024.06.03	01:00:04.184	0.97929	0.97929			6
2024.06.03	01:00:04.515	0.97933	0.97933			6
2024.06.03	01:00:05.059	0.97928	0.97928			6
2024.06.03	01:00:05.090	0.97927	0.97927			6
2024.06.03	01:00:05.390	0.97930	0.97930			6
2024.06.03	01:00:05.419	0.97931	0.97931			6
2024.06.03	01:00:05.449	0.97930	0.97930			6
2024.06.03	01:00:05.601	0.97931	0.97931			6
2024.06.03	01:00:05.660	0.97930	0.97930			6
2024.06.03	01:00:05.690	0.97931	0.97931			6
2024.06.03	01:00:05.900	0.97932	0.97932			6
2024.06.03	01:00:05.992	0.97929	0.97929			6
2024.06.03	01:00:06.022	0.97932	0.97932			6
2024.06.03	01:00:06.561	0.97933	0.97933			6
2024.06.03	01:00:06.621	0.97935	0.97935			6
2024.06.03	01:00:06.652	0.97932	0.97932			6
2024.06.03	01:00:07.106	0.97930	0.97930			6
2024.06.03	01:00:08.303	0.97931	0.97931			6
2024.06.03	01:00:08.423	0.97932	0.97932			6
2024.06.03	01:00:08.453	0.97934	0.97934			6
2024.06.03	01:00:09.310	0.97932	0.97932			6
2024.06.03	01:00:09.339	0.97931	0.97931			6
2024.06.03	01:00:09.434	0.97930	0.97930			6
2024.06.03	01:00:09.520	0.97929	0.97929			6
2024.06.03	01:00:11.054	0.97921	0.97921			6
2024.06.03	01:00:11.083	0.97920	0.97920			6
2024.06.03	01:00:11.174	0.97916	0.97916			6
2024.06.03	01:00:11.294	0.97913	0.97913			6
2024.06.03	01:00:11.324	0.97915	0.97915			6
2024.06.03	01:00:11.957	0.97917	0.97917			6
2024.06.03	01:00:11.987	0.97919	0.97919			6
2024.06.03	01:00:12.707	0.97917	0.97917			6
2024.06.03	01:00:14.206	0.97916	0.97916			6
2024.06.03	01:00:14.629	0.97918	0.97918			6
2024.06.03	01:00:16.372	0.97909	0.97909			6
2024.06.03	01:00:16.914	0.97907	0.97907			6
2024.06.03	01:00:18.745	0.97909	0.97909			6
2024.06.03	01:00:19.179	0.97907	0.97907			6
2024.06.03	01:00:20.139	0.97909	0.97909			6
2024.06.03	01:00:23.976	0.97911	0.97911			6
2024.06.03	01:00:24.126	0.97914	0.97914			6
2024.06.03	01:00:24.155	0.97903	0.97903			6
2024.06.03	01:00:24.185	0.97901	0.97901			6
2024.06.03	01:00:24.216	0.97903	0.97903			6
2024.06.03	01:00:24.665	0.97902	0.97902			6
2024.06.03	01:00:24.696	0.97905	0.97905			6
2024.06.03	01:00:25.090	0.97907	0.97907			6
2024.06.03	01:00:27.615	0.97908	0.97908			6
2024.06.03	01:00:27.960	0.97909	0.97909			6
2024.06.03	01:00:28.050	0.97908	0.97908			6
2024.06.03	01:00:30.749	0.97909	0.97909			6
2024.06.03	01:00:31.802	0.97911	0.97911			6
2024.06.03	01:00:32.848	0.97912	0.97912			6
2024.06.03	01:00:33.899	0.97911	0.97911			6
2024.06.03	01:00:35.404	0.97910	0.97910			6
2024.06.03	01:00:36.017	0.97917	0.97917			6
2024.06.03	01:00:36.048	0.97920	0.97920			6
2024.06.03	01:00:37.059	0.97921	0.97921			6
2024.06.03	01:00:37.150	0.97922	0.97922			6
2024.06.03	01:00:37.180	0.97920	0.97920			6
2024.06.03	01:00:37.484	0.97917	0.97917			6
2024.06.03	01:00:37.604	0.97914	0.97914			6
2024.06.03	01:00:37.634	0.97913	0.97913			6
2024.06.03	01:00:38.108	0.97915	0.97915			6
2024.06.03	01:00:38.138	0.97917	0.97917			6
2024.06.03	01:00:38.378	0.97916	0.97916			6
2024.06.03	01:00:38.408	0.97919	0.97919			6
2024.06.03	01:00:38.942	0.97913	0.97913			6
2024.06.03	01:00:38.973	0.97903	0.97903			6
2024.06.03	01:00:39.002	0.97900	0.97900			6
2024.06.03	01:00:39.062	0.97898	0.97898			6
2024.06.03	01:00:39.123	0.97897	0.97897			6
2024.06.03	01:00:39.183	0.97898	0.97898			6
2024.06.03	01:00:46.502	0.97901	0.97901			6
2024.06.03	01:00:49.836	0.97900	0.97900			6
2024.06.03	01:00:51.087	0.97898	0.97898			6
2024.06.03	01:00:51.117	0.97895	0.97895			6
2024.06.03	01:00:53.302	0.97896	0.97896			6
2024.06.03	01:00:55.736	0.97897	0.97897			6
2024.06.03	01:01:00.603	0.97899	0.97899			6
2024.06.03	01:01:01.113	0.97900	0.97900			6
2024.06.03	01:01:03.266	0.97901	0.97901			6
2024.06.03	01:01:03.326	0.97902	0.97902			6
2024.06.03	01:01:03.386	0.97901	0.97901			6
2024.06.03	01:01:03.415	0.97900	0.97900			6
2024.06.03	01:01:05.921	0.97902	0.97902			6
2024.06.03	01:01:05.980	0.97904	0.97904			6
2024.06.03	01:01:06.010	0.97906	0.97906			6
2024.06.03	01:01:06.071	0.97907	0.97907			6
2024.06.03	01:01:08.212	0.97906	0.97906			6
2024.06.03	01:01:11.581	0.97910	0.97910			6
2024.06.03	01:01:11.610	0.97909	0.97909			6
2024.06.03	01:01:11.870	0.97908	0.97908			6
2024.06.03	01:01:13.453	0.97911	0.97911			6
2024.06.03	01:01:13.513	0.97913	0.97913			6
2024.06.03	01:01:13.574	0.97914	0.97914			6
2024.06.03	01:01:13.769	0.97910	0.97910			6
2024.06.03	01:01:13.799	0.97905	0.97905			6
2024.06.03	01:01:13.830	0.97903	0.97903			6
2024.06.03	01:01:13.859	0.97901	0.97901			6
2024.06.03	01:01:13.918	0.97900	0.97900			6
2024.06.03	01:01:13.949	0.97899	0.97899			6
2024.06.03	01:01:13.979	0.97898	0.97898			6
2024.06.03	01:01:20.869	0.97899	0.97899			6
2024.06.03	01:01:20.989	0.97898	0.97898			6
2024.06.03	01:01:21.110	0.97899	0.97899			6
2024.06.03	01:01:21.144	0.97897	0.97897			6
2024.06.03	01:01:21.170	0.97896	0.97896			6
2024.06.03	01:01:21.230	0.97897	0.97897			6
2024.06.03	01:01:21.411	0.97898	0.97898			6
2024.06.03	01:01:23.616	0.97899	0.97899			6
2024.06.03	01:01:29.797	0.97898	0.97898			6
2024.06.03	01:01:37.046	0.97899	0.97899			6
2024.06.03	01:01:37.201	0.97898	0.97898			6
2024.06.03	01:01:40.763	0.97896	0.97896			6
2024.06.03	01:01:40.794	0.97898	0.97898			6
2024.06.03	01:01:40.823	0.97897	0.97897			6
2024.06.03	01:01:41.267	0.97896	0.97896			6
2024.06.03	01:01:41.327	0.97897	0.97897			6
2024.06.03	01:01:41.418	0.97898	0.97898			6
2024.06.03	01:01:45.408	0.97897	0.97897			6
2024.06.03	01:01:47.386	0.97898	0.97898			6
2024.06.03	01:02:02.242	0.97897	0.97897			6
2024.06.03	01:02:21.328	0.97896	0.97896			6
2024.06.03	01:02:21.389	0.97897	0.97897			6
2024.06.03	01:02:21.478	0.97896	0.97896			6
2024.06.03	01:02:21.510	0.97893	0.97893			6
2024.06.03	01:02:21.539	0.97895	0.97895			6
2024.06.03	01:02:21.821	0.97893	0.97893			6
2024.06.03	01:02:22.484	0.97894	0.97894			6
2024.06.03	01:02:23.383	0.97896	0.97896			6
2024.06.03	01:02:23.413	0.97895	0.97895			6
2024.06.03	01:02:26.504	0.97896	0.97896			6
2024.06.03	01:02:27.108	0.97895	0.97895			6
2024.06.03	01:02:38.698	0.97893	0.97893			6
2024.06.03	01:02:41.813	0.97894	0.97894			6
2024.06.03	01:02:42.993	0.97895	0.97895			6
2024.06.03	01:02:43.023	0.97898	0.97898			6
2024.06.03	01:02:44.792	0.97897	0.97897			6
2024.06.03	01:02:44.822	0.97896	0.97896			6
2024.06.03	01:02:50.502	0.97897	0.97897			6
2024.06.03	01:02:52.610	0.97898	0.97898			6
2024.06.03	01:02:54.551	0.97900	0.97900			6
2024.06.03	01:02:54.580	0.97902	0.97902			6
2024.06.03	01:02:54.611	0.97901	0.97901			6
2024.06.03	01:02:54.639	0.97903	0.97903			6
2024.06.03	01:02:54.669	0.97904	0.97904			6
2024.06.03	01:02:54.821	0.97900	0.97900			6
2024.06.03	01:02:54.852	0.97898	0.97898			6
2024.06.03	01:02:54.911	0.97899	0.97899			6
2024.06.03	01:02:55.001	0.97901	0.97901			6
2024.06.03	01:02:55.094	0.97900	0.97900			6
2024.06.03	01:02:55.848	0.97901	0.97901			6
2024.06.03	01:02:56.025	0.97900	0.97900			6
2024.06.03	01:02:56.056	0.97899	0.97899			6
2024.06.03	01:02:56.735	0.97901	0.97901			6
2024.06.03	01:02:56.825	0.97902	0.97902			6
2024.06.03	01:02:57.247	0.97901	0.97901			6
2024.06.03	01:02:57.579	0.97902	0.97902			6
2024.06.03	01:02:57.759	0.97903	0.97903			6
2024.06.03	01:02:57.880	0.97902	0.97902			6
2024.06.03	01:03:01.669	0.97902				2
2024.06.03	01:03:02.059	0.97903	0.97903			6
2024.06.03	01:03:02.089	0.97904	0.97904			6
2024.06.03	01:03:03.489	0.97902	0.97902			6
2024.06.03	01:03:04.199	0.97903	0.97903			6
2024.06.03	01:03:05.415	0.97902	0.97902			6
2024.06.03	01:03:05.836	0.97901	0.97901			6
2024.06.03	01:03:05.865	0.97904	0.97904			6
2024.06.03	01:03:06.137	0.97903	0.97903			6
2024.06.03	01:03:07.737	0.97902	0.97902			6
2024.06.03	01:03:08.008	0.97903	0.97903			6
2024.06.03	01:03:08.281	0.97905	0.97905			6
2024.06.03	01:03:08.672	0.97903	0.97903			6
2024.06.03	01:03:08.702	0.97902	0.97902			6
2024.06.03	01:03:10.865	0.97903	0.97903			6
2024.06.03	01:03:23.803	0.97904	0.97904			6
2024.06.03	01:03:27.019	0.97905	0.97905			6
2024.06.03	01:03:27.049	0.97906	0.97906			6
2024.06.03	01:03:27.443	0.97907	0.97907			6
2024.06.03	01:03:29.807	0.97906	0.97906			6
2024.06.03	01:03:30.078	0.97907	0.97907			6
2024.06.03	01:03:30.137	0.97906	0.97906			6
2024.06.03	01:03:30.497	0.97905	0.97905			6
2024.06.03	01:03:35.078	0.97904	0.97904			6
2024.06.03	01:03:42.788	0.97905	0.97905			6
2024.06.03	01:03:49.189	0.97906	0.97906			6
2024.06.03	01:03:49.281	0.97905	0.97905			6
2024.06.03	01:03:49.312	0.97906	0.97906			6
2024.06.03	01:03:49.341	0.97905	0.97905			6
2024.06.03	01:03:49.401	0.97906	0.97906			6
2024.06.03	01:03:49.614	0.97907	0.97907			6
2024.06.03	01:04:01.919	0.97907				2
2024.06.03	01:04:07.990	0.97906	0.97906			6
2024.06.03	01:04:08.504	0.97905	0.97905			6
2024.06.03	01:04:08.818	0.97904	0.97904			6
2024.06.03	01:04:18.267	0.97905	0.97905			6
2024.06.03	01:04:20.940	0.97906	0.97906			6
2024.06.03	01:04:21.179	0.97905	0.97905			6
2024.06.03	01:04:26.298	0.97906	0.97906			6
2024.06.03	01:04:33.691	0.97905	0.97905			6
2024.06.03	01:04:39.016	0.97907	0.97907			6
2024.06.03	01:04:43.490	0.97906	0.97906			6
2024.06.03	01:05:00.388	0.97905	0.97905			6
2024.06.03	01:05:00.725	0.97906	0.97906			6
2024.06.03	01:05:01.066	0.97905	0.97905			6
2024.06.03	01:05:02.698	0.97904	0.97904			6
2024.06.03	01:05:02.729	0.97902	0.97902			6
2024.06.03	01:05:02.759	0.97904	0.97904			6
2024.06.03	01:05:02.818	0.97905	0.97905			6
2024.06.03	01:05:04.668	0.97902	0.97902			6
2024.06.03	01:05:04.698	0.97904	0.97904			6
2024.06.03	01:05:04.728	0.97905	0.97905			6
2024.06.03	01:05:05.150	0.97904	0.97904			6
2024.06.03	01:05:05.420	0.97902	0.97902			6
2024.06.03	01:05:05.450	0.97900	0.97900			6
2024.06.03	01:05:05.811	0.97901	0.97901			6
2024.06.03	01:05:10.467	0.97900	0.97900			6
2024.06.03	01:05:13.047	0.97901	0.97901			6
2024.06.03	01:05:36.313	0.97900	0.97900			6
2024.06.03	01:05:41.862	0.97901	0.97901			6
2024.06.03	01:05:58.743	0.97898	0.97898			6
2024.06.03	01:06:00.906	0.97898				2
2024.06.03	01:06:23.720	0.97895	0.97895			6
2024.06.03	01:06:23.750	0.97894	0.97894			6
2024.06.03	01:06:23.810	0.97893	0.97893			6
2024.06.03	01:06:24.026	0.97892	0.97892			6
2024.06.03	01:06:41.843	0.97893	0.97893			6
2024.06.03	01:06:41.933	0.97892	0.97892			6
2024.06.03	01:06:42.493	0.97894	0.97894			6
2024.06.03	01:06:42.613	0.97895	0.97895			6
2024.06.03	01:06:42.953	0.97894	0.97894			6
2024.06.03	01:06:43.295	0.97893	0.97893			6
2024.06.03	01:06:48.707	0.97894	0.97894			6
2024.06.03	01:06:55.347	0.97899	0.97899			6
2024.06.03	01:06:55.777	0.97898	0.97898			6
2024.06.03	01:07:07.999	0.97898				2
2024.06.03	01:07:11.011	0.97897	0.97897			6
2024.06.03	01:07:25.625	0.97896	0.97896			6
2024.06.03	01:07:26.618	0.97897	0.97897			6
2024.06.03	01:07:35.572	0.97896	0.97896			6
2024.06.03	01:07:38.017	0.97897	0.97897			6
2024.06.03	01:07:39.724	0.97898	0.97898			6
2024.06.03	01:07:47.521	0.97897	0.97897			6
2024.06.03	01:07:55.021	0.97898	0.97898			6
2024.06.03	01:07:55.609	0.97897	0.97897			6
2024.06.03	01:07:56.019	0.97898	0.97898			6
2024.06.03	01:07:56.201	0.97897	0.97897			6
2024.06.03	01:08:14.483	0.97896	0.97896			6
2024.06.03	01:08:19.926	0.97897	0.97897			6
2024.06.03	01:08:28.326	0.97898	0.97898			6
2024.06.03	01:08:31.641	0.97897	0.97897			6
2024.06.03	01:08:33.706	0.97898	0.97898			6
2024.06.03	01:08:51.995	0.97899	0.97899			6
2024.06.03	01:08:52.397	0.97900	0.97900			6
2024.06.03	01:08:53.227	0.97899	0.97899			6
2024.06.03	01:08:53.257	0.97900	0.97900			6
2024.06.03	01:09:07.407	0.97898	0.97898			6
2024.06.03	01:09:08.748	0.97897	0.97897			6
2024.06.03	01:09:11.556	0.97898	0.97898			6
2024.06.03	01:09:28.090	0.97897	0.97897			6
2024.06.03	01:09:30.830	0.97898	0.97898			6
2024.06.03	01:09:30.861	0.97899	0.97899			6
2024.06.03	01:09:44.837	0.97900	0.97900			6
2024.06.03	01:09:46.921	0.97898	0.97898			6
2024.06.03	01:09:47.568	0.97899	0.97899			6
2024.06.03	01:10:00.992	0.97898	0.97898			6
2024.06.03	01:10:02.978	0.97899	0.97899			6
2024.06.03	01:10:03.724	0.97900	0.97900			6
2024.06.03	01:10:07.676	0.97899	0.97899			6
2024.06.03	01:10:08.307	0.97898	0.97898			6
2024.06.03	01:10:10.073	0.97901	0.97901			6
2024.06.03	01:10:10.104	0.97902	0.97902			6
2024.06.03	01:10:10.324	0.97899	0.97899			6
2024.06.03	01:10:10.354	0.97898	0.97898			6
2024.06.03	01:10:10.888	0.97899	0.97899			6
2024.06.03	01:10:14.084	0.97898	0.97898			6
2024.06.03	01:10:24.309	0.97894	0.97894			6
2024.06.03	01:10:24.554	0.97893	0.97893			6
2024.06.03	01:10:24.864	0.97894	0.97894			6
2024.06.03	01:10:26.131	0.97896	0.97896			6
2024.06.03	01:10:26.160	0.97897	0.97897			6
2024.06.03	01:10:26.628	0.97898	0.97898			6
2024.06.03	01:10:26.946	0.97897	0.97897			6
2024.06.03	01:10:29.480	0.97898	0.97898			6
2024.06.03	01:10:29.755	0.97897	0.97897			6
2024.06.03	01:10:30.721	0.97898	0.97898			6
2024.06.03	01:10:35.313	0.97900	0.97900			6
2024.06.03	01:10:35.373	0.97901	0.97901			6
2024.06.03	01:10:35.698	0.97902	0.97902			6
2024.06.03	01:10:35.757	0.97901	0.97901			6
2024.06.03	01:10:36.057	0.97900	0.97900			6
2024.06.03	01:10:41.297	0.97897	0.97897			6
2024.06.03	01:10:41.388	0.97895	0.97895			6
2024.06.03	01:10:52.985	0.97896	0.97896			6
2024.06.03	01:10:53.325	0.97897	0.97897			6
2024.06.03	01:10:58.311	0.97895	0.97895			6
2024.06.03	01:11:01.009	0.97895				2
2024.06.03	01:11:02.263	0.97894	0.97894			6
2024.06.03	01:11:03.318	0.97895	0.97895			6
2024.06.03	01:11:03.378	0.97897	0.97897			6
2024.06.03	01:11:07.626	0.97898	0.97898			6
2024.06.03	01:11:07.988	0.97897	0.97897			6
2024.06.03	01:11:08.511	0.97898	0.97898			6
2024.06.03	01:11:08.683	0.97897	0.97897			6
2024.06.03	01:11:14.026	0.97896	0.97896			6
2024.06.03	01:11:14.332	0.97894	0.97894			6
2024.06.03	01:11:28.870	0.97896	0.97896			6
2024.06.03	01:11:28.930	0.97897	0.97897			6
2024.06.03	01:11:46.551	0.97896	0.97896			6
2024.06.03	01:11:46.670	0.97897	0.97897			6
2024.06.03	01:11:48.310	0.97896	0.97896			6
2024.06.03	01:11:50.932	0.97897	0.97897			6
2024.06.03	01:11:50.964	0.97900	0.97900			6
2024.06.03	01:11:51.082	0.97898	0.97898			6
2024.06.03	01:11:52.553	0.97899	0.97899			6
2024.06.03	01:11:52.943	0.97898	0.97898			6
2024.06.03	01:11:53.274	0.97899	0.97899			6
2024.06.03	01:12:04.334	0.97898	0.97898			6
2024.06.03	01:12:05.095	0.97900	0.97900			6
2024.06.03	01:12:05.216	0.97902	0.97902			6
2024.06.03	01:12:10.914	0.97901	0.97901			6
2024.06.03	01:12:16.315	0.97903	0.97903			6
2024.06.03	01:12:21.297	0.97900	0.97900			6
2024.06.03	01:12:21.357	0.97903	0.97903			6
2024.06.03	01:12:21.416	0.97902	0.97902			6
2024.06.03	01:12:26.952	0.97903	0.97903			6
2024.06.03	01:12:38.296	0.97899	0.97899			6
2024.06.03	01:12:40.021	0.97898	0.97898			6
2024.06.03	01:12:54.312	0.97896	0.97896			6
2024.06.03	01:12:54.642	0.97894	0.97894			6
2024.06.03	01:12:54.672	0.97895	0.97895			6
2024.06.03	01:12:54.702	0.97894	0.97894			6
2024.06.03	01:12:55.063	0.97896	0.97896			6
2024.06.03	01:12:55.124	0.97897	0.97897			6
2024.06.03	01:12:55.153	0.97898	0.97898			6
2024.06.03	01:12:56.234	0.97899	0.97899			6
2024.06.03	01:12:59.329	0.97900	0.97900			6
2024.06.03	01:13:00.060	0.97899	0.97899			6
2024.06.03	01:13:02.404	0.97900	0.97900			6
2024.06.03	01:13:06.542	0.97901	0.97901			6
2024.06.03	01:13:07.309	0.97902	0.97902			6
2024.06.03	01:13:11.329	0.97901	0.97901			6
2024.06.03	01:13:13.099	0.97903	0.97903			6
2024.06.03	01:13:13.279	0.97904	0.97904			6
2024.06.03	01:13:14.091	0.97903	0.97903			6
2024.06.03	01:13:15.713	0.97900	0.97900			6
2024.06.03	01:13:18.188	0.97902	0.97902			6
2024.06.03	01:13:18.818	0.97903	0.97903			6
2024.06.03	01:13:24.810	0.97906	0.97906			6
2024.06.03	01:13:28.312	0.97901	0.97901			6
2024.06.03	01:13:28.371	0.97900	0.97900			6
2024.06.03	01:13:28.491	0.97898	0.97898			6
2024.06.03	01:13:29.786	0.97900	0.97900			6
2024.06.03	01:13:30.151	0.97899	0.97899			6
2024.06.03	01:13:31.037	0.97900	0.97900			6
2024.06.03	01:13:32.653	0.97898	0.97898			6
2024.06.03	01:13:33.813	0.97899	0.97899			6
2024.06.03	01:13:34.829	0.97900	0.97900			6
2024.06.03	01:13:38.961	0.97901	0.97901			6
2024.06.03	01:13:39.439	0.97898	0.97898			6
2024.06.03	01:13:39.470	0.97899	0.97899			6
2024.06.03	01:13:40.897	0.97900	0.97900			6
2024.06.03	01:13:44.324	0.97898	0.97898			6
2024.06.03	01:13:46.594	0.97904	0.97904			6
2024.06.03	01:13:46.624	0.97903	0.97903			6
2024.06.03	01:13:46.654	0.97904	0.97904			6
2024.06.03	01:13:55.688	0.97905	0.97905			6
2024.06.03	01:13:57.571	0.97903	0.97903			6
2024.06.03	01:13:57.900	0.97904	0.97904			6
2024.06.03	01:13:58.609	0.97903	0.97903			6
2024.06.03	01:13:59.095	0.97904	0.97904			6
2024.06.03	01:14:00.865	0.97904				2
2024.06.03	01:14:01.154	0.97905	0.97905			6
2024.06.03	01:14:01.304	0.97903	0.97903			6
2024.06.03	01:14:01.586	0.97902	0.97902			6
2024.06.03	01:14:01.831	0.97901	0.97901			6
2024.06.03	01:14:07.785	0.97902	0.97902			6
2024.06.03	01:14:09.294	0.97901	0.97901			6
2024.06.03	01:14:11.224	0.97903	0.97903			6
2024.06.03	01:14:12.296	0.97900	0.97900			6
2024.06.03	01:14:12.780	0.97901	0.97901			6
2024.06.03	01:14:18.798	0.97899	0.97899			6
2024.06.03	01:14:19.578	0.97895	0.97895			6
2024.06.03	01:14:20.781	0.97896	0.97896			6
2024.06.03	01:14:21.136	0.97895	0.97895			6
2024.06.03	01:14:22.302	0.97896	0.97896			6
2024.06.03	01:14:22.633	0.97895	0.97895			6
2024.06.03	01:14:23.357	0.97896	0.97896			6
2024.06.03	01:14:25.903	0.97897	0.97897			6
2024.06.03	01:14:32.742	0.97896	0.97896			6
2024.06.03	01:14:34.308	0.97895	0.97895			6
2024.06.03	01:14:35.540	0.97896	0.97896			6
2024.06.03	01:14:37.489	0.97892	0.97892			6
2024.06.03	01:14:51.308	0.97893	0.97893			6
2024.06.03	01:14:52.309	0.97894	0.97894			6
2024.06.03	01:14:52.985	0.97893	0.97893			6
2024.06.03	01:14:53.015	0.97894	0.97894			6
2024.06.03	01:14:53.837	0.97895	0.97895			6
2024.06.03	01:15:00.428	0.97895				2
2024.06.03	01:15:03.907	0.97896	0.97896			6
2024.06.03	01:15:05.275	0.97895	0.97895			6
2024.06.03	01:15:07.018	0.97896	0.97896			6
2024.06.03	01:15:07.355	0.97895	0.97895			6
2024.06.03	01:15:07.868	0.97896	0.97896			6
2024.06.03	01:15:08.326	0.97895	0.97895			6
2024.06.03	01:15:08.354	0.97893	0.97893			6
2024.06.03	01:15:09.325	0.97892	0.97892			6
2024.06.03	01:15:09.596	0.97893	0.97893			6
2024.06.03	01:15:10.589	0.97892	0.97892			6
2024.06.03	01:15:11.890	0.97891	0.97891			6
2024.06.03	01:15:12.676	0.97892	0.97892			6
2024.06.03	01:15:13.709	0.97893	0.97893			6
2024.06.03	01:15:14.497	0.97891	0.97891			6
2024.06.03	01:15:14.747	0.97892	0.97892			6
2024.06.03	01:15:15.196	0.97893	0.97893			6
2024.06.03	01:15:15.796	0.97892	0.97892			6
2024.06.03	01:15:19.008	0.97895	0.97895			6
2024.06.03	01:15:19.039	0.97896	0.97896			6
2024.06.03	01:15:19.068	0.97897	0.97897			6
2024.06.03	01:15:19.098	0.97898	0.97898			6
2024.06.03	01:15:19.369	0.97897	0.97897			6
2024.06.03	01:15:20.034	0.97898	0.97898			6
2024.06.03	01:15:20.347	0.97897	0.97897			6
2024.06.03	01:15:21.263	0.97898	0.97898			6
2024.06.03	01:15:23.633	0.97897	0.97897			6
2024.06.03	01:15:24.309	0.97895	0.97895			6
2024.06.03	01:15:24.639	0.97894	0.97894			6
2024.06.03	01:15:24.911	0.97895	0.97895			6
2024.06.03	01:15:26.134	0.97893	0.97893			6
2024.06.03	01:15:26.526	0.97894	0.97894			6
2024.06.03	01:15:26.707	0.97893	0.97893			6
2024.06.03	01:15:26.766	0.97894	0.97894			6
2024.06.03	01:15:41.287	0.97893	0.97893			6
2024.06.03	01:15:41.318	0.97892	0.97892			6
2024.06.03	01:15:43.349	0.97891	0.97891			6
2024.06.03	01:15:50.266	0.97892	0.97892			6
2024.06.03	01:15:56.918	0.97891	0.97891			6
2024.06.03	01:15:58.306	0.97890	0.97890			6
2024.06.03	01:15:58.551	0.97888	0.97888			6
2024.06.03	01:15:58.613	0.97887	0.97887			6
2024.06.03	01:16:00.165	0.97886	0.97886			6
2024.06.03	01:16:00.404	0.97885	0.97885			6
2024.06.03	01:16:00.675	0.97886	0.97886			6
2024.06.03	01:16:01.155	0.97885	0.97885			6
2024.06.03	01:16:01.277	0.97888	0.97888			6
2024.06.03	01:16:03.231	0.97890	0.97890			6
2024.06.03	01:16:03.350	0.97889	0.97889			6
2024.06.03	01:16:04.261	0.97890	0.97890			6
2024.06.03	01:16:14.296	0.97887	0.97887			6
2024.06.03	01:16:14.818	0.97886	0.97886			6
2024.06.03	01:16:24.135	0.97887	0.97887			6
2024.06.03	01:16:31.485	0.97886	0.97886			6
2024.06.03	01:16:32.837	0.97885	0.97885			6
2024.06.03	01:16:33.421	0.97886	0.97886			6
2024.06.03	01:16:35.807	0.97885	0.97885			6
2024.06.03	01:16:37.013	0.97886	0.97886			6
2024.06.03	01:16:38.815	0.97885	0.97885			6
2024.06.03	01:16:40.023	0.97886	0.97886			6
2024.06.03	01:16:41.824	0.97885	0.97885			6
2024.06.03	01:16:49.075	0.97886	0.97886			6
2024.06.03	01:16:53.828	0.97885	0.97885			6
2024.06.03	01:16:54.488	0.97886	0.97886			6
2024.06.03	01:17:03.137	0.97886				2
2024.06.03	01:17:04.311	0.97884	0.97884			6
2024.06.03	01:17:07.504	0.97882	0.97882			6
2024.06.03	01:17:07.742	0.97883	0.97883			6
2024.06.03	01:17:08.826	0.97882	0.97882			6
2024.06.03	01:17:09.318	0.97883	0.97883			6
2024.06.03	01:17:09.720	0.97881	0.97881			6
2024.06.03	01:17:10.020	0.97882	0.97882			6
2024.06.03	01:17:10.379	0.97881	0.97881			6
2024.06.03	01:17:11.280	0.97882	0.97882			6
2024.06.03	01:17:11.310	0.97885	0.97885			6
2024.06.03	01:17:11.339	0.97886	0.97886			6
2024.06.03	01:17:12.150	0.97885	0.97885			6
2024.06.03	01:17:13.157	0.97888	0.97888			6
2024.06.03	01:17:13.186	0.97890	0.97890			6
2024.06.03	01:17:13.337	0.97891	0.97891			6
2024.06.03	01:17:13.489	0.97889	0.97889			6
2024.06.03	01:17:14.826	0.97890	0.97890			6
2024.06.03	01:17:16.549	0.97894	0.97894			6
2024.06.03	01:17:16.580	0.97897	0.97897			6
2024.06.03	01:17:16.609	0.97898	0.97898			6
2024.06.03	01:17:16.639	0.97900	0.97900			6
2024.06.03	01:17:16.729	0.97903	0.97903			6
2024.06.03	01:17:16.850	0.97902	0.97902			6
2024.06.03	01:17:17.154	0.97903	0.97903			6
2024.06.03	01:17:20.121	0.97901	0.97901			6
2024.06.03	01:17:21.012	0.97900	0.97900			6
2024.06.03	01:17:21.072	0.97901	0.97901			6
2024.06.03	01:17:22.976	0.97899	0.97899			6
2024.06.03	01:17:23.487	0.97898	0.97898			6
2024.06.03	01:17:25.576	0.97899	0.97899			6
2024.06.03	01:17:29.007	0.97900	0.97900			6
2024.06.03	01:17:30.132	0.97899	0.97899			6
2024.06.03	01:17:35.828	0.97900	0.97900			6
2024.06.03	01:17:38.328	0.97899	0.97899			6
2024.06.03	01:17:38.807	0.97898	0.97898			6
2024.06.03	01:17:38.836	0.97899	0.97899			6
2024.06.03	01:17:39.326	0.97898	0.97898			6
2024.06.03	01:17:47.042	0.97899	0.97899			6
2024.06.03	01:17:54.322	0.97898	0.97898			6
2024.06.03	01:17:54.614	0.97899	0.97899			6
2024.06.03	01:17:55.508	0.97897	0.97897			6
2024.06.03	01:18:00.446	0.97897				2
2024.06.03	01:18:01.077	0.97896	0.97896			6
2024.06.03	01:18:01.167	0.97895	0.97895			6
2024.06.03	01:18:01.927	0.97896	0.97896			6
2024.06.03	01:18:10.309	0.97895	0.97895			6
2024.06.03	01:18:10.460	0.97896	0.97896			6
2024.06.03	01:18:11.156	0.97897	0.97897			6
2024.06.03	01:18:11.308	0.97896	0.97896			6
2024.06.03	01:18:11.549	0.97895	0.97895			6
2024.06.03	01:18:15.798	0.97894	0.97894			6
2024.06.03	01:18:17.556	0.97895	0.97895			6
2024.06.03	01:18:18.706	0.97894	0.97894			6
2024.06.03	01:18:20.213	0.97895	0.97895			6
2024.06.03	01:18:21.250	0.97894	0.97894			6
2024.06.03	01:18:23.508	0.97895	0.97895			6
2024.06.03	01:18:28.318	0.97894	0.97894			6
2024.06.03	01:18:28.469	0.97891	0.97891			6
2024.06.03	01:18:44.908	0.97889	0.97889			6
2024.06.03	01:18:46.006	0.97891	0.97891			6
2024.06.03	01:18:58.338	0.97893	0.97893			6
2024.06.03	01:18:58.518	0.97894	0.97894			6
2024.06.03	01:18:58.905	0.97895	0.97895			6
2024.06.03	01:18:58.996	0.97894	0.97894			6
2024.06.03	01:19:00.055	0.97894				2
2024.06.03	01:19:01.325	0.97893	0.97893			6
2024.06.03	01:19:01.356	0.97894	0.97894			6
2024.06.03	01:19:01.916	0.97895	0.97895			6
2024.06.03	01:19:03.317	0.97894	0.97894			6
2024.06.03	01:19:08.466	0.97893	0.97893			6
2024.06.03	01:19:18.296	0.97892	0.97892			6
2024.06.03	01:19:21.061	0.97894	0.97894			6
2024.06.03	01:19:21.864	0.97891	0.97891			6
2024.06.03	01:19:25.681	0.97890	0.97890			6
2024.06.03	01:19:26.377	0.97891	0.97891			6
2024.06.03	01:19:28.179	0.97890	0.97890			6
2024.06.03	01:19:28.390	0.97893	0.97893			6
2024.06.03	01:19:28.512	0.97894	0.97894			6
2024.06.03	01:19:28.697	0.97893	0.97893			6
2024.06.03	01:19:28.938	0.97892	0.97892			6
2024.06.03	01:19:32.793	0.97891	0.97891			6
2024.06.03	01:19:33.430	0.97892	0.97892			6
2024.06.03	01:19:33.868	0.97891	0.97891			6
2024.06.03	01:19:34.609	0.97892	0.97892			6
2024.06.03	01:19:35.324	0.97891	0.97891			6
2024.06.03	01:19:37.676	0.97890	0.97890			6
2024.06.03	01:19:38.085	0.97888	0.97888			6
2024.06.03	01:19:38.953	0.97887	0.97887			6
2024.06.03	01:19:39.710	0.97888	0.97888			6
2024.06.03	01:19:40.566	0.97887	0.97887			6
2024.06.03	01:19:40.597	0.97889	0.97889			6
2024.06.03	01:19:41.637	0.97890	0.97890			6
2024.06.03	01:19:43.436	0.97891	0.97891			6
2024.06.03	01:19:43.975	0.97890	0.97890			6
2024.06.03	01:19:44.428	0.97891	0.97891			6
2024.06.03	01:19:45.011	0.97890	0.97890			6
2024.06.03	01:19:48.103	0.97892	0.97892			6
2024.06.03	01:19:51.319	0.97889	0.97889			6
2024.06.03	01:19:51.684	0.97890	0.97890			6
2024.06.03	01:19:51.745	0.97889	0.97889			6
