<DATE>	<TIME>	<BID>	<ASK>	<LAST>	<VOLUME>	<FLAGS>
2024.01.23	00:00:02.248	0.94576	0.94576			6
2024.01.23	00:00:03.480	0.94572	0.94572			6
2024.01.23	00:00:03.812	0.94573	0.94573			6
2024.01.23	00:00:03.938	0.94572	0.94572			6
2024.01.23	00:00:03.991	0.94571	0.94571			6
2024.01.23	00:00:38.009	0.94581	0.94581			6
2024.01.23	00:01:01.562	0.94578	0.94578			6
2024.01.23	00:01:01.591	0.94583	0.94583			6
2024.01.23	00:02:20.304	0.94583	0.94583			6
2024.01.23	00:03:20.621	0.94576	0.94576			6
2024.01.23	00:03:21.338	0.94583	0.94583			6
2024.01.23	00:03:24.040	0.94576	0.94576			6
2024.01.23	00:03:24.780	0.94583	0.94583			6
2024.01.23	00:04:04.599	0.94581	0.94581			6
2024.01.23	00:05:00.075	0.94583	0.94583			6
2024.01.23	00:05:25.519	0.94584	0.94584			6
2024.01.23	00:05:26.688	0.94583	0.94583			6
2024.01.23	00:05:33.309	0.94585	0.94585			6
2024.01.23	00:05:42.211	0.94584	0.94584			6
2024.01.23	00:05:43.630	0.94583	0.94583			6
2024.01.23	00:06:05.729	0.94581	0.94581			6
2024.01.23	00:06:05.787	0.94582	0.94582			6
2024.01.23	00:06:06.470	0.94583	0.94583			6
2024.01.23	00:06:07.338	0.94582	0.94582			6
2024.01.23	00:06:08.869	0.94583	0.94583			6
2024.01.23	00:06:09.139	0.94582	0.94582			6
2024.01.23	00:06:09.877	0.94583	0.94583			6
2024.01.23	00:06:19.541	0.94584	0.94584			6
2024.01.23	00:06:20.287	0.94583	0.94583			6
2024.01.23	00:06:20.390	0.94584	0.94584			6
2024.01.23	00:06:21.139	0.94583	0.94583			6
2024.01.23	00:06:25.399	0.94586	0.94586			6
2024.01.23	00:06:51.409	0.94587	0.94587			6
2024.01.23	00:07:44.518	0.94588	0.94588			6
2024.01.23	00:07:48.821	0.94590	0.94590			6
2024.01.23	00:07:48.853	0.94591	0.94591			6
2024.01.23	00:08:07.000	0.94590	0.94590			6
2024.01.23	00:08:17.278	0.94591	0.94591			6
2024.01.23	00:08:38.746	0.94590	0.94590			6
2024.01.23	00:08:38.835	0.94591	0.94591			6
2024.01.23	00:09:08.727	0.94592	0.94592			6
2024.01.23	00:09:10.162	0.94593	0.94593			6
2024.01.23	00:09:14.096	0.94592	0.94592			6
2024.01.23	00:09:15.147	0.94591	0.94591			6
2024.01.23	00:09:15.207	0.94587	0.94587			6
2024.01.23	00:09:16.187	0.94588	0.94588			6
2024.01.23	00:09:16.218	0.94587	0.94587			6
2024.01.23	00:09:19.839	0.94588	0.94588			6
2024.01.23	00:09:19.898	0.94587	0.94587			6
2024.01.23	00:09:20.251	0.94586	0.94586			6
2024.01.23	00:09:20.280	0.94588	0.94588			6
2024.01.23	00:09:30.024	0.94587	0.94587			6
2024.01.23	00:09:30.054	0.94586	0.94586			6
2024.01.23	00:09:30.537	0.94585	0.94585			6
2024.01.23	00:09:38.158	0.94584	0.94584			6
2024.01.23	00:09:40.081	0.94585	0.94585			6
2024.01.23	00:09:40.142	0.94584	0.94584			6
2024.01.23	00:09:40.171	0.94586	0.94586			6
2024.01.23	00:09:40.231	0.94584	0.94584			6
2024.01.23	00:09:45.039	0.94586	0.94586			6
2024.01.23	00:09:45.098	0.94584	0.94584			6
2024.01.23	00:09:45.189	0.94585	0.94585			6
2024.01.23	00:09:45.957	0.94586	0.94586			6
2024.01.23	00:09:46.017	0.94585	0.94585			6
2024.01.23	00:09:50.271	0.94586	0.94586			6
2024.01.23	00:09:50.302	0.94585	0.94585			6
2024.01.23	00:09:50.333	0.94586	0.94586			6
2024.01.23	00:09:51.760	0.94585	0.94585			6
2024.01.23	00:10:00.519	0.94583	0.94583			6
2024.01.23	00:10:01.060	0.94584	0.94584			6
2024.01.23	00:10:08.808	0.94583	0.94583			6
2024.01.23	00:10:09.928	0.94582	0.94582			6
2024.01.23	00:10:13.212	0.94583	0.94583			6
2024.01.23	00:10:20.706	0.94582	0.94582			6
2024.01.23	00:10:30.837	0.94583	0.94583			6
2024.01.23	00:10:38.408	0.94585	0.94585			6
2024.01.23	00:10:38.439	0.94583	0.94583			6
2024.01.23	00:10:51.055	0.94581	0.94581			6
2024.01.23	00:10:51.115	0.94582	0.94582			6
2024.01.23	00:10:58.617	0.94581	0.94581			6
2024.01.23	00:10:58.676	0.94583	0.94583			6
2024.01.23	00:11:00.408	0.94582	0.94582			6
2024.01.23	00:11:01.305	0.94581	0.94581			6
2024.01.23	00:11:02.766	0.94582	0.94582			6
2024.01.23	00:11:11.410	0.94583	0.94583			6
2024.01.23	00:11:15.192	0.94582	0.94582			6
2024.01.23	00:11:16.307	0.94583	0.94583			6
2024.01.23	00:11:20.028	0.94582	0.94582			6
2024.01.23	00:11:21.216	0.94581	0.94581			6
2024.01.23	00:11:21.248	0.94582	0.94582			6
2024.01.23	00:11:24.645	0.94583	0.94583			6
2024.01.23	00:11:24.675	0.94582	0.94582			6
2024.01.23	00:11:25.557	0.94583	0.94583			6
2024.01.23	00:11:25.587	0.94582	0.94582			6
2024.01.23	00:11:26.557	0.94583	0.94583			6
2024.01.23	00:11:31.307	0.94584	0.94584			6
2024.01.23	00:11:32.588	0.94583	0.94583			6
2024.01.23	00:11:33.710	0.94584	0.94584			6
2024.01.23	00:11:38.839	0.94585	0.94585			6
2024.01.23	00:11:41.047	0.94586	0.94586			6
2024.01.23	00:11:41.537	0.94585	0.94585			6
2024.01.23	00:11:45.074	0.94584	0.94584			6
2024.01.23	00:11:46.727	0.94585	0.94585			6
2024.01.23	00:11:55.378	0.94584	0.94584			6
2024.01.23	00:11:57.908	0.94581	0.94581			6
2024.01.23	00:12:01.797	0.94587	0.94587			6
2024.01.23	00:12:01.857	0.94581	0.94581			6
2024.01.23	00:12:32.467	0.94584	0.94584			6
2024.01.23	00:12:47.687	0.94578	0.94578			6
2024.01.23	00:12:48.602	0.94580	0.94580			6
2024.01.23	00:12:48.632	0.94583	0.94583			6
2024.01.23	00:12:49.737	0.94586	0.94586			6
2024.01.23	00:13:00.320	0.94586				2
2024.01.23	00:13:10.269	0.94588	0.94588			6
2024.01.23	00:13:13.008	0.94589	0.94589			6
2024.01.23	00:13:14.427	0.94588	0.94588			6
2024.01.23	00:13:18.687	0.94600	0.94600			6
2024.01.23	00:13:21.908	0.94601	0.94601			6
2024.01.23	00:13:25.339	0.94603	0.94603			6
2024.01.23	00:13:26.887	0.94602	0.94602			6
2024.01.23	00:13:29.815	0.94600	0.94600			6
2024.01.23	00:13:38.919	0.94601	0.94601			6
2024.01.23	00:13:40.243	0.94600	0.94600			6
2024.01.23	00:13:41.058	0.94592	0.94592			6
2024.01.23	00:13:43.507	0.94589	0.94589			6
2024.01.23	00:13:44.323	0.94587	0.94587			6
2024.01.23	00:13:46.287	0.94588	0.94588			6
2024.01.23	00:13:46.318	0.94589	0.94589			6
2024.01.23	00:13:47.686	0.94590	0.94590			6
2024.01.23	00:13:51.058	0.94589	0.94589			6
2024.01.23	00:13:51.117	0.94592	0.94592			6
2024.01.23	00:13:51.147	0.94589	0.94589			6
2024.01.23	00:13:53.486	0.94590	0.94590			6
2024.01.23	00:13:53.647	0.94591	0.94591			6
2024.01.23	00:14:00.328	0.94592	0.94592			6
2024.01.23	00:14:13.878	0.94593	0.94593			6
2024.01.23	00:14:15.197	0.94592	0.94592			6
2024.01.23	00:14:21.198	0.94591	0.94591			6
2024.01.23	00:14:23.997	0.94592	0.94592			6
2024.01.23	00:14:24.088	0.94589	0.94589			6
2024.01.23	00:14:30.378	0.94592	0.94592			6
2024.01.23	00:14:34.066	0.94591	0.94591			6
2024.01.23	00:14:34.217	0.94592	0.94592			6
2024.01.23	00:14:36.474	0.94591	0.94591			6
2024.01.23	00:14:36.869	0.94596	0.94596			6
2024.01.23	00:14:40.616	0.94595	0.94595			6
2024.01.23	00:14:44.236	0.94596	0.94596			6
2024.01.23	00:14:47.191	0.94595	0.94595			6
2024.01.23	00:15:00.768	0.94592	0.94592			6
2024.01.23	00:15:01.506	0.94595	0.94595			6
2024.01.23	00:15:04.947	0.94596	0.94596			6
2024.01.23	00:15:07.608	0.94595	0.94595			6
2024.01.23	00:15:17.208	0.94599	0.94599			6
2024.01.23	00:15:17.297	0.94598	0.94598			6
2024.01.23	00:15:17.328	0.94599	0.94599			6
2024.01.23	00:15:17.359	0.94597	0.94597			6
2024.01.23	00:15:17.389	0.94599	0.94599			6
2024.01.23	00:15:17.418	0.94598	0.94598			6
2024.01.23	00:15:17.449	0.94599	0.94599			6
2024.01.23	00:15:17.479	0.94598	0.94598			6
2024.01.23	00:15:17.737	0.94599	0.94599			6
2024.01.23	00:15:17.770	0.94597	0.94597			6
2024.01.23	00:15:17.800	0.94598	0.94598			6
2024.01.23	00:15:17.830	0.94599	0.94599			6
2024.01.23	00:15:17.860	0.94598	0.94598			6
2024.01.23	00:15:17.981	0.94599	0.94599			6
2024.01.23	00:15:18.041	0.94597	0.94597			6
2024.01.23	00:15:18.071	0.94599	0.94599			6
2024.01.23	00:15:18.102	0.94598	0.94598			6
2024.01.23	00:15:18.292	0.94599	0.94599			6
2024.01.23	00:15:18.321	0.94597	0.94597			6
2024.01.23	00:15:18.351	0.94598	0.94598			6
2024.01.23	00:15:18.598	0.94599	0.94599			6
2024.01.23	00:15:18.637	0.94597	0.94597			6
2024.01.23	00:15:18.667	0.94598	0.94598			6
2024.01.23	00:15:18.727	0.94597	0.94597			6
2024.01.23	00:15:18.757	0.94598	0.94598			6
2024.01.23	00:15:18.788	0.94597	0.94597			6
2024.01.23	00:15:18.858	0.94598	0.94598			6
2024.01.23	00:15:18.887	0.94597	0.94597			6
2024.01.23	00:15:18.970	0.94599	0.94599			6
2024.01.23	00:15:19.035	0.94597	0.94597			6
2024.01.23	00:15:19.066	0.94598	0.94598			6
2024.01.23	00:15:19.126	0.94597	0.94597			6
2024.01.23	00:15:19.219	0.94598	0.94598			6
2024.01.23	00:15:19.287	0.94597	0.94597			6
2024.01.23	00:15:19.316	0.94598	0.94598			6
2024.01.23	00:15:19.376	0.94597	0.94597			6
2024.01.23	00:15:19.496	0.94598	0.94598			6
2024.01.23	00:15:19.537	0.94597	0.94597			6
2024.01.23	00:15:19.567	0.94598	0.94598			6
2024.01.23	00:15:19.605	0.94597	0.94597			6
2024.01.23	00:15:19.666	0.94598	0.94598			6
2024.01.23	00:15:19.736	0.94599	0.94599			6
2024.01.23	00:15:19.767	0.94597	0.94597			6
2024.01.23	00:15:19.926	0.94598	0.94598			6
2024.01.23	00:15:20.047	0.94597	0.94597			6
2024.01.23	00:15:20.137	0.94598	0.94598			6
2024.01.23	00:15:20.200	0.94597	0.94597			6
2024.01.23	00:15:20.230	0.94598	0.94598			6
2024.01.23	00:15:20.260	0.94597	0.94597			6
2024.01.23	00:15:20.322	0.94598	0.94598			6
2024.01.23	00:15:20.473	0.94597	0.94597			6
2024.01.23	00:15:20.622	0.94598	0.94598			6
2024.01.23	00:15:20.696	0.94597	0.94597			6
2024.01.23	00:15:20.726	0.94598	0.94598			6
2024.01.23	00:15:20.787	0.94597	0.94597			6
2024.01.23	00:15:20.816	0.94598	0.94598			6
2024.01.23	00:15:20.846	0.94597	0.94597			6
2024.01.23	00:15:20.884	0.94598	0.94598			6
2024.01.23	00:15:20.915	0.94597	0.94597			6
2024.01.23	00:15:21.034	0.94598	0.94598			6
2024.01.23	00:15:21.258	0.94597	0.94597			6
2024.01.23	00:15:21.288	0.94598	0.94598			6
2024.01.23	00:15:21.318	0.94597	0.94597			6
2024.01.23	00:15:21.445	0.94598	0.94598			6
2024.01.23	00:15:21.575	0.94597	0.94597			6
2024.01.23	00:15:21.688	0.94598	0.94598			6
2024.01.23	00:15:21.749	0.94597	0.94597			6
2024.01.23	00:15:21.779	0.94598	0.94598			6
2024.01.23	00:15:21.808	0.94597	0.94597			6
2024.01.23	00:15:21.900	0.94598	0.94598			6
2024.01.23	00:15:21.930	0.94597	0.94597			6
2024.01.23	00:15:22.357	0.94599	0.94599			6
2024.01.23	00:15:22.417	0.94597	0.94597			6
2024.01.23	00:15:22.477	0.94598	0.94598			6
2024.01.23	00:15:23.638	0.94597	0.94597			6
2024.01.23	00:15:24.516	0.94596	0.94596			6
2024.01.23	00:15:24.546	0.94597	0.94597			6
2024.01.23	00:15:33.836	0.94596	0.94596			6
2024.01.23	00:15:33.866	0.94597	0.94597			6
2024.01.23	00:15:34.129	0.94598	0.94598			6
2024.01.23	00:15:34.159	0.94597	0.94597			6
2024.01.23	00:15:34.368	0.94598	0.94598			6
2024.01.23	00:15:34.398	0.94597	0.94597			6
2024.01.23	00:15:34.428	0.94596	0.94596			6
2024.01.23	00:15:34.458	0.94597	0.94597			6
2024.01.23	00:15:34.518	0.94598	0.94598			6
2024.01.23	00:15:34.549	0.94597	0.94597			6
2024.01.23	00:15:34.644	0.94598	0.94598			6
2024.01.23	00:15:34.704	0.94596	0.94596			6
2024.01.23	00:15:34.735	0.94597	0.94597			6
2024.01.23	00:15:34.764	0.94596	0.94596			6
2024.01.23	00:15:34.794	0.94597	0.94597			6
2024.01.23	00:15:34.824	0.94596	0.94596			6
2024.01.23	00:15:34.895	0.94597	0.94597			6
2024.01.23	00:15:34.992	0.94598	0.94598			6
2024.01.23	00:15:35.023	0.94596	0.94596			6
2024.01.23	00:15:35.053	0.94597	0.94597			6
2024.01.23	00:15:35.112	0.94596	0.94596			6
2024.01.23	00:15:35.143	0.94597	0.94597			6
2024.01.23	00:15:35.173	0.94596	0.94596			6
2024.01.23	00:15:35.203	0.94597	0.94597			6
2024.01.23	00:15:35.233	0.94596	0.94596			6
2024.01.23	00:15:35.323	0.94598	0.94598			6
2024.01.23	00:15:35.353	0.94597	0.94597			6
2024.01.23	00:15:35.383	0.94596	0.94596			6
2024.01.23	00:15:35.414	0.94597	0.94597			6
2024.01.23	00:15:35.474	0.94596	0.94596			6
2024.01.23	00:15:35.504	0.94597	0.94597			6
2024.01.23	00:15:35.676	0.94596	0.94596			6
2024.01.23	00:15:35.706	0.94597	0.94597			6
2024.01.23	00:15:35.796	0.94596	0.94596			6
2024.01.23	00:15:35.827	0.94597	0.94597			6
2024.01.23	00:15:35.887	0.94598	0.94598			6
2024.01.23	00:15:35.947	0.94597	0.94597			6
2024.01.23	00:15:35.978	0.94596	0.94596			6
2024.01.23	00:15:36.009	0.94597	0.94597			6
2024.01.23	00:15:36.039	0.94598	0.94598			6
2024.01.23	00:15:36.099	0.94596	0.94596			6
2024.01.23	00:15:36.130	0.94597	0.94597			6
2024.01.23	00:15:36.160	0.94596	0.94596			6
2024.01.23	00:15:36.251	0.94598	0.94598			6
2024.01.23	00:15:36.287	0.94597	0.94597			6
2024.01.23	00:15:36.316	0.94596	0.94596			6
2024.01.23	00:15:36.347	0.94598	0.94598			6
2024.01.23	00:15:36.376	0.94597	0.94597			6
2024.01.23	00:15:36.406	0.94596	0.94596			6
2024.01.23	00:15:36.436	0.94598	0.94598			6
2024.01.23	00:15:36.496	0.94596	0.94596			6
2024.01.23	00:15:36.527	0.94598	0.94598			6
2024.01.23	00:15:36.557	0.94597	0.94597			6
2024.01.23	00:15:36.647	0.94596	0.94596			6
2024.01.23	00:15:36.677	0.94598	0.94598			6
2024.01.23	00:15:36.826	0.94597	0.94597			6
2024.01.23	00:15:36.857	0.94596	0.94596			6
2024.01.23	00:15:36.887	0.94598	0.94598			6
2024.01.23	00:15:36.918	0.94597	0.94597			6
2024.01.23	00:15:36.948	0.94596	0.94596			6
2024.01.23	00:15:36.977	0.94598	0.94598			6
2024.01.23	00:15:37.008	0.94597	0.94597			6
2024.01.23	00:15:37.098	0.94596	0.94596			6
2024.01.23	00:15:37.127	0.94598	0.94598			6
2024.01.23	00:15:37.187	0.94597	0.94597			6
2024.01.23	00:15:37.217	0.94598	0.94598			6
2024.01.23	00:15:37.257	0.94596	0.94596			6
2024.01.23	00:15:37.318	0.94598	0.94598			6
2024.01.23	00:15:37.378	0.94597	0.94597			6
2024.01.23	00:15:37.407	0.94596	0.94596			6
2024.01.23	00:15:37.438	0.94598	0.94598			6
2024.01.23	00:15:37.467	0.94597	0.94597			6
2024.01.23	00:15:37.498	0.94596	0.94596			6
2024.01.23	00:15:37.527	0.94597	0.94597			6
2024.01.23	00:15:37.587	0.94598	0.94598			6
2024.01.23	00:15:37.636	0.94597	0.94597			6
2024.01.23	00:15:37.668	0.94598	0.94598			6
2024.01.23	00:15:37.707	0.94596	0.94596			6
2024.01.23	00:15:37.736	0.94597	0.94597			6
2024.01.23	00:15:37.766	0.94596	0.94596			6
2024.01.23	00:15:37.798	0.94598	0.94598			6
2024.01.23	00:15:37.826	0.94597	0.94597			6
2024.01.23	00:15:37.856	0.94596	0.94596			6
2024.01.23	00:15:37.885	0.94598	0.94598			6
2024.01.23	00:15:37.915	0.94597	0.94597			6
2024.01.23	00:15:38.039	0.94598	0.94598			6
2024.01.23	00:15:38.099	0.94597	0.94597			6
2024.01.23	00:15:38.129	0.94598	0.94598			6
2024.01.23	00:15:38.158	0.94596	0.94596			6
2024.01.23	00:15:38.227	0.94598	0.94598			6
2024.01.23	00:15:38.287	0.94597	0.94597			6
2024.01.23	00:15:38.317	0.94598	0.94598			6
2024.01.23	00:15:38.347	0.94597	0.94597			6
2024.01.23	00:15:38.376	0.94598	0.94598			6
2024.01.23	00:15:38.408	0.94597	0.94597			6
2024.01.23	00:15:38.438	0.94596	0.94596			6
2024.01.23	00:15:38.467	0.94597	0.94597			6
2024.01.23	00:15:38.498	0.94598	0.94598			6
2024.01.23	00:15:38.559	0.94597	0.94597			6
2024.01.23	00:15:38.686	0.94598	0.94598			6
2024.01.23	00:15:38.747	0.94597	0.94597			6
2024.01.23	00:15:38.777	0.94598	0.94598			6
2024.01.23	00:15:38.808	0.94597	0.94597			6
2024.01.23	00:15:38.937	0.94598	0.94598			6
2024.01.23	00:15:38.986	0.94597	0.94597			6
2024.01.23	00:15:39.016	0.94598	0.94598			6
2024.01.23	00:15:39.046	0.94597	0.94597			6
2024.01.23	00:15:39.139	0.94598	0.94598			6
2024.01.23	00:15:39.216	0.94597	0.94597			6
2024.01.23	00:15:39.336	0.94598	0.94598			6
2024.01.23	00:15:39.397	0.94597	0.94597			6
2024.01.23	00:15:39.426	0.94598	0.94598			6
2024.01.23	00:15:39.456	0.94597	0.94597			6
2024.01.23	00:15:39.487	0.94596	0.94596			6
2024.01.23	00:15:39.517	0.94598	0.94598			6
2024.01.23	00:15:39.548	0.94597	0.94597			6
2024.01.23	00:15:41.198	0.94598	0.94598			6
2024.01.23	00:15:41.241	0.94597	0.94597			6
2024.01.23	00:15:41.491	0.94598	0.94598			6
2024.01.23	00:15:41.551	0.94597	0.94597			6
2024.01.23	00:15:41.611	0.94596	0.94596			6
2024.01.23	00:15:41.640	0.94597	0.94597			6
2024.01.23	00:15:41.793	0.94598	0.94598			6
2024.01.23	00:15:41.857	0.94597	0.94597			6
2024.01.23	00:15:41.946	0.94596	0.94596			6
2024.01.23	00:15:41.976	0.94598	0.94598			6
2024.01.23	00:15:42.037	0.94597	0.94597			6
2024.01.23	00:15:42.106	0.94598	0.94598			6
2024.01.23	00:15:42.136	0.94597	0.94597			6
2024.01.23	00:15:42.196	0.94598	0.94598			6
2024.01.23	00:15:42.227	0.94597	0.94597			6
2024.01.23	00:15:42.496	0.94598	0.94598			6
2024.01.23	00:15:42.563	0.94597	0.94597			6
2024.01.23	00:15:43.688	0.94596	0.94596			6
2024.01.23	00:15:43.718	0.94597	0.94597			6
2024.01.23	00:15:43.778	0.94598	0.94598			6
2024.01.23	00:15:43.808	0.94597	0.94597			6
2024.01.23	00:15:43.958	0.94598	0.94598			6
2024.01.23	00:15:43.988	0.94597	0.94597			6
2024.01.23	00:15:45.790	0.94598	0.94598			6
2024.01.23	00:15:45.856	0.94596	0.94596			6
2024.01.23	00:15:45.886	0.94597	0.94597			6
2024.01.23	00:15:45.916	0.94596	0.94596			6
2024.01.23	00:15:45.946	0.94597	0.94597			6
2024.01.23	00:15:46.037	0.94598	0.94598			6
2024.01.23	00:15:46.067	0.94597	0.94597			6
2024.01.23	00:15:46.156	0.94596	0.94596			6
2024.01.23	00:15:46.188	0.94598	0.94598			6
2024.01.23	00:15:46.247	0.94596	0.94596			6
2024.01.23	00:15:46.276	0.94598	0.94598			6
2024.01.23	00:15:47.426	0.94597	0.94597			6
2024.01.23	00:15:47.620	0.94598	0.94598			6
2024.01.23	00:15:47.650	0.94597	0.94597			6
2024.01.23	00:15:47.832	0.94598	0.94598			6
2024.01.23	00:15:47.862	0.94597	0.94597			6
2024.01.23	00:15:47.921	0.94598	0.94598			6
2024.01.23	00:15:47.951	0.94597	0.94597			6
2024.01.23	00:15:48.140	0.94596	0.94596			6
2024.01.23	00:15:48.170	0.94597	0.94597			6
2024.01.23	00:15:49.640	0.94598	0.94598			6
2024.01.23	00:15:49.701	0.94596	0.94596			6
2024.01.23	00:15:49.730	0.94597	0.94597			6
2024.01.23	00:15:49.761	0.94596	0.94596			6
2024.01.23	00:15:49.791	0.94598	0.94598			6
2024.01.23	00:15:49.821	0.94597	0.94597			6
2024.01.23	00:15:49.850	0.94596	0.94596			6
2024.01.23	00:15:49.880	0.94598	0.94598			6
2024.01.23	00:15:49.910	0.94597	0.94597			6
2024.01.23	00:15:50.007	0.94596	0.94596			6
2024.01.23	00:15:50.037	0.94598	0.94598			6
2024.01.23	00:15:50.068	0.94597	0.94597			6
2024.01.23	00:15:50.097	0.94596	0.94596			6
2024.01.23	00:15:50.127	0.94598	0.94598			6
2024.01.23	00:15:50.218	0.94597	0.94597			6
2024.01.23	00:15:50.308	0.94596	0.94596			6
2024.01.23	00:15:50.338	0.94597	0.94597			6
2024.01.23	00:15:50.398	0.94596	0.94596			6
2024.01.23	00:15:50.428	0.94598	0.94598			6
2024.01.23	00:15:50.460	0.94597	0.94597			6
2024.01.23	00:15:50.488	0.94596	0.94596			6
2024.01.23	00:15:50.519	0.94598	0.94598			6
2024.01.23	00:15:50.609	0.94596	0.94596			6
2024.01.23	00:15:50.638	0.94597	0.94597			6
2024.01.23	00:15:50.698	0.94596	0.94596			6
2024.01.23	00:15:50.728	0.94598	0.94598			6
2024.01.23	00:15:50.818	0.94596	0.94596			6
2024.01.23	00:15:50.849	0.94597	0.94597			6
2024.01.23	00:15:50.908	0.94596	0.94596			6
2024.01.23	00:15:50.938	0.94598	0.94598			6
2024.01.23	00:15:50.998	0.94597	0.94597			6
2024.01.23	00:15:51.058	0.94596	0.94596			6
2024.01.23	00:15:51.126	0.94597	0.94597			6
2024.01.23	00:15:51.156	0.94598	0.94598			6
2024.01.23	00:15:51.216	0.94597	0.94597			6
2024.01.23	00:15:51.306	0.94596	0.94596			6
2024.01.23	00:15:51.336	0.94598	0.94598			6
2024.01.23	00:15:51.396	0.94597	0.94597			6
2024.01.23	00:15:51.546	0.94596	0.94596			6
2024.01.23	00:15:51.578	0.94598	0.94598			6
2024.01.23	00:15:51.669	0.94597	0.94597			6
2024.01.23	00:15:51.758	0.94596	0.94596			6
2024.01.23	00:15:51.789	0.94598	0.94598			6
2024.01.23	00:15:51.818	0.94597	0.94597			6
2024.01.23	00:15:51.848	0.94596	0.94596			6
2024.01.23	00:15:51.908	0.94597	0.94597			6
2024.01.23	00:15:51.938	0.94598	0.94598			6
2024.01.23	00:15:51.969	0.94596	0.94596			6
2024.01.23	00:15:52.028	0.94598	0.94598			6
2024.01.23	00:15:52.119	0.94597	0.94597			6
2024.01.23	00:15:52.209	0.94596	0.94596			6
2024.01.23	00:15:52.239	0.94598	0.94598			6
2024.01.23	00:15:52.299	0.94596	0.94596			6
2024.01.23	00:15:52.359	0.94597	0.94597			6
2024.01.23	00:15:52.390	0.94598	0.94598			6
2024.01.23	00:15:52.449	0.94596	0.94596			6
2024.01.23	00:15:52.480	0.94597	0.94597			6
2024.01.23	00:15:52.509	0.94596	0.94596			6
2024.01.23	00:15:52.586	0.94598	0.94598			6
2024.01.23	00:15:52.647	0.94596	0.94596			6
2024.01.23	00:15:52.677	0.94597	0.94597			6
2024.01.23	00:15:52.829	0.94598	0.94598			6
2024.01.23	00:15:52.889	0.94597	0.94597			6
2024.01.23	00:15:52.963	0.94596	0.94596			6
2024.01.23	00:15:52.993	0.94597	0.94597			6
2024.01.23	00:15:53.054	0.94598	0.94598			6
2024.01.23	00:15:53.085	0.94597	0.94597			6
2024.01.23	00:15:53.115	0.94596	0.94596			6
2024.01.23	00:15:53.175	0.94597	0.94597			6
2024.01.23	00:15:53.205	0.94596	0.94596			6
2024.01.23	00:15:53.234	0.94597	0.94597			6
2024.01.23	00:15:53.265	0.94598	0.94598			6
2024.01.23	00:15:53.368	0.94597	0.94597			6
2024.01.23	00:15:53.459	0.94596	0.94596			6
2024.01.23	00:15:53.489	0.94597	0.94597			6
2024.01.23	00:15:53.518	0.94598	0.94598			6
2024.01.23	00:15:53.610	0.94596	0.94596			6
2024.01.23	00:15:53.638	0.94597	0.94597			6
2024.01.23	00:15:53.669	0.94596	0.94596			6
2024.01.23	00:15:53.728	0.94598	0.94598			6
2024.01.23	00:15:53.788	0.94596	0.94596			6
2024.01.23	00:15:53.848	0.94598	0.94598			6
2024.01.23	00:15:53.910	0.94597	0.94597			6
2024.01.23	00:15:53.999	0.94596	0.94596			6
2024.01.23	00:15:54.029	0.94598	0.94598			6
2024.01.23	00:15:54.090	0.94597	0.94597			6
2024.01.23	00:15:54.176	0.94596	0.94596			6
2024.01.23	00:15:54.236	0.94598	0.94598			6
2024.01.23	00:15:54.297	0.94596	0.94596			6
2024.01.23	00:15:54.326	0.94597	0.94597			6
2024.01.23	00:15:54.446	0.94596	0.94596			6
2024.01.23	00:15:54.476	0.94598	0.94598			6
2024.01.23	00:15:54.536	0.94597	0.94597			6
2024.01.23	00:15:55.276	0.94596	0.94596			6
2024.01.23	00:15:55.371	0.94597	0.94597			6
2024.01.23	00:15:55.401	0.94598	0.94598			6
2024.01.23	00:15:55.461	0.94596	0.94596			6
2024.01.23	00:15:55.491	0.94597	0.94597			6
2024.01.23	00:15:55.520	0.94598	0.94598			6
2024.01.23	00:15:55.551	0.94597	0.94597			6
2024.01.23	00:15:55.676	0.94598	0.94598			6
2024.01.23	00:15:55.706	0.94596	0.94596			6
2024.01.23	00:15:55.736	0.94598	0.94598			6
2024.01.23	00:15:55.770	0.94597	0.94597			6
2024.01.23	00:15:55.799	0.94596	0.94596			6
2024.01.23	00:15:55.830	0.94598	0.94598			6
2024.01.23	00:15:55.889	0.94597	0.94597			6
2024.01.23	00:15:55.920	0.94596	0.94596			6
2024.01.23	00:15:55.949	0.94597	0.94597			6
2024.01.23	00:15:55.979	0.94596	0.94596			6
2024.01.23	00:15:56.039	0.94597	0.94597			6
2024.01.23	00:15:56.099	0.94598	0.94598			6
2024.01.23	00:15:56.160	0.94597	0.94597			6
2024.01.23	00:15:56.250	0.94596	0.94596			6
2024.01.23	00:15:56.281	0.94598	0.94598			6
2024.01.23	00:15:56.340	0.94597	0.94597			6
2024.01.23	00:15:56.429	0.94598	0.94598			6
2024.01.23	00:15:56.461	0.94596	0.94596			6
2024.01.23	00:15:56.500	0.94597	0.94597			6
2024.01.23	00:15:56.589	0.94598	0.94598			6
2024.01.23	00:15:56.650	0.94597	0.94597			6
2024.01.23	00:15:56.709	0.94596	0.94596			6
2024.01.23	00:15:56.739	0.94597	0.94597			6
2024.01.23	00:15:56.800	0.94598	0.94598			6
2024.01.23	00:15:56.831	0.94597	0.94597			6
2024.01.23	00:15:56.861	0.94596	0.94596			6
2024.01.23	00:15:56.922	0.94597	0.94597			6
2024.01.23	00:15:57.072	0.94598	0.94598			6
2024.01.23	00:15:57.162	0.94596	0.94596			6
2024.01.23	00:15:57.192	0.94597	0.94597			6
2024.01.23	00:15:57.253	0.94596	0.94596			6
2024.01.23	00:15:57.284	0.94598	0.94598			6
2024.01.23	00:15:57.343	0.94597	0.94597			6
2024.01.23	00:15:57.433	0.94598	0.94598			6
2024.01.23	00:15:57.463	0.94596	0.94596			6
2024.01.23	00:15:57.523	0.94597	0.94597			6
2024.01.23	00:15:57.787	0.94598	0.94598			6
2024.01.23	00:15:57.847	0.94597	0.94597			6
2024.01.23	00:15:57.907	0.94596	0.94596			6
2024.01.23	00:15:57.998	0.94598	0.94598			6
2024.01.23	00:15:58.027	0.94597	0.94597			6
2024.01.23	00:15:58.057	0.94596	0.94596			6
2024.01.23	00:15:58.087	0.94597	0.94597			6
2024.01.23	00:15:58.208	0.94596	0.94596			6
2024.01.23	00:15:58.237	0.94597	0.94597			6
2024.01.23	00:15:58.298	0.94598	0.94598			6
2024.01.23	00:15:58.359	0.94596	0.94596			6
2024.01.23	00:15:58.389	0.94597	0.94597			6
2024.01.23	00:15:58.449	0.94596	0.94596			6
2024.01.23	00:15:58.479	0.94598	0.94598			6
2024.01.23	00:15:58.538	0.94597	0.94597			6
2024.01.23	00:15:58.598	0.94596	0.94596			6
2024.01.23	00:15:58.628	0.94598	0.94598			6
2024.01.23	00:15:58.658	0.94596	0.94596			6
2024.01.23	00:15:58.719	0.94597	0.94597			6
2024.01.23	00:15:58.779	0.94598	0.94598			6
2024.01.23	00:15:58.856	0.94596	0.94596			6
2024.01.23	00:15:58.887	0.94597	0.94597			6
2024.01.23	00:15:58.916	0.94596	0.94596			6
2024.01.23	00:15:58.976	0.94598	0.94598			6
2024.01.23	00:15:59.036	0.94597	0.94597			6
2024.01.23	00:15:59.096	0.94598	0.94598			6
2024.01.23	00:15:59.156	0.94596	0.94596			6
2024.01.23	00:15:59.186	0.94597	0.94597			6
2024.01.23	00:15:59.246	0.94596	0.94596			6
2024.01.23	00:15:59.277	0.94597	0.94597			6
2024.01.23	00:15:59.307	0.94598	0.94598			6
2024.01.23	00:15:59.336	0.94596	0.94596			6
2024.01.23	00:15:59.396	0.94597	0.94597			6
2024.01.23	00:15:59.457	0.94596	0.94596			6
2024.01.23	00:15:59.518	0.94597	0.94597			6
2024.01.23	00:15:59.579	0.94598	0.94598			6
2024.01.23	00:15:59.657	0.94596	0.94596			6
2024.01.23	00:15:59.688	0.94597	0.94597			6
2024.01.23	00:15:59.717	0.94596	0.94596			6
2024.01.23	00:15:59.777	0.94598	0.94598			6
2024.01.23	00:15:59.839	0.94596	0.94596			6
2024.01.23	00:15:59.870	0.94597	0.94597			6
2024.01.23	00:15:59.900	0.94596	0.94596			6
2024.01.23	00:15:59.930	0.94598	0.94598			6
2024.01.23	00:15:59.960	0.94596	0.94596			6
2024.01.23	00:16:00.019	0.94597	0.94597			6
2024.01.23	00:16:00.080	0.94598	0.94598			6
2024.01.23	00:16:00.140	0.94596	0.94596			6
2024.01.23	00:16:00.170	0.94597	0.94597			6
2024.01.23	00:16:00.261	0.94596	0.94596			6
2024.01.23	00:16:00.290	0.94598	0.94598			6
2024.01.23	00:16:00.350	0.94597	0.94597			6
2024.01.23	00:16:00.538	0.94596	0.94596			6
2024.01.23	00:16:00.599	0.94597	0.94597			6
2024.01.23	00:16:00.630	0.94598	0.94598			6
2024.01.23	00:16:00.699	0.94596	0.94596			6
2024.01.23	00:16:00.730	0.94597	0.94597			6
2024.01.23	00:16:00.759	0.94596	0.94596			6
2024.01.23	00:16:00.790	0.94597	0.94597			6
2024.01.23	00:16:00.819	0.94596	0.94596			6
2024.01.23	00:16:00.880	0.94597	0.94597			6
2024.01.23	00:16:00.910	0.94596	0.94596			6
2024.01.23	00:16:00.939	0.94597	0.94597			6
2024.01.23	00:16:06.787	0.94598	0.94598			6
2024.01.23	00:16:06.846	0.94596	0.94596			6
2024.01.23	00:16:06.877	0.94597	0.94597			6
2024.01.23	00:16:06.907	0.94596	0.94596			6
2024.01.23	00:16:06.968	0.94597	0.94597			6
2024.01.23	00:16:06.998	0.94596	0.94596			6
2024.01.23	00:16:07.028	0.94598	0.94598			6
2024.01.23	00:16:07.059	0.94597	0.94597			6
2024.01.23	00:16:07.118	0.94598	0.94598			6
2024.01.23	00:16:07.213	0.94597	0.94597			6
2024.01.23	00:16:07.303	0.94596	0.94596			6
2024.01.23	00:16:07.333	0.94597	0.94597			6
2024.01.23	00:16:07.393	0.94596	0.94596			6
2024.01.23	00:16:07.424	0.94598	0.94598			6
2024.01.23	00:16:07.453	0.94596	0.94596			6
2024.01.23	00:16:07.484	0.94597	0.94597			6
2024.01.23	00:16:07.646	0.94596	0.94596			6
2024.01.23	00:16:07.676	0.94597	0.94597			6
2024.01.23	00:16:07.738	0.94596	0.94596			6
2024.01.23	00:16:07.768	0.94597	0.94597			6
2024.01.23	00:16:07.828	0.94596	0.94596			6
2024.01.23	00:16:07.857	0.94597	0.94597			6
2024.01.23	00:16:07.918	0.94596	0.94596			6
2024.01.23	00:16:07.948	0.94597	0.94597			6
2024.01.23	00:16:07.978	0.94598	0.94598			6
2024.01.23	00:16:08.008	0.94597	0.94597			6
2024.01.23	00:16:08.069	0.94596	0.94596			6
2024.01.23	00:16:08.129	0.94597	0.94597			6
2024.01.23	00:16:08.578	0.94596	0.94596			6
2024.01.23	00:16:08.668	0.94598	0.94598			6
2024.01.23	00:16:08.935	0.94596	0.94596			6
2024.01.23	00:16:08.995	0.94598	0.94598			6
2024.01.23	00:16:09.084	0.94596	0.94596			6
2024.01.23	00:16:09.144	0.94598	0.94598			6
2024.01.23	00:16:09.355	0.94596	0.94596			6
2024.01.23	00:16:10.969	0.94598	0.94598			6
2024.01.23	00:16:12.117	0.94596	0.94596			6
2024.01.23	00:16:12.146	0.94598	0.94598			6
2024.01.23	00:16:12.238	0.94596	0.94596			6
2024.01.23	00:16:12.298	0.94598	0.94598			6
2024.01.23	00:16:13.146	0.94597	0.94597			6
2024.01.23	00:16:15.576	0.94596	0.94596			6
2024.01.23	00:16:15.666	0.94597	0.94597			6
2024.01.23	00:16:19.252	0.94598	0.94598			6
2024.01.23	00:16:19.280	0.94597	0.94597			6
2024.01.23	00:16:19.311	0.94596	0.94596			6
2024.01.23	00:16:19.341	0.94597	0.94597			6
2024.01.23	00:16:19.707	0.94596	0.94596			6
2024.01.23	00:16:19.738	0.94598	0.94598			6
2024.01.23	00:16:19.768	0.94597	0.94597			6
2024.01.23	00:16:20.312	0.94596	0.94596			6
2024.01.23	00:16:20.341	0.94598	0.94598			6
2024.01.23	00:16:20.371	0.94596	0.94596			6
2024.01.23	00:16:20.401	0.94598	0.94598			6
2024.01.23	00:16:20.906	0.94596	0.94596			6
2024.01.23	00:16:23.067	0.94598	0.94598			6
2024.01.23	00:16:23.097	0.94596	0.94596			6
2024.01.23	00:16:23.128	0.94597	0.94597			6
2024.01.23	00:16:23.187	0.94598	0.94598			6
2024.01.23	00:16:23.247	0.94597	0.94597			6
2024.01.23	00:16:23.369	0.94598	0.94598			6
2024.01.23	00:16:23.428	0.94596	0.94596			6
2024.01.23	00:16:23.458	0.94597	0.94597			6
2024.01.23	00:16:23.488	0.94598	0.94598			6
2024.01.23	00:16:23.520	0.94596	0.94596			6
2024.01.23	00:16:23.580	0.94597	0.94597			6
2024.01.23	00:16:23.609	0.94596	0.94596			6
2024.01.23	00:16:23.639	0.94598	0.94598			6
2024.01.23	00:16:23.699	0.94596	0.94596			6
2024.01.23	00:16:23.796	0.94598	0.94598			6
2024.01.23	00:16:23.871	0.94596	0.94596			6
2024.01.23	00:16:23.902	0.94597	0.94597			6
2024.01.23	00:16:23.932	0.94596	0.94596			6
2024.01.23	00:16:24.003	0.94597	0.94597			6
2024.01.23	00:16:24.064	0.94596	0.94596			6
2024.01.23	00:16:24.094	0.94597	0.94597			6
2024.01.23	00:16:24.123	0.94596	0.94596			6
2024.01.23	00:16:24.243	0.94598	0.94598			6
2024.01.23	00:16:24.274	0.94596	0.94596			6
2024.01.23	00:16:24.353	0.94597	0.94597			6
2024.01.23	00:16:28.053	0.94598	0.94598			6
2024.01.23	00:16:28.114	0.94596	0.94596			6
2024.01.23	00:16:28.144	0.94597	0.94597			6
2024.01.23	00:16:28.174	0.94596	0.94596			6
2024.01.23	00:16:28.234	0.94597	0.94597			6
2024.01.23	00:16:28.264	0.94596	0.94596			6
2024.01.23	00:16:28.294	0.94598	0.94598			6
2024.01.23	00:16:28.324	0.94597	0.94597			6
2024.01.23	00:16:28.354	0.94596	0.94596			6
2024.01.23	00:16:28.384	0.94598	0.94598			6
2024.01.23	00:16:28.414	0.94596	0.94596			6
2024.01.23	00:16:28.444	0.94597	0.94597			6
2024.01.23	00:16:28.474	0.94596	0.94596			6
2024.01.23	00:16:28.505	0.94597	0.94597			6
2024.01.23	00:16:28.534	0.94598	0.94598			6
2024.01.23	00:16:28.624	0.94596	0.94596			6
2024.01.23	00:16:28.655	0.94597	0.94597			6
2024.01.23	00:16:28.715	0.94596	0.94596			6
2024.01.23	00:16:28.745	0.94598	0.94598			6
2024.01.23	00:16:28.806	0.94596	0.94596			6
2024.01.23	00:16:28.836	0.94597	0.94597			6
2024.01.23	00:16:28.926	0.94596	0.94596			6
2024.01.23	00:16:28.956	0.94597	0.94597			6
2024.01.23	00:16:29.016	0.94596	0.94596			6
2024.01.23	00:16:29.137	0.94597	0.94597			6
2024.01.23	00:16:29.168	0.94598	0.94598			6
2024.01.23	00:16:29.198	0.94596	0.94596			6
2024.01.23	00:16:29.258	0.94598	0.94598			6
2024.01.23	00:16:29.317	0.94596	0.94596			6
2024.01.23	00:16:29.348	0.94598	0.94598			6
2024.01.23	00:16:29.378	0.94597	0.94597			6
2024.01.23	00:16:29.409	0.94596	0.94596			6
2024.01.23	00:16:29.438	0.94597	0.94597			6
2024.01.23	00:16:29.998	0.94598	0.94598			6
2024.01.23	00:16:30.058	0.94596	0.94596			6
2024.01.23	00:16:30.087	0.94597	0.94597			6
2024.01.23	00:16:30.147	0.94598	0.94598			6
2024.01.23	00:16:30.177	0.94596	0.94596			6
2024.01.23	00:16:30.236	0.94597	0.94597			6
2024.01.23	00:16:30.298	0.94598	0.94598			6
2024.01.23	00:16:30.358	0.94596	0.94596			6
2024.01.23	00:16:30.388	0.94597	0.94597			6
2024.01.23	00:16:30.419	0.94596	0.94596			6
2024.01.23	00:16:30.489	0.94597	0.94597			6
2024.01.23	00:16:30.579	0.94598	0.94598			6
2024.01.23	00:16:30.677	0.94596	0.94596			6
2024.01.23	00:16:30.738	0.94597	0.94597			6
2024.01.23	00:16:30.827	0.94596	0.94596			6
2024.01.23	00:16:30.857	0.94597	0.94597			6
2024.01.23	00:16:30.917	0.94596	0.94596			6
2024.01.23	00:16:30.947	0.94597	0.94597			6
2024.01.23	00:16:31.007	0.94598	0.94598			6
2024.01.23	00:16:31.068	0.94596	0.94596			6
2024.01.23	00:16:31.097	0.94597	0.94597			6
2024.01.23	00:16:31.127	0.94596	0.94596			6
2024.01.23	00:16:31.188	0.94597	0.94597			6
2024.01.23	00:16:31.248	0.94596	0.94596			6
2024.01.23	00:16:31.338	0.94597	0.94597			6
2024.01.23	00:16:31.368	0.94596	0.94596			6
2024.01.23	00:16:31.937	0.94597	0.94597			6
2024.01.23	00:16:31.997	0.94598	0.94598			6
2024.01.23	00:16:32.057	0.94596	0.94596			6
2024.01.23	00:16:32.087	0.94597	0.94597			6
2024.01.23	00:16:32.117	0.94596	0.94596			6
2024.01.23	00:16:32.149	0.94597	0.94597			6
2024.01.23	00:16:32.337	0.94598	0.94598			6
2024.01.23	00:16:32.396	0.94596	0.94596			6
2024.01.23	00:16:32.457	0.94597	0.94597			6
2024.01.23	00:16:32.487	0.94596	0.94596			6
2024.01.23	00:16:32.518	0.94597	0.94597			6
2024.01.23	00:16:32.579	0.94596	0.94596			6
2024.01.23	00:16:32.698	0.94597	0.94597			6
2024.01.23	00:16:32.759	0.94596	0.94596			6
2024.01.23	00:16:32.849	0.94597	0.94597			6
2024.01.23	00:16:32.879	0.94596	0.94596			6
2024.01.23	00:16:33.000	0.94597	0.94597			6
2024.01.23	00:16:33.076	0.94596	0.94596			6
2024.01.23	00:16:33.197	0.94597	0.94597			6
2024.01.23	00:16:33.288	0.94596	0.94596			6
2024.01.23	00:16:33.468	0.94597	0.94597			6
2024.01.23	00:16:37.097	0.94598	0.94598			6
2024.01.23	00:16:37.156	0.94596	0.94596			6
2024.01.23	00:16:37.186	0.94597	0.94597			6
2024.01.23	00:16:37.246	0.94598	0.94598			6
2024.01.23	00:16:37.276	0.94596	0.94596			6
2024.01.23	00:16:37.305	0.94597	0.94597			6
2024.01.23	00:16:37.396	0.94598	0.94598			6
2024.01.23	00:16:37.457	0.94596	0.94596			6
2024.01.23	00:16:37.486	0.94597	0.94597			6
2024.01.23	00:16:37.547	0.94596	0.94596			6
2024.01.23	00:16:37.636	0.94597	0.94597			6
2024.01.23	00:16:37.696	0.94596	0.94596			6
2024.01.23	00:16:38.109	0.94598	0.94598			6
2024.01.23	00:16:38.169	0.94596	0.94596			6
2024.01.23	00:16:38.198	0.94597	0.94597			6
2024.01.23	00:16:38.228	0.94596	0.94596			6
2024.01.23	00:16:38.289	0.94597	0.94597			6
2024.01.23	00:16:38.318	0.94596	0.94596			6
2024.01.23	00:16:38.347	0.94598	0.94598			6
2024.01.23	00:16:38.378	0.94597	0.94597			6
2024.01.23	00:16:38.408	0.94596	0.94596			6
2024.01.23	00:16:38.438	0.94597	0.94597			6
2024.01.23	00:16:38.469	0.94596	0.94596			6
2024.01.23	00:16:38.500	0.94597	0.94597			6
2024.01.23	00:16:38.560	0.94598	0.94598			6
2024.01.23	00:16:38.619	0.94596	0.94596			6
2024.01.23	00:16:38.649	0.94597	0.94597			6
2024.01.23	00:16:38.709	0.94596	0.94596			6
2024.01.23	00:16:38.740	0.94597	0.94597			6
2024.01.23	00:16:38.770	0.94596	0.94596			6
2024.01.23	00:16:38.800	0.94598	0.94598			6
2024.01.23	00:16:38.830	0.94597	0.94597			6
2024.01.23	00:16:38.861	0.94596	0.94596			6
2024.01.23	00:16:38.890	0.94597	0.94597			6
2024.01.23	00:16:38.920	0.94596	0.94596			6
2024.01.23	00:16:38.951	0.94597	0.94597			6
2024.01.23	00:16:39.011	0.94598	0.94598			6
2024.01.23	00:16:39.070	0.94596	0.94596			6
2024.01.23	00:16:39.100	0.94597	0.94597			6
2024.01.23	00:16:39.160	0.94596	0.94596			6
2024.01.23	00:16:39.189	0.94597	0.94597			6
2024.01.23	00:16:39.280	0.94596	0.94596			6
2024.01.23	00:16:39.310	0.94597	0.94597			6
2024.01.23	00:16:39.371	0.94596	0.94596			6
2024.01.23	00:16:39.401	0.94597	0.94597			6
2024.01.23	00:16:39.461	0.94596	0.94596			6
2024.01.23	00:16:39.491	0.94597	0.94597			6
2024.01.23	00:16:39.522	0.94596	0.94596			6
2024.01.23	00:16:39.582	0.94597	0.94597			6
2024.01.23	00:16:39.643	0.94598	0.94598			6
2024.01.23	00:16:39.674	0.94596	0.94596			6
2024.01.23	00:16:39.733	0.94597	0.94597			6
2024.01.23	00:16:39.802	0.94598	0.94598			6
2024.01.23	00:16:39.862	0.94596	0.94596			6
2024.01.23	00:16:39.892	0.94597	0.94597			6
2024.01.23	00:16:39.951	0.94596	0.94596			6
2024.01.23	00:16:39.983	0.94597	0.94597			6
2024.01.23	00:16:40.022	0.94596	0.94596			6
2024.01.23	00:16:40.112	0.94597	0.94597			6
2024.01.23	00:16:40.172	0.94596	0.94596			6
2024.01.23	00:16:40.202	0.94597	0.94597			6
2024.01.23	00:16:40.233	0.94596	0.94596			6
2024.01.23	00:16:40.291	0.94597	0.94597			6
2024.01.23	00:16:40.473	0.94596	0.94596			6
2024.01.23	00:16:40.503	0.94597	0.94597			6
2024.01.23	00:16:40.532	0.94598	0.94598			6
2024.01.23	00:16:40.562	0.94596	0.94596			6
2024.01.23	00:16:40.593	0.94598	0.94598			6
2024.01.23	00:16:40.623	0.94597	0.94597			6
2024.01.23	00:16:40.653	0.94596	0.94596			6
2024.01.23	00:16:40.683	0.94597	0.94597			6
2024.01.23	00:16:40.744	0.94598	0.94598			6
2024.01.23	00:16:40.817	0.94596	0.94596			6
2024.01.23	00:16:40.847	0.94597	0.94597			6
2024.01.23	00:16:40.877	0.94596	0.94596			6
2024.01.23	00:16:40.907	0.94597	0.94597			6
2024.01.23	00:16:41.027	0.94596	0.94596			6
2024.01.23	00:16:41.057	0.94597	0.94597			6
2024.01.23	00:16:41.118	0.94596	0.94596			6
2024.01.23	00:16:41.149	0.94597	0.94597			6
2024.01.23	00:16:41.209	0.94596	0.94596			6
2024.01.23	00:16:41.238	0.94598	0.94598			6
2024.01.23	00:16:41.268	0.94596	0.94596			6
2024.01.23	00:16:41.298	0.94597	0.94597			6
2024.01.23	00:16:41.388	0.94598	0.94598			6
2024.01.23	00:16:41.488	0.94596	0.94596			6
2024.01.23	00:16:41.518	0.94597	0.94597			6
2024.01.23	00:16:41.553	0.94596	0.94596			6
2024.01.23	00:16:41.752	0.94597	0.94597			6
2024.01.23	00:16:41.811	0.94598	0.94598			6
2024.01.23	00:16:41.872	0.94596	0.94596			6
2024.01.23	00:16:41.902	0.94597	0.94597			6
2024.01.23	00:16:41.932	0.94596	0.94596			6
2024.01.23	00:16:41.992	0.94597	0.94597			6
2024.01.23	00:16:42.052	0.94596	0.94596			6
2024.01.23	00:16:42.082	0.94597	0.94597			6
2024.01.23	00:16:42.114	0.94598	0.94598			6
2024.01.23	00:16:42.174	0.94597	0.94597			6
2024.01.23	00:16:42.203	0.94598	0.94598			6
2024.01.23	00:16:42.235	0.94599	0.94599			6
2024.01.23	00:16:42.631	0.94598	0.94598			6
2024.01.23	00:16:42.691	0.94599	0.94599			6
2024.01.23	00:16:42.976	0.94598	0.94598			6
2024.01.23	00:16:43.038	0.94599	0.94599			6
2024.01.23	00:16:45.287	0.94598	0.94598			6
2024.01.23	00:16:45.494	0.94599	0.94599			6
2024.01.23	00:16:45.666	0.94598	0.94598			6
2024.01.23	00:16:45.697	0.94599	0.94599			6
2024.01.23	00:16:45.756	0.94598	0.94598			6
2024.01.23	00:16:46.282	0.94597	0.94597			6
2024.01.23	00:16:47.254	0.94598	0.94598			6
2024.01.23	00:16:49.655	0.94599	0.94599			6
2024.01.23	00:16:49.714	0.94598	0.94598			6
2024.01.23	00:16:49.776	0.94597	0.94597			6
2024.01.23	00:16:49.806	0.94598	0.94598			6
2024.01.23	00:16:49.896	0.94599	0.94599			6
2024.01.23	00:16:49.926	0.94598	0.94598			6
2024.01.23	00:16:50.016	0.94597	0.94597			6
2024.01.23	00:16:50.046	0.94598	0.94598			6
2024.01.23	00:16:50.075	0.94597	0.94597			6
2024.01.23	00:16:50.106	0.94599	0.94599			6
2024.01.23	00:16:50.168	0.94598	0.94598			6
2024.01.23	00:16:50.227	0.94597	0.94597			6
2024.01.23	00:16:50.288	0.94598	0.94598			6
2024.01.23	00:16:50.377	0.94597	0.94597			6
2024.01.23	00:16:50.407	0.94598	0.94598			6
2024.01.23	00:16:50.466	0.94597	0.94597			6
2024.01.23	00:16:50.496	0.94598	0.94598			6
2024.01.23	00:16:50.620	0.94597	0.94597			6
2024.01.23	00:16:50.651	0.94598	0.94598			6
2024.01.23	00:16:50.680	0.94597	0.94597			6
2024.01.23	00:16:50.711	0.94598	0.94598			6
2024.01.23	00:16:50.777	0.94597	0.94597			6
2024.01.23	00:16:50.806	0.94598	0.94598			6
2024.01.23	00:16:51.020	0.94597	0.94597			6
2024.01.23	00:16:51.050	0.94598	0.94598			6
2024.01.23	00:16:51.080	0.94597	0.94597			6
2024.01.23	00:16:51.111	0.94598	0.94598			6
2024.01.23	00:16:51.365	0.94597	0.94597			6
2024.01.23	00:16:51.395	0.94598	0.94598			6
2024.01.23	00:16:51.426	0.94597	0.94597			6
2024.01.23	00:16:51.455	0.94598	0.94598			6
2024.01.23	00:16:51.575	0.94597	0.94597			6
2024.01.23	00:16:51.605	0.94598	0.94598			6
2024.01.23	00:16:51.666	0.94597	0.94597			6
2024.01.23	00:16:51.726	0.94598	0.94598			6
2024.01.23	00:16:51.816	0.94597	0.94597			6
2024.01.23	00:16:51.846	0.94598	0.94598			6
2024.01.23	00:16:51.906	0.94597	0.94597			6
2024.01.23	00:16:51.936	0.94598	0.94598			6
2024.01.23	00:16:52.027	0.94597	0.94597			6
2024.01.23	00:16:52.057	0.94598	0.94598			6
2024.01.23	00:16:52.117	0.94597	0.94597			6
2024.01.23	00:16:52.148	0.94598	0.94598			6
2024.01.23	00:16:52.327	0.94597	0.94597			6
2024.01.23	00:16:52.357	0.94598	0.94598			6
2024.01.23	00:16:52.418	0.94597	0.94597			6
2024.01.23	00:16:52.447	0.94598	0.94598			6
2024.01.23	00:16:52.478	0.94597	0.94597			6
2024.01.23	00:16:52.538	0.94598	0.94598			6
2024.01.23	00:16:52.628	0.94597	0.94597			6
2024.01.23	00:16:52.658	0.94598	0.94598			6
2024.01.23	00:16:52.718	0.94597	0.94597			6
2024.01.23	00:16:52.748	0.94598	0.94598			6
2024.01.23	00:16:52.816	0.94597	0.94597			6
2024.01.23	00:16:52.877	0.94598	0.94598			6
2024.01.23	00:16:53.073	0.94597	0.94597			6
2024.01.23	00:16:53.132	0.94598	0.94598			6
2024.01.23	00:16:53.224	0.94597	0.94597			6
2024.01.23	00:16:53.253	0.94598	0.94598			6
2024.01.23	00:16:53.283	0.94597	0.94597			6
2024.01.23	00:16:53.344	0.94598	0.94598			6
2024.01.23	00:16:53.527	0.94597	0.94597			6
2024.01.23	00:16:53.556	0.94598	0.94598			6
2024.01.23	00:16:53.622	0.94597	0.94597			6
2024.01.23	00:16:53.652	0.94598	0.94598			6
2024.01.23	00:16:53.681	0.94597	0.94597			6
2024.01.23	00:16:53.742	0.94598	0.94598			6
2024.01.23	00:16:53.772	0.94597	0.94597			6
2024.01.23	00:16:53.802	0.94598	0.94598			6
2024.01.23	00:16:53.832	0.94597	0.94597			6
2024.01.23	00:16:54.146	0.94598	0.94598			6
2024.01.23	00:16:54.709	0.94597	0.94597			6
2024.01.23	00:16:55.456	0.94598	0.94598			6
2024.01.23	00:16:55.516	0.94597	0.94597			6
2024.01.23	00:16:55.546	0.94598	0.94598			6
2024.01.23	00:16:55.666	0.94597	0.94597			6
2024.01.23	00:16:55.696	0.94598	0.94598			6
2024.01.23	00:16:55.726	0.94597	0.94597			6
2024.01.23	00:16:56.031	0.94598	0.94598			6
2024.01.23	00:16:56.121	0.94597	0.94597			6
2024.01.23	00:16:56.301	0.94598	0.94598			6
2024.01.23	00:16:56.627	0.94597	0.94597			6
2024.01.23	00:16:58.636	0.94598	0.94598			6
2024.01.23	00:16:58.725	0.94597	0.94597			6
2024.01.23	00:16:58.756	0.94598	0.94598			6
2024.01.23	00:17:00.055	0.94598				2
2024.01.23	00:17:00.115	0.94596	0.94596			6
2024.01.23	00:17:00.145	0.94598	0.94598			6
2024.01.23	00:17:00.809	0.94597	0.94597			6
2024.01.23	00:17:00.840	0.94598	0.94598			6
2024.01.23	00:17:01.808	0.94597	0.94597			6
2024.01.23	00:17:01.937	0.94598	0.94598			6
2024.01.23	00:17:01.996	0.94597	0.94597			6
2024.01.23	00:17:02.086	0.94598	0.94598			6
2024.01.23	00:17:02.146	0.94597	0.94597			6
2024.01.23	00:17:02.206	0.94598	0.94598			6
2024.01.23	00:17:02.267	0.94597	0.94597			6
2024.01.23	00:17:02.387	0.94598	0.94598			6
2024.01.23	00:17:02.461	0.94597	0.94597			6
2024.01.23	00:17:02.491	0.94598	0.94598			6
2024.01.23	00:17:02.520	0.94597	0.94597			6
2024.01.23	00:17:02.581	0.94598	0.94598			6
2024.01.23	00:17:02.612	0.94597	0.94597			6
2024.01.23	00:17:02.641	0.94598	0.94598			6
2024.01.23	00:17:02.672	0.94597	0.94597			6
2024.01.23	00:17:02.702	0.94598	0.94598			6
2024.01.23	00:17:02.732	0.94597	0.94597			6
2024.01.23	00:17:02.858	0.94598	0.94598			6
2024.01.23	00:17:02.888	0.94597	0.94597			6
2024.01.23	00:17:03.039	0.94598	0.94598			6
2024.01.23	00:17:03.070	0.94597	0.94597			6
2024.01.23	00:17:03.189	0.94598	0.94598			6
2024.01.23	00:17:03.262	0.94597	0.94597			6
2024.01.23	00:17:03.294	0.94598	0.94598			6
2024.01.23	00:17:03.331	0.94597	0.94597			6
2024.01.23	00:17:03.390	0.94598	0.94598			6
2024.01.23	00:17:03.480	0.94597	0.94597			6
2024.01.23	00:17:03.510	0.94598	0.94598			6
2024.01.23	00:17:03.540	0.94597	0.94597			6
2024.01.23	00:17:03.600	0.94598	0.94598			6
2024.01.23	00:17:03.660	0.94597	0.94597			6
2024.01.23	00:17:03.781	0.94598	0.94598			6
2024.01.23	00:17:03.871	0.94597	0.94597			6
2024.01.23	00:17:03.901	0.94598	0.94598			6
2024.01.23	00:17:03.931	0.94597	0.94597			6
2024.01.23	00:17:03.990	0.94598	0.94598			6
2024.01.23	00:17:04.052	0.94597	0.94597			6
2024.01.23	00:17:04.081	0.94598	0.94598			6
2024.01.23	00:17:04.142	0.94597	0.94597			6
2024.01.23	00:17:04.201	0.94598	0.94598			6
2024.01.23	00:17:04.261	0.94597	0.94597			6
2024.01.23	00:17:04.291	0.94598	0.94598			6
2024.01.23	00:17:04.321	0.94597	0.94597			6
2024.01.23	00:17:04.395	0.94598	0.94598			6
2024.01.23	00:17:04.468	0.94597	0.94597			6
2024.01.23	00:17:04.499	0.94598	0.94598			6
2024.01.23	00:17:04.529	0.94597	0.94597			6
2024.01.23	00:17:04.588	0.94598	0.94598			6
2024.01.23	00:17:04.618	0.94597	0.94597			6
2024.01.23	00:17:04.736	0.94598	0.94598			6
2024.01.23	00:17:04.828	0.94597	0.94597			6
2024.01.23	00:17:04.858	0.94598	0.94598			6
2024.01.23	00:17:04.887	0.94597	0.94597			6
2024.01.23	00:17:04.947	0.94598	0.94598			6
2024.01.23	00:17:05.007	0.94597	0.94597			6
2024.01.23	00:17:05.067	0.94598	0.94598			6
2024.01.23	00:17:05.097	0.94597	0.94597			6
2024.01.23	00:17:05.156	0.94598	0.94598			6
2024.01.23	00:17:05.217	0.94597	0.94597			6
2024.01.23	00:17:05.247	0.94598	0.94598			6
2024.01.23	00:17:05.277	0.94597	0.94597			6
2024.01.23	00:17:05.337	0.94598	0.94598			6
2024.01.23	00:17:05.427	0.94597	0.94597			6
2024.01.23	00:17:05.457	0.94598	0.94598			6
2024.01.23	00:17:05.488	0.94597	0.94597			6
2024.01.23	00:17:05.548	0.94598	0.94598			6
2024.01.23	00:17:05.608	0.94597	0.94597			6
2024.01.23	00:17:05.638	0.94598	0.94598			6
2024.01.23	00:17:05.698	0.94597	0.94597			6
2024.01.23	00:17:05.758	0.94598	0.94598			6
2024.01.23	00:17:05.821	0.94597	0.94597			6
2024.01.23	00:17:05.851	0.94598	0.94598			6
2024.01.23	00:17:05.880	0.94597	0.94597			6
2024.01.23	00:17:07.336	0.94598	0.94598			6
2024.01.23	00:17:07.366	0.94597	0.94597			6
2024.01.23	00:17:07.396	0.94598	0.94598			6
2024.01.23	00:17:07.427	0.94597	0.94597			6
2024.01.23	00:17:07.457	0.94598	0.94598			6
2024.01.23	00:17:07.516	0.94597	0.94597			6
2024.01.23	00:17:07.546	0.94598	0.94598			6
2024.01.23	00:17:07.576	0.94597	0.94597			6
2024.01.23	00:17:07.732	0.94598	0.94598			6
2024.01.23	00:17:07.823	0.94597	0.94597			6
2024.01.23	00:17:07.853	0.94598	0.94598			6
2024.01.23	00:17:07.882	0.94597	0.94597			6
2024.01.23	00:17:07.942	0.94598	0.94598			6
2024.01.23	00:17:08.032	0.94597	0.94597			6
2024.01.23	00:17:08.062	0.94598	0.94598			6
2024.01.23	00:17:08.092	0.94597	0.94597			6
2024.01.23	00:17:08.152	0.94598	0.94598			6
2024.01.23	00:17:08.212	0.94597	0.94597			6
2024.01.23	00:17:08.243	0.94598	0.94598			6
2024.01.23	00:17:08.273	0.94597	0.94597			6
2024.01.23	00:17:08.332	0.94598	0.94598			6
2024.01.23	00:17:08.422	0.94597	0.94597			6
2024.01.23	00:17:08.452	0.94598	0.94598			6
2024.01.23	00:17:08.483	0.94597	0.94597			6
2024.01.23	00:17:08.542	0.94598	0.94598			6
2024.01.23	00:17:08.634	0.94597	0.94597			6
2024.01.23	00:17:08.664	0.94598	0.94598			6
2024.01.23	00:17:08.693	0.94597	0.94597			6
2024.01.23	00:17:08.753	0.94598	0.94598			6
2024.01.23	00:17:08.816	0.94597	0.94597			6
2024.01.23	00:17:08.846	0.94598	0.94598			6
2024.01.23	00:17:08.876	0.94597	0.94597			6
2024.01.23	00:17:08.936	0.94598	0.94598			6
2024.01.23	00:17:09.026	0.94597	0.94597			6
2024.01.23	00:17:09.056	0.94598	0.94598			6
2024.01.23	00:17:09.086	0.94597	0.94597			6
2024.01.23	00:17:09.146	0.94598	0.94598			6
2024.01.23	00:17:09.206	0.94597	0.94597			6
2024.01.23	00:17:09.296	0.94598	0.94598			6
2024.01.23	00:17:09.326	0.94597	0.94597			6
2024.01.23	00:17:09.537	0.94598	0.94598			6
2024.01.23	00:17:09.627	0.94597	0.94597			6
2024.01.23	00:17:09.657	0.94598	0.94598			6
2024.01.23	00:17:09.718	0.94597	0.94597			6
2024.01.23	00:17:09.839	0.94598	0.94598			6
2024.01.23	00:17:09.921	0.94597	0.94597			6
2024.01.23	00:17:09.952	0.94598	0.94598			6
2024.01.23	00:17:09.981	0.94597	0.94597			6
2024.01.23	00:17:10.041	0.94598	0.94598			6
2024.01.23	00:17:10.101	0.94597	0.94597			6
2024.01.23	00:17:10.161	0.94598	0.94598			6
2024.01.23	00:17:10.192	0.94597	0.94597			6
2024.01.23	00:17:10.251	0.94598	0.94598			6
2024.01.23	00:17:10.311	0.94597	0.94597			6
2024.01.23	00:17:10.341	0.94598	0.94598			6
2024.01.23	00:17:10.371	0.94597	0.94597			6
2024.01.23	00:17:10.461	0.94598	0.94598			6
2024.01.23	00:17:10.522	0.94597	0.94597			6
2024.01.23	00:17:10.551	0.94598	0.94598			6
2024.01.23	00:17:10.582	0.94597	0.94597			6
2024.01.23	00:17:10.641	0.94598	0.94598			6
2024.01.23	00:17:10.701	0.94597	0.94597			6
2024.01.23	00:17:10.732	0.94598	0.94598			6
2024.01.23	00:17:10.792	0.94597	0.94597			6
2024.01.23	00:17:10.852	0.94598	0.94598			6
2024.01.23	00:17:10.912	0.94597	0.94597			6
2024.01.23	00:17:10.942	0.94598	0.94598			6
2024.01.23	00:17:10.972	0.94597	0.94597			6
2024.01.23	00:17:11.092	0.94598	0.94598			6
2024.01.23	00:17:11.122	0.94597	0.94597			6
2024.01.23	00:17:11.243	0.94598	0.94598			6
2024.01.23	00:17:11.304	0.94597	0.94597			6
2024.01.23	00:17:11.334	0.94598	0.94598			6
2024.01.23	00:17:11.394	0.94597	0.94597			6
2024.01.23	00:17:11.485	0.94598	0.94598			6
2024.01.23	00:17:11.577	0.94597	0.94597			6
2024.01.23	00:17:11.608	0.94598	0.94598			6
2024.01.23	00:17:11.637	0.94597	0.94597			6
2024.01.23	00:17:11.697	0.94598	0.94598			6
2024.01.23	00:17:11.757	0.94597	0.94597			6
2024.01.23	00:17:11.787	0.94598	0.94598			6
2024.01.23	00:17:11.819	0.94597	0.94597			6
2024.01.23	00:17:11.910	0.94598	0.94598			6
2024.01.23	00:17:11.950	0.94597	0.94597			6
2024.01.23	00:17:12.010	0.94598	0.94598			6
2024.01.23	00:17:12.039	0.94597	0.94597			6
2024.01.23	00:17:12.099	0.94598	0.94598			6
2024.01.23	00:17:12.159	0.94597	0.94597			6
2024.01.23	00:17:12.249	0.94598	0.94598			6
2024.01.23	00:17:12.309	0.94597	0.94597			6
2024.01.23	00:17:12.340	0.94598	0.94598			6
2024.01.23	00:17:12.400	0.94597	0.94597			6
2024.01.23	00:17:12.460	0.94598	0.94598			6
2024.01.23	00:17:12.521	0.94597	0.94597			6
2024.01.23	00:17:12.703	0.94598	0.94598			6
2024.01.23	00:17:12.732	0.94597	0.94597			6
2024.01.23	00:17:12.832	0.94598	0.94598			6
2024.01.23	00:17:12.926	0.94597	0.94597			6
2024.01.23	00:17:13.106	0.94598	0.94598			6
2024.01.23	00:17:13.166	0.94597	0.94597			6
2024.01.23	00:17:13.196	0.94598	0.94598			6
2024.01.23	00:17:13.227	0.94597	0.94597			6
2024.01.23	00:17:13.296	0.94598	0.94598			6
2024.01.23	00:17:13.376	0.94597	0.94597			6
2024.01.23	00:17:13.405	0.94598	0.94598			6
2024.01.23	00:17:13.436	0.94597	0.94597			6
2024.01.23	00:17:13.581	0.94598	0.94598			6
2024.01.23	00:17:13.672	0.94597	0.94597			6
2024.01.23	00:17:14.582	0.94598	0.94598			6
2024.01.23	00:17:14.877	0.94597	0.94597			6
2024.01.23	00:17:15.487	0.94598	0.94598			6
2024.01.23	00:17:15.656	0.94597	0.94597			6
2024.01.23	00:17:16.131	0.94598	0.94598			6
2024.01.23	00:17:16.396	0.94597	0.94597			6
2024.01.23	00:17:17.241	0.94598	0.94598			6
2024.01.23	00:17:17.477	0.94597	0.94597			6
2024.01.23	00:17:18.657	0.94598	0.94598			6
2024.01.23	00:17:18.687	0.94597	0.94597			6
2024.01.23	00:17:18.996	0.94598	0.94598			6
2024.01.23	00:17:20.097	0.94597	0.94597			6
2024.01.23	00:17:21.727	0.94599	0.94599			6
2024.01.23	00:17:21.756	0.94600	0.94600			6
2024.01.23	00:17:22.176	0.94599	0.94599			6
2024.01.23	00:17:23.806	0.94600	0.94600			6
2024.01.23	00:17:24.338	0.94599	0.94599			6
2024.01.23	00:17:25.307	0.94600	0.94600			6
2024.01.23	00:17:25.627	0.94599	0.94599			6
2024.01.23	00:17:30.082	0.94600	0.94600			6
2024.01.23	00:17:30.666	0.94599	0.94599			6
2024.01.23	00:17:30.695	0.94600	0.94600			6
2024.01.23	00:17:30.726	0.94599	0.94599			6
2024.01.23	00:17:30.906	0.94600	0.94600			6
2024.01.23	00:17:30.966	0.94599	0.94599			6
2024.01.23	00:17:31.207	0.94600	0.94600			6
2024.01.23	00:17:31.266	0.94599	0.94599			6
2024.01.23	00:17:31.297	0.94600	0.94600			6
2024.01.23	00:17:31.359	0.94599	0.94599			6
2024.01.23	00:17:31.389	0.94600	0.94600			6
2024.01.23	00:17:31.419	0.94599	0.94599			6
2024.01.23	00:17:32.082	0.94600	0.94600			6
2024.01.23	00:17:32.173	0.94599	0.94599			6
2024.01.23	00:17:32.203	0.94600	0.94600			6
2024.01.23	00:17:32.263	0.94599	0.94599			6
2024.01.23	00:17:32.293	0.94600	0.94600			6
2024.01.23	00:17:32.323	0.94599	0.94599			6
2024.01.23	00:17:33.466	0.94600	0.94600			6
2024.01.23	00:17:33.740	0.94602	0.94602			6
2024.01.23	00:17:33.770	0.94600	0.94600			6
2024.01.23	00:17:33.831	0.94599	0.94599			6
2024.01.23	00:17:33.980	0.94600	0.94600			6
2024.01.23	00:17:34.011	0.94599	0.94599			6
2024.01.23	00:17:34.131	0.94600	0.94600			6
2024.01.23	00:17:34.221	0.94599	0.94599			6
2024.01.23	00:17:34.251	0.94600	0.94600			6
2024.01.23	00:17:34.311	0.94599	0.94599			6
2024.01.23	00:17:34.508	0.94600	0.94600			6
2024.01.23	00:17:34.567	0.94599	0.94599			6
2024.01.23	00:17:34.597	0.94600	0.94600			6
2024.01.23	00:17:34.627	0.94599	0.94599			6
2024.01.23	00:17:35.437	0.94600	0.94600			6
2024.01.23	00:17:35.528	0.94599	0.94599			6
2024.01.23	00:17:35.558	0.94600	0.94600			6
2024.01.23	00:17:35.618	0.94599	0.94599			6
2024.01.23	00:17:37.109	0.94600	0.94600			6
2024.01.23	00:17:37.616	0.94599	0.94599			6
2024.01.23	00:17:37.646	0.94600	0.94600			6
2024.01.23	00:17:37.705	0.94599	0.94599			6
2024.01.23	00:17:37.736	0.94600	0.94600			6
2024.01.23	00:17:37.770	0.94599	0.94599			6
2024.01.23	00:17:37.932	0.94600	0.94600			6
2024.01.23	00:17:38.022	0.94599	0.94599			6
2024.01.23	00:17:38.052	0.94600	0.94600			6
2024.01.23	00:17:38.115	0.94599	0.94599			6
2024.01.23	00:17:46.280	0.94600	0.94600			6
2024.01.23	00:17:47.086	0.94599	0.94599			6
2024.01.23	00:17:47.116	0.94600	0.94600			6
2024.01.23	00:17:47.147	0.94599	0.94599			6
2024.01.23	00:17:47.546	0.94600	0.94600			6
2024.01.23	00:17:47.606	0.94599	0.94599			6
2024.01.23	00:17:47.636	0.94600	0.94600			6
2024.01.23	00:17:47.667	0.94599	0.94599			6
2024.01.23	00:17:48.181	0.94600	0.94600			6
2024.01.23	00:17:48.271	0.94599	0.94599			6
2024.01.23	00:17:48.301	0.94600	0.94600			6
2024.01.23	00:17:48.331	0.94599	0.94599			6
2024.01.23	00:17:48.392	0.94600	0.94600			6
2024.01.23	00:17:48.422	0.94599	0.94599			6
2024.01.23	00:17:48.887	0.94600	0.94600			6
2024.01.23	00:17:48.999	0.94599	0.94599			6
2024.01.23	00:17:49.059	0.94600	0.94600			6
2024.01.23	00:17:49.090	0.94599	0.94599			6
2024.01.23	00:17:49.241	0.94600	0.94600			6
2024.01.23	00:17:50.081	0.94599	0.94599			6
2024.01.23	00:17:50.111	0.94600	0.94600			6
2024.01.23	00:17:50.201	0.94599	0.94599			6
2024.01.23	00:17:50.291	0.94600	0.94600			6
2024.01.23	00:17:51.666	0.94599	0.94599			6
2024.01.23	00:17:51.695	0.94600	0.94600			6
2024.01.23	00:17:51.827	0.94601	0.94601			6
2024.01.23	00:17:52.107	0.94602	0.94602			6
2024.01.23	00:17:52.227	0.94601	0.94601			6
2024.01.23	00:17:57.907	0.94602	0.94602			6
2024.01.23	00:18:02.741	0.94603	0.94603			6
2024.01.23	00:18:06.147	0.94602	0.94602			6
2024.01.23	00:18:06.458	0.94603	0.94603			6
2024.01.23	00:18:07.527	0.94602	0.94602			6
2024.01.23	00:18:07.856	0.94603	0.94603			6
2024.01.23	00:18:08.170	0.94602	0.94602			6
2024.01.23	00:18:13.327	0.94598	0.94598			6
2024.01.23	00:18:13.357	0.94602	0.94602			6
2024.01.23	00:18:13.598	0.94600	0.94600			6
2024.01.23	00:18:14.585	0.94601	0.94601			6
2024.01.23	00:18:14.645	0.94603	0.94603			6
2024.01.23	00:18:14.674	0.94602	0.94602			6
2024.01.23	00:18:15.060	0.94599	0.94599			6
2024.01.23	00:18:15.092	0.94602	0.94602			6
2024.01.23	00:18:15.552	0.94604	0.94604			6
2024.01.23	00:18:15.692	0.94603	0.94603			6
2024.01.23	00:18:16.193	0.94602	0.94602			6
2024.01.23	00:18:26.096	0.94606	0.94606			6
2024.01.23	00:18:26.127	0.94603	0.94603			6
2024.01.23	00:18:26.324	0.94599	0.94599			6
2024.01.23	00:18:26.356	0.94603	0.94603			6
2024.01.23	00:18:30.057	0.94605	0.94605			6
2024.01.23	00:18:31.221	0.94603	0.94603			6
2024.01.23	00:18:31.252	0.94601	0.94601			6
2024.01.23	00:18:31.965	0.94598	0.94598			6
2024.01.23	00:18:31.997	0.94601	0.94601			6
2024.01.23	00:18:33.174	0.94598	0.94598			6
2024.01.23	00:18:33.204	0.94602	0.94602			6
2024.01.23	00:18:33.756	0.94601	0.94601			6
2024.01.23	00:18:35.137	0.94600	0.94600			6
2024.01.23	00:18:37.245	0.94597	0.94597			6
2024.01.23	00:18:37.276	0.94601	0.94601			6
2024.01.23	00:18:38.428	0.94599	0.94599			6
2024.01.23	00:18:42.462	0.94596	0.94596			6
2024.01.23	00:18:42.492	0.94599	0.94599			6
2024.01.23	00:18:48.284	0.94596	0.94596			6
2024.01.23	00:18:48.314	0.94599	0.94599			6
2024.01.23	00:18:53.178	0.94600	0.94600			6
2024.01.23	00:19:02.309	0.94599	0.94599			6
2024.01.23	00:19:02.458	0.94600	0.94600			6
2024.01.23	00:19:02.678	0.94599	0.94599			6
2024.01.23	00:19:03.317	0.94600	0.94600			6
2024.01.23	00:19:08.456	0.94599	0.94599			6
2024.01.23	00:19:08.487	0.94598	0.94598			6
2024.01.23	00:19:11.087	0.94599	0.94599			6
2024.01.23	00:19:11.117	0.94600	0.94600			6
2024.01.23	00:19:13.869	0.94601	0.94601			6
2024.01.23	00:19:13.898	0.94602	0.94602			6
2024.01.23	00:19:14.639	0.94603	0.94603			6
2024.01.23	00:19:14.669	0.94605	0.94605			6
2024.01.23	00:19:14.908	0.94601	0.94601			6
2024.01.23	00:19:14.938	0.94605	0.94605			6
2024.01.23	00:19:16.956	0.94606	0.94606			6
2024.01.23	00:19:17.385	0.94603	0.94603			6
2024.01.23	00:19:26.794	0.94606	0.94606			6
2024.01.23	00:19:29.699	0.94607	0.94607			6
2024.01.23	00:19:30.021	0.94606	0.94606			6
2024.01.23	00:19:32.237	0.94605	0.94605			6
2024.01.23	00:19:32.267	0.94606	0.94606			6
2024.01.23	00:19:32.327	0.94605	0.94605			6
2024.01.23	00:19:32.899	0.94604	0.94604			6
2024.01.23	00:19:32.988	0.94607	0.94607			6
2024.01.23	00:19:33.199	0.94606	0.94606			6
2024.01.23	00:19:33.415	0.94605	0.94605			6
2024.01.23	00:19:36.760	0.94606	0.94606			6
2024.01.23	00:19:37.560	0.94607	0.94607			6
2024.01.23	00:19:39.047	0.94606	0.94606			6
2024.01.23	00:19:39.841	0.94607	0.94607			6
2024.01.23	00:19:40.081	0.94608	0.94608			6
2024.01.23	00:19:40.111	0.94609	0.94609			6
2024.01.23	00:19:41.696	0.94608	0.94608			6
2024.01.23	00:19:41.726	0.94607	0.94607			6
2024.01.23	00:19:42.902	0.94606	0.94606			6
2024.01.23	00:19:46.208	0.94605	0.94605			6
2024.01.23	00:19:46.857	0.94595	0.94595			6
2024.01.23	00:19:47.873	0.94597	0.94597			6
2024.01.23	00:19:47.903	0.94603	0.94603			6
2024.01.23	00:20:05.046	0.94604	0.94604			6
2024.01.23	00:20:05.076	0.94607	0.94607			6
2024.01.23	00:20:09.996	0.94608	0.94608			6
2024.01.23	00:20:10.086	0.94609	0.94609			6
2024.01.23	00:20:20.276	0.94608	0.94608			6
2024.01.23	00:20:23.386	0.94610	0.94610			6
2024.01.23	00:20:38.530	0.94611	0.94611			6
2024.01.23	00:20:38.587	0.94612	0.94612			6
2024.01.23	00:20:38.618	0.94613	0.94613			6
2024.01.23	00:20:48.567	0.94606	0.94606			6
2024.01.23	00:20:51.666	0.94605	0.94605			6
2024.01.23	00:21:27.247	0.94605				2
2024.01.23	00:21:42.845	0.94603	0.94603			6
2024.01.23	00:21:48.658	0.94602	0.94602			6
2024.01.23	00:21:51.878	0.94601	0.94601			6
2024.01.23	00:21:51.908	0.94600	0.94600			6
2024.01.23	00:21:52.061	0.94599	0.94599			6
2024.01.23	00:21:56.876	0.94600	0.94600			6
2024.01.23	00:22:24.000	0.94599	0.94599			6
2024.01.23	00:22:24.336	0.94598	0.94598			6
2024.01.23	00:22:24.366	0.94597	0.94597			6
2024.01.23	00:22:24.396	0.94598	0.94598			6
2024.01.23	00:22:24.426	0.94597	0.94597			6
2024.01.23	00:22:25.425	0.94598	0.94598			6
2024.01.23	00:22:31.977	0.94599	0.94599			6
2024.01.23	00:22:40.855	0.94600	0.94600			6
2024.01.23	00:22:41.796	0.94599	0.94599			6
2024.01.23	00:22:48.545	0.94596	0.94596			6
2024.01.23	00:22:48.576	0.94595	0.94595			6
2024.01.23	00:22:49.575	0.94594	0.94594			6
2024.01.23	00:22:53.475	0.94595	0.94595			6
2024.01.23	00:22:53.505	0.94594	0.94594			6
2024.01.23	00:22:54.235	0.94591	0.94591			6
2024.01.23	00:22:55.624	0.94592	0.94592			6
2024.01.23	00:22:55.655	0.94591	0.94591			6
2024.01.23	00:22:55.685	0.94592	0.94592			6
2024.01.23	00:22:59.367	0.94591	0.94591			6
2024.01.23	00:23:00.085	0.94590	0.94590			6
2024.01.23	00:23:01.154	0.94592	0.94592			6
2024.01.23	00:23:04.986	0.94591	0.94591			6
2024.01.23	00:23:06.935	0.94592	0.94592			6
2024.01.23	00:23:07.735	0.94591	0.94591			6
2024.01.23	00:23:19.185	0.94592	0.94592			6
2024.01.23	00:23:19.696	0.94591	0.94591			6
2024.01.23	00:23:21.870	0.94592	0.94592			6
2024.01.23	00:23:21.985	0.94591	0.94591			6
2024.01.23	00:23:28.492	0.94592	0.94592			6
2024.01.23	00:23:28.636	0.94591	0.94591			6
2024.01.23	00:23:28.736	0.94592	0.94592			6
2024.01.23	00:23:29.330	0.94591	0.94591			6
2024.01.23	00:23:31.668	0.94592	0.94592			6
2024.01.23	00:23:32.111	0.94591	0.94591			6
2024.01.23	00:23:46.226	0.94593	0.94593			6
2024.01.23	00:23:46.286	0.94592	0.94592			6
2024.01.23	00:23:46.316	0.94594	0.94594			6
2024.01.23	00:23:50.755	0.94598	0.94598			6
2024.01.23	00:23:50.786	0.94600	0.94600			6
2024.01.23	00:24:00.139	0.94600				2
2024.01.23	00:24:02.016	0.94601	0.94601			6
2024.01.23	00:24:02.098	0.94600	0.94600			6
2024.01.23	00:24:02.158	0.94601	0.94601			6
2024.01.23	00:24:03.026	0.94600	0.94600			6
2024.01.23	00:24:03.145	0.94601	0.94601			6
2024.01.23	00:24:03.426	0.94600	0.94600			6
2024.01.23	00:24:03.486	0.94601	0.94601			6
2024.01.23	00:24:03.515	0.94600	0.94600			6
2024.01.23	00:24:03.844	0.94601	0.94601			6
2024.01.23	00:24:03.904	0.94600	0.94600			6
2024.01.23	00:24:04.039	0.94601	0.94601			6
2024.01.23	00:24:05.766	0.94600	0.94600			6
2024.01.23	00:24:05.887	0.94601	0.94601			6
2024.01.23	00:24:06.096	0.94600	0.94600			6
2024.01.23	00:24:06.126	0.94601	0.94601			6
2024.01.23	00:24:06.187	0.94600	0.94600			6
2024.01.23	00:24:06.216	0.94601	0.94601			6
2024.01.23	00:24:06.585	0.94600	0.94600			6
2024.01.23	00:24:06.996	0.94601	0.94601			6
2024.01.23	00:24:07.145	0.94600	0.94600			6
2024.01.23	00:24:07.175	0.94601	0.94601			6
2024.01.23	00:24:07.835	0.94600	0.94600			6
2024.01.23	00:24:08.016	0.94601	0.94601			6
2024.01.23	00:24:08.107	0.94600	0.94600			6
2024.01.23	00:24:08.138	0.94601	0.94601			6
2024.01.23	00:24:08.631	0.94600	0.94600			6
2024.01.23	00:24:08.767	0.94601	0.94601			6
2024.01.23	00:24:09.180	0.94600	0.94600			6
2024.01.23	00:24:09.240	0.94601	0.94601			6
2024.01.23	00:24:09.270	0.94600	0.94600			6
2024.01.23	00:24:11.886	0.94603	0.94603			6
2024.01.23	00:24:11.915	0.94604	0.94604			6
2024.01.23	00:24:14.251	0.94603	0.94603			6
2024.01.23	00:24:14.281	0.94604	0.94604			6
2024.01.23	00:24:14.312	0.94603	0.94603			6
2024.01.23	00:24:14.342	0.94604	0.94604			6
2024.01.23	00:24:14.480	0.94603	0.94603			6
2024.01.23	00:24:14.736	0.94604	0.94604			6
2024.01.23	00:24:15.587	0.94603	0.94603			6
2024.01.23	00:24:15.617	0.94601	0.94601			6
2024.01.23	00:24:15.646	0.94600	0.94600			6
2024.01.23	00:24:19.895	0.94594	0.94594			6
2024.01.23	00:24:20.015	0.94596	0.94596			6
2024.01.23	00:25:00.078	0.94595	0.94595			6
2024.01.23	00:25:02.006	0.94596	0.94596			6
2024.01.23	00:25:03.122	0.94595	0.94595			6
2024.01.23	00:25:04.237	0.94596	0.94596			6
2024.01.23	00:25:16.977	0.94595	0.94595			6
2024.01.23	00:25:19.375	0.94593	0.94593			6
2024.01.23	00:25:19.406	0.94592	0.94592			6
2024.01.23	00:25:22.950	0.94591	0.94591			6
2024.01.23	00:25:23.009	0.94592	0.94592			6
2024.01.23	00:25:23.041	0.94590	0.94590			6
2024.01.23	00:25:23.130	0.94588	0.94588			6
2024.01.23	00:25:23.737	0.94589	0.94589			6
2024.01.23	00:25:24.798	0.94592	0.94592			6
2024.01.23	00:25:25.103	0.94590	0.94590			6
2024.01.23	00:25:26.034	0.94587	0.94587			6
2024.01.23	00:25:26.572	0.94586	0.94586			6
2024.01.23	00:25:27.592	0.94588	0.94588			6
2024.01.23	00:25:27.622	0.94586	0.94586			6
2024.01.23	00:25:27.652	0.94588	0.94588			6
2024.01.23	00:25:28.321	0.94586	0.94586			6
2024.01.23	00:25:29.780	0.94588	0.94588			6
2024.01.23	00:25:30.324	0.94586	0.94586			6
2024.01.23	00:25:30.355	0.94589	0.94589			6
2024.01.23	00:25:32.854	0.94588	0.94588			6
2024.01.23	00:25:33.196	0.94587	0.94587			6
2024.01.23	00:25:33.259	0.94588	0.94588			6
2024.01.23	00:25:34.626	0.94587	0.94587			6
2024.01.23	00:25:34.656	0.94585	0.94585			6
2024.01.23	00:25:35.395	0.94586	0.94586			6
2024.01.23	00:25:36.046	0.94587	0.94587			6
2024.01.23	00:25:36.808	0.94585	0.94585			6
2024.01.23	00:25:39.316	0.94587	0.94587			6
2024.01.23	00:25:39.347	0.94585	0.94585			6
2024.01.23	00:25:39.859	0.94587	0.94587			6
2024.01.23	00:25:40.470	0.94585	0.94585			6
2024.01.23	00:25:41.410	0.94593	0.94593			6
2024.01.23	00:25:41.439	0.94592	0.94592			6
2024.01.23	00:25:44.323	0.94595	0.94595			6
2024.01.23	00:25:44.353	0.94596	0.94596			6
2024.01.23	00:25:44.866	0.94595	0.94595			6
2024.01.23	00:25:48.119	0.94597	0.94597			6
2024.01.23	00:25:48.395	0.94595	0.94595			6
2024.01.23	00:25:52.096	0.94593	0.94593			6
2024.01.23	00:25:52.127	0.94590	0.94590			6
2024.01.23	00:25:52.155	0.94588	0.94588			6
2024.01.23	00:25:52.336	0.94587	0.94587			6
2024.01.23	00:25:56.176	0.94588	0.94588			6
2024.01.23	00:25:56.529	0.94591	0.94591			6
2024.01.23	00:25:56.559	0.94588	0.94588			6
2024.01.23	00:25:57.314	0.94592	0.94592			6
2024.01.23	00:26:01.876	0.94582	0.94582			6
2024.01.23	00:26:22.203	0.94581	0.94581			6
2024.01.23	00:26:23.564	0.94582	0.94582			6
2024.01.23	00:26:24.390	0.94581	0.94581			6
2024.01.23	00:26:24.422	0.94582	0.94582			6
2024.01.23	00:26:24.687	0.94581	0.94581			6
2024.01.23	00:26:24.778	0.94582	0.94582			6
2024.01.23	00:26:25.411	0.94581	0.94581			6
2024.01.23	00:26:26.634	0.94582	0.94582			6
2024.01.23	00:26:30.805	0.94583	0.94583			6
2024.01.23	00:26:30.835	0.94582	0.94582			6
2024.01.23	00:26:41.309	0.94591	0.94591			6
2024.01.23	00:26:43.478	0.94592	0.94592			6
2024.01.23	00:26:43.508	0.94591	0.94591			6
2024.01.23	00:26:45.533	0.94592	0.94592			6
2024.01.23	00:26:46.050	0.94593	0.94593			6
2024.01.23	00:26:49.825	0.94588	0.94588			6
2024.01.23	00:26:49.857	0.94583	0.94583			6
2024.01.23	00:27:01.454	0.94582	0.94582			6
2024.01.23	00:27:01.484	0.94581	0.94581			6
2024.01.23	00:27:01.514	0.94582	0.94582			6
2024.01.23	00:27:06.301	0.94581	0.94581			6
2024.01.23	00:27:08.045	0.94583	0.94583			6
2024.01.23	00:27:16.814	0.94584	0.94584			6
2024.01.23	00:27:17.004	0.94580	0.94580			6
2024.01.23	00:27:26.121	0.94581	0.94581			6
2024.01.23	00:27:26.150	0.94580	0.94580			6
2024.01.23	00:27:26.383	0.94581	0.94581			6
2024.01.23	00:27:26.828	0.94582	0.94582			6
2024.01.23	00:27:29.585	0.94581	0.94581			6
2024.01.23	00:27:35.034	0.94575	0.94575			6
2024.01.23	00:27:35.065	0.94573	0.94573			6
2024.01.23	00:27:35.126	0.94574	0.94574			6
2024.01.23	00:27:35.784	0.94582	0.94582			6
2024.01.23	00:27:36.363	0.94581	0.94581			6
2024.01.23	00:27:40.608	0.94582	0.94582			6
2024.01.23	00:27:42.365	0.94585	0.94585			6
2024.01.23	00:27:42.395	0.94584	0.94584			6
2024.01.23	00:27:42.424	0.94585	0.94585			6
2024.01.23	00:27:42.454	0.94584	0.94584			6
2024.01.23	00:27:42.814	0.94585	0.94585			6
2024.01.23	00:27:42.844	0.94584	0.94584			6
2024.01.23	00:27:42.874	0.94585	0.94585			6
2024.01.23	00:27:42.903	0.94584	0.94584			6
2024.01.23	00:27:43.066	0.94585	0.94585			6
2024.01.23	00:27:43.158	0.94584	0.94584			6
2024.01.23	00:27:43.558	0.94585	0.94585			6
2024.01.23	00:27:43.589	0.94584	0.94584			6
2024.01.23	00:27:43.618	0.94585	0.94585			6
2024.01.23	00:27:43.648	0.94584	0.94584			6
2024.01.23	00:27:43.896	0.94585	0.94585			6
2024.01.23	00:27:43.957	0.94584	0.94584			6
2024.01.23	00:27:44.064	0.94585	0.94585			6
2024.01.23	00:27:44.093	0.94584	0.94584			6
2024.01.23	00:27:44.125	0.94585	0.94585			6
2024.01.23	00:27:44.154	0.94584	0.94584			6
2024.01.23	00:27:44.576	0.94585	0.94585			6
2024.01.23	00:27:44.607	0.94584	0.94584			6
2024.01.23	00:27:45.125	0.94585	0.94585			6
2024.01.23	00:27:45.185	0.94584	0.94584			6
2024.01.23	00:27:45.216	0.94585	0.94585			6
2024.01.23	00:27:45.306	0.94584	0.94584			6
2024.01.23	00:27:45.717	0.94585	0.94585			6
2024.01.23	00:27:46.184	0.94584	0.94584			6
2024.01.23	00:27:47.615	0.94585	0.94585			6
2024.01.23	00:27:48.153	0.94584	0.94584			6
2024.01.23	00:27:48.375	0.94585	0.94585			6
2024.01.23	00:27:53.286	0.94584	0.94584			6
2024.01.23	00:27:53.824	0.94585	0.94585			6
2024.01.23	00:27:54.835	0.94584	0.94584			6
2024.01.23	00:27:55.108	0.94585	0.94585			6
2024.01.23	00:27:55.475	0.94584	0.94584			6
2024.01.23	00:28:10.174	0.94583	0.94583			6
2024.01.23	00:28:10.264	0.94584	0.94584			6
2024.01.23	00:28:10.294	0.94583	0.94583			6
2024.01.23	00:28:10.324	0.94584	0.94584			6
2024.01.23	00:28:10.606	0.94583	0.94583			6
2024.01.23	00:28:10.756	0.94584	0.94584			6
2024.01.23	00:28:13.108	0.94585	0.94585			6
2024.01.23	00:28:13.138	0.94584	0.94584			6
2024.01.23	00:28:13.167	0.94585	0.94585			6
2024.01.23	00:28:13.198	0.94584	0.94584			6
2024.01.23	00:28:13.426	0.94585	0.94585			6
2024.01.23	00:28:13.457	0.94584	0.94584			6
2024.01.23	00:28:13.487	0.94583	0.94583			6
2024.01.23	00:28:13.530	0.94585	0.94585			6
2024.01.23	00:28:13.590	0.94583	0.94583			6
2024.01.23	00:28:13.745	0.94584	0.94584			6
2024.01.23	00:28:13.926	0.94585	0.94585			6
2024.01.23	00:28:13.956	0.94584	0.94584			6
2024.01.23	00:28:14.105	0.94585	0.94585			6
2024.01.23	00:28:14.165	0.94583	0.94583			6
2024.01.23	00:28:14.197	0.94585	0.94585			6
2024.01.23	00:28:14.226	0.94584	0.94584			6
2024.01.23	00:28:14.316	0.94583	0.94583			6
2024.01.23	00:28:14.376	0.94584	0.94584			6
2024.01.23	00:28:14.406	0.94583	0.94583			6
2024.01.23	00:28:14.555	0.94584	0.94584			6
2024.01.23	00:28:14.835	0.94583	0.94583			6
2024.01.23	00:28:14.956	0.94584	0.94584			6
2024.01.23	00:28:15.950	0.94585	0.94585			6
2024.01.23	00:28:16.107	0.94584	0.94584			6
2024.01.23	00:28:16.685	0.94583	0.94583			6
2024.01.23	00:28:16.745	0.94584	0.94584			6
2024.01.23	00:28:16.804	0.94583	0.94583			6
2024.01.23	00:28:16.835	0.94584	0.94584			6
2024.01.23	00:28:16.866	0.94583	0.94583			6
2024.01.23	00:28:17.635	0.94584	0.94584			6
2024.01.23	00:28:25.566	0.94583	0.94583			6
2024.01.23	00:28:25.685	0.94584	0.94584			6
2024.01.23	00:28:26.915	0.94583	0.94583			6
2024.01.23	00:28:27.844	0.94584	0.94584			6
2024.01.23	00:28:28.943	0.94583	0.94583			6
2024.01.23	00:28:30.844	0.94584	0.94584			6
2024.01.23	00:28:31.244	0.94583	0.94583			6
2024.01.23	00:28:31.685	0.94584	0.94584			6
2024.01.23	00:28:31.744	0.94583	0.94583			6
2024.01.23	00:28:33.055	0.94584	0.94584			6
2024.01.23	00:28:35.826	0.94583	0.94583			6
2024.01.23	00:28:36.036	0.94584	0.94584			6
2024.01.23	00:28:36.066	0.94583	0.94583			6
2024.01.23	00:28:36.337	0.94584	0.94584			6
2024.01.23	00:28:36.367	0.94583	0.94583			6
2024.01.23	00:28:36.397	0.94584	0.94584			6
2024.01.23	00:28:36.427	0.94583	0.94583			6
2024.01.23	00:28:36.590	0.94584	0.94584			6
2024.01.23	00:28:36.619	0.94583	0.94583			6
2024.01.23	00:28:36.649	0.94584	0.94584			6
2024.01.23	00:28:36.679	0.94583	0.94583			6
2024.01.23	00:28:36.890	0.94584	0.94584			6
2024.01.23	00:28:36.921	0.94583	0.94583			6
2024.01.23	00:28:37.049	0.94584	0.94584			6
2024.01.23	00:28:37.187	0.94583	0.94583			6
2024.01.23	00:28:37.306	0.94584	0.94584			6
2024.01.23	00:28:38.907	0.94583	0.94583			6
2024.01.23	00:28:40.854	0.94584	0.94584			6
2024.01.23	00:28:42.094	0.94583	0.94583			6
2024.01.23	00:28:43.384	0.94584	0.94584			6
2024.01.23	00:28:43.414	0.94583	0.94583			6
2024.01.23	00:28:43.757	0.94584	0.94584			6
2024.01.23	00:28:43.828	0.94583	0.94583			6
2024.01.23	00:28:44.128	0.94584	0.94584			6
2024.01.23	00:28:44.219	0.94583	0.94583			6
2024.01.23	00:28:45.351	0.94584	0.94584			6
2024.01.23	00:28:45.743	0.94583	0.94583			6
2024.01.23	00:28:48.394	0.94584	0.94584			6
2024.01.23	00:28:48.745	0.94583	0.94583			6
2024.01.23	00:28:48.985	0.94584	0.94584			6
2024.01.23	00:28:49.736	0.94583	0.94583			6
2024.01.23	00:28:50.486	0.94584	0.94584			6
2024.01.23	00:28:51.718	0.94583	0.94583			6
2024.01.23	00:28:56.086	0.94584	0.94584			6
2024.01.23	00:29:01.897	0.94583	0.94583			6
2024.01.23	00:29:02.053	0.94584	0.94584			6
2024.01.23	00:29:05.236	0.94583	0.94583			6
2024.01.23	00:29:05.703	0.94584	0.94584			6
2024.01.23	00:29:05.732	0.94583	0.94583			6
2024.01.23	00:29:07.806	0.94584	0.94584			6
2024.01.23	00:29:07.867	0.94583	0.94583			6
2024.01.23	00:29:10.505	0.94584	0.94584			6
2024.01.23	00:29:11.332	0.94583	0.94583			6
2024.01.23	00:29:11.495	0.94584	0.94584			6
2024.01.23	00:29:11.524	0.94583	0.94583			6
2024.01.23	00:29:11.735	0.94584	0.94584			6
2024.01.23	00:29:12.093	0.94583	0.94583			6
2024.01.23	00:29:13.156	0.94584	0.94584			6
2024.01.23	00:29:13.617	0.94583	0.94583			6
2024.01.23	00:29:14.065	0.94585	0.94585			6
2024.01.23	00:29:17.522	0.94587	0.94587			6
2024.01.23	00:29:17.553	0.94588	0.94588			6
2024.01.23	00:29:18.343	0.94587	0.94587			6
2024.01.23	00:29:18.707	0.94588	0.94588			6
2024.01.23	00:29:18.766	0.94587	0.94587			6
2024.01.23	00:29:35.856	0.94586	0.94586			6
2024.01.23	00:29:36.493	0.94587	0.94587			6
2024.01.23	00:29:36.524	0.94586	0.94586			6
2024.01.23	00:29:42.114	0.94597	0.94597			6
2024.01.23	00:29:51.892	0.94598	0.94598			6
2024.01.23	00:29:57.453	0.94597	0.94597			6
2024.01.23	00:30:00.074	0.94598	0.94598			6
2024.01.23	00:30:00.134	0.94592	0.94592			6
2024.01.23	00:30:00.395	0.94591	0.94591			6
2024.01.23	00:30:00.515	0.94592	0.94592			6
2024.01.23	00:30:00.726	0.94591	0.94591			6
2024.01.23	00:30:00.785	0.94592	0.94592			6
2024.01.23	00:30:00.845	0.94591	0.94591			6
2024.01.23	00:30:00.935	0.94592	0.94592			6
2024.01.23	00:30:01.056	0.94591	0.94591			6
2024.01.23	00:30:01.145	0.94592	0.94592			6
2024.01.23	00:30:01.175	0.94591	0.94591			6
2024.01.23	00:30:01.205	0.94592	0.94592			6
2024.01.23	00:30:01.235	0.94591	0.94591			6
2024.01.23	00:30:01.295	0.94592	0.94592			6
2024.01.23	00:30:01.324	0.94591	0.94591			6
2024.01.23	00:30:01.385	0.94592	0.94592			6
2024.01.23	00:30:01.415	0.94591	0.94591			6
2024.01.23	00:30:01.445	0.94592	0.94592			6
2024.01.23	00:30:01.474	0.94591	0.94591			6
2024.01.23	00:30:01.535	0.94592	0.94592			6
2024.01.23	00:30:01.594	0.94591	0.94591			6
2024.01.23	00:30:01.654	0.94592	0.94592			6
2024.01.23	00:30:01.716	0.94591	0.94591			6
2024.01.23	00:30:01.745	0.94592	0.94592			6
2024.01.23	00:30:01.775	0.94591	0.94591			6
2024.01.23	00:30:01.895	0.94592	0.94592			6
2024.01.23	00:30:02.017	0.94591	0.94591			6
2024.01.23	00:30:02.252	0.94592	0.94592			6
2024.01.23	00:30:02.282	0.94591	0.94591			6
2024.01.23	00:30:02.341	0.94592	0.94592			6
2024.01.23	00:30:02.371	0.94591	0.94591			6
2024.01.23	00:30:02.431	0.94592	0.94592			6
2024.01.23	00:30:02.492	0.94591	0.94591			6
2024.01.23	00:30:02.552	0.94592	0.94592			6
2024.01.23	00:30:02.582	0.94591	0.94591			6
2024.01.23	00:30:02.701	0.94592	0.94592			6
2024.01.23	00:30:02.731	0.94591	0.94591			6
2024.01.23	00:30:02.761	0.94592	0.94592			6
2024.01.23	00:30:02.865	0.94591	0.94591			6
2024.01.23	00:30:05.249	0.94590	0.94590			6
2024.01.23	00:30:05.309	0.94591	0.94591			6
2024.01.23	00:30:10.065	0.94590	0.94590			6
2024.01.23	00:30:10.155	0.94591	0.94591			6
2024.01.23	00:30:10.944	0.94590	0.94590			6
2024.01.23	00:30:11.004	0.94591	0.94591			6
2024.01.23	00:30:11.905	0.94590	0.94590			6
2024.01.23	00:30:11.994	0.94591	0.94591			6
2024.01.23	00:30:12.431	0.94590	0.94590			6
2024.01.23	00:30:12.492	0.94591	0.94591			6
2024.01.23	00:30:12.754	0.94592	0.94592			6
2024.01.23	00:30:12.934	0.94591	0.94591			6
2024.01.23	00:30:12.995	0.94592	0.94592			6
2024.01.23	00:30:14.025	0.94591	0.94591			6
2024.01.23	00:30:14.085	0.94592	0.94592			6
2024.01.23	00:30:14.116	0.94591	0.94591			6
2024.01.23	00:30:14.205	0.94592	0.94592			6
2024.01.23	00:30:14.571	0.94591	0.94591			6
2024.01.23	00:30:16.032	0.94592	0.94592			6
2024.01.23	00:30:17.105	0.94591	0.94591			6
2024.01.23	00:30:20.176	0.94590	0.94590			6
2024.01.23	00:30:20.206	0.94591	0.94591			6
2024.01.23	00:30:20.265	0.94590	0.94590			6
2024.01.23	00:30:20.386	0.94591	0.94591			6
2024.01.23	00:30:21.057	0.94590	0.94590			6
2024.01.23	00:30:21.086	0.94591	0.94591			6
2024.01.23	00:30:23.006	0.94592	0.94592			6
2024.01.23	00:30:28.160	0.94591	0.94591			6
2024.01.23	00:30:28.190	0.94592	0.94592			6
2024.01.23	00:30:28.717	0.94591	0.94591			6
2024.01.23	00:30:28.747	0.94592	0.94592			6
2024.01.23	00:30:30.106	0.94591	0.94591			6
2024.01.23	00:30:30.486	0.94592	0.94592			6
2024.01.23	00:30:30.515	0.94591	0.94591			6
2024.01.23	00:30:30.546	0.94592	0.94592			6
2024.01.23	00:30:31.205	0.94591	0.94591			6
2024.01.23	00:30:31.235	0.94592	0.94592			6
2024.01.23	00:30:31.924	0.94591	0.94591			6
2024.01.23	00:30:32.000	0.94592	0.94592			6
2024.01.23	00:30:35.699	0.94591	0.94591			6
2024.01.23	00:30:35.758	0.94592	0.94592			6
2024.01.23	00:30:36.116	0.94591	0.94591			6
2024.01.23	00:30:36.146	0.94592	0.94592			6
2024.01.23	00:30:36.945	0.94593	0.94593			6
2024.01.23	00:30:37.384	0.94592	0.94592			6
2024.01.23	00:30:39.678	0.94593	0.94593			6
2024.01.23	00:30:47.774	0.94592	0.94592			6
2024.01.23	00:30:53.900	0.94593	0.94593			6
2024.01.23	00:30:53.931	0.94592	0.94592			6
2024.01.23	00:31:00.058	0.94592				2
2024.01.23	00:31:01.886	0.94593	0.94593			6
2024.01.23	00:31:01.975	0.94592	0.94592			6
2024.01.23	00:31:02.159	0.94593	0.94593			6
2024.01.23	00:31:02.189	0.94592	0.94592			6
2024.01.23	00:31:02.908	0.94593	0.94593			6
2024.01.23	00:31:02.968	0.94592	0.94592			6
2024.01.23	00:31:03.165	0.94593	0.94593			6
2024.01.23	00:31:03.413	0.94592	0.94592			6
2024.01.23	00:31:03.954	0.94593	0.94593			6
2024.01.23	00:31:03.983	0.94592	0.94592			6
2024.01.23	00:31:06.836	0.94593	0.94593			6
2024.01.23	00:31:06.866	0.94592	0.94592			6
2024.01.23	00:31:08.527	0.94601	0.94601			6
2024.01.23	00:31:08.557	0.94594	0.94594			6
2024.01.23	00:31:20.974	0.94595	0.94595			6
2024.01.23	00:31:21.004	0.94594	0.94594			6
2024.01.23	00:31:22.105	0.94593	0.94593			6
2024.01.23	00:31:22.136	0.94597	0.94597			6
2024.01.23	00:31:22.167	0.94596	0.94596			6
2024.01.23	00:31:22.257	0.94599	0.94599			6
2024.01.23	00:31:22.289	0.94595	0.94595			6
2024.01.23	00:31:22.348	0.94594	0.94594			6
2024.01.23	00:31:22.468	0.94595	0.94595			6
2024.01.23	00:31:22.498	0.94594	0.94594			6
2024.01.23	00:31:22.529	0.94595	0.94595			6
2024.01.23	00:31:22.679	0.94594	0.94594			6
2024.01.23	00:31:22.710	0.94595	0.94595			6
2024.01.23	00:31:22.894	0.94594	0.94594			6
2024.01.23	00:31:23.884	0.94595	0.94595			6
2024.01.23	00:31:23.915	0.94594	0.94594			6
2024.01.23	00:31:25.963	0.94598	0.94598			6
2024.01.23	00:31:26.023	0.94597	0.94597			6
2024.01.23	00:31:28.043	0.94595	0.94595			6
2024.01.23	00:31:28.102	0.94594	0.94594			6
2024.01.23	00:31:28.429	0.94595	0.94595			6
2024.01.23	00:31:28.459	0.94594	0.94594			6
2024.01.23	00:31:28.519	0.94595	0.94595			6
2024.01.23	00:31:33.467	0.94598	0.94598			6
2024.01.23	00:31:33.496	0.94595	0.94595			6
2024.01.23	00:31:33.691	0.94594	0.94594			6
2024.01.23	00:31:33.722	0.94595	0.94595			6
2024.01.23	00:31:33.751	0.94594	0.94594			6
2024.01.23	00:31:33.905	0.94595	0.94595			6
2024.01.23	00:31:34.575	0.94594	0.94594			6
2024.01.23	00:31:35.480	0.94595	0.94595			6
2024.01.23	00:31:35.510	0.94594	0.94594			6
2024.01.23	00:31:35.989	0.94595	0.94595			6
2024.01.23	00:31:36.018	0.94594	0.94594			6
2024.01.23	00:31:38.177	0.94595	0.94595			6
2024.01.23	00:31:38.207	0.94594	0.94594			6
2024.01.23	00:31:41.119	0.94595	0.94595			6
2024.01.23	00:31:41.149	0.94594	0.94594			6
2024.01.23	00:31:41.516	0.94595	0.94595			6
2024.01.23	00:31:41.778	0.94594	0.94594			6
2024.01.23	00:31:42.048	0.94595	0.94595			6
2024.01.23	00:31:42.200	0.94594	0.94594			6
2024.01.23	00:31:42.432	0.94595	0.94595			6
2024.01.23	00:31:42.463	0.94594	0.94594			6
2024.01.23	00:31:46.894	0.94595	0.94595			6
2024.01.23	00:31:47.044	0.94594	0.94594			6
2024.01.23	00:31:47.135	0.94595	0.94595			6
2024.01.23	00:31:47.165	0.94594	0.94594			6
2024.01.23	00:31:47.395	0.94595	0.94595			6
2024.01.23	00:31:47.455	0.94594	0.94594			6
2024.01.23	00:31:47.794	0.94595	0.94595			6
2024.01.23	00:31:48.004	0.94594	0.94594			6
2024.01.23	00:31:48.384	0.94595	0.94595			6
2024.01.23	00:31:48.415	0.94594	0.94594			6
2024.01.23	00:31:58.413	0.94595	0.94595			6
2024.01.23	00:31:58.502	0.94596	0.94596			6
2024.01.23	00:31:58.775	0.94595	0.94595			6
2024.01.23	00:31:58.805	0.94592	0.94592			6
2024.01.23	00:31:58.835	0.94589	0.94589			6
2024.01.23	00:31:59.093	0.94588	0.94588			6
2024.01.23	00:32:01.406	0.94588				2
2024.01.23	00:32:07.936	0.94602	0.94602			6
2024.01.23	00:32:07.996	0.94600	0.94600			6
2024.01.23	00:32:08.288	0.94599	0.94599			6
2024.01.23	00:32:08.525	0.94598	0.94598			6
2024.01.23	00:32:08.704	0.94597	0.94597			6
2024.01.23	00:32:18.014	0.94598	0.94598			6
2024.01.23	00:32:18.043	0.94597	0.94597			6
2024.01.23	00:32:18.998	0.94594	0.94594			6
2024.01.23	00:32:19.028	0.94597	0.94597			6
2024.01.23	00:32:27.783	0.94595	0.94595			6
2024.01.23	00:32:27.873	0.94596	0.94596			6
2024.01.23	00:32:44.191	0.94593	0.94593			6
2024.01.23	00:32:44.221	0.94592	0.94592			6
2024.01.23	00:32:44.412	0.94593	0.94593			6
2024.01.23	00:32:44.608	0.94592	0.94592			6
2024.01.23	00:33:00.055	0.94592				2
2024.01.23	00:33:02.364	0.94589	0.94589			6
2024.01.23	00:33:02.394	0.94590	0.94590			6
2024.01.23	00:33:02.424	0.94592	0.94592			6
2024.01.23	00:33:02.454	0.94589	0.94589			6
2024.01.23	00:33:02.484	0.94588	0.94588			6
2024.01.23	00:33:02.545	0.94587	0.94587			6
2024.01.23	00:33:03.085	0.94591	0.94591			6
2024.01.23	00:33:03.115	0.94587	0.94587			6
2024.01.23	00:33:05.874	0.94586	0.94586			6
2024.01.23	00:33:05.936	0.94590	0.94590			6
2024.01.23	00:33:05.966	0.94599	0.94599			6
2024.01.23	00:33:05.995	0.94593	0.94593			6
2024.01.23	00:33:06.434	0.94594	0.94594			6
2024.01.23	00:33:06.645	0.94599	0.94599			6
2024.01.23	00:33:07.106	0.94598	0.94598			6
2024.01.23	00:33:07.136	0.94599	0.94599			6
2024.01.23	00:33:07.774	0.94598	0.94598			6
2024.01.23	00:33:07.804	0.94599	0.94599			6
2024.01.23	00:33:08.624	0.94600	0.94600			6
2024.01.23	00:33:08.714	0.94599	0.94599			6
2024.01.23	00:33:08.805	0.94598	0.94598			6
2024.01.23	00:33:09.354	0.94597	0.94597			6
2024.01.23	00:33:09.763	0.94598	0.94598			6
2024.01.23	00:33:09.793	0.94597	0.94597			6
2024.01.23	00:33:09.943	0.94598	0.94598			6
2024.01.23	00:33:12.282	0.94597	0.94597			6
2024.01.23	00:33:14.034	0.94596	0.94596			6
2024.01.23	00:33:14.065	0.94597	0.94597			6
2024.01.23	00:33:16.066	0.94599	0.94599			6
2024.01.23	00:33:17.127	0.94598	0.94598			6
2024.01.23	00:33:19.044	0.94597	0.94597			6
2024.01.23	00:33:19.075	0.94598	0.94598			6
2024.01.23	00:33:19.595	0.94596	0.94596			6
2024.01.23	00:33:21.954	0.94599	0.94599			6
2024.01.23	00:33:21.984	0.94598	0.94598			6
2024.01.23	00:33:22.043	0.94599	0.94599			6
2024.01.23	00:33:22.079	0.94598	0.94598			6
2024.01.23	00:33:22.109	0.94599	0.94599			6
2024.01.23	00:33:22.169	0.94600	0.94600			6
2024.01.23	00:33:22.199	0.94599	0.94599			6
2024.01.23	00:33:22.230	0.94600	0.94600			6
2024.01.23	00:33:22.259	0.94599	0.94599			6
2024.01.23	00:33:22.939	0.94601	0.94601			6
2024.01.23	00:33:22.969	0.94600	0.94600			6
2024.01.23	00:33:24.172	0.94599	0.94599			6
2024.01.23	00:33:24.785	0.94598	0.94598			6
2024.01.23	00:33:25.815	0.94597	0.94597			6
2024.01.23	00:33:26.493	0.94596	0.94596			6
2024.01.23	00:33:26.569	0.94597	0.94597			6
2024.01.23	00:33:26.599	0.94596	0.94596			6
2024.01.23	00:33:26.630	0.94597	0.94597			6
2024.01.23	00:33:26.659	0.94596	0.94596			6
2024.01.23	00:33:29.085	0.94597	0.94597			6
2024.01.23	00:33:29.115	0.94596	0.94596			6
2024.01.23	00:33:33.165	0.94599	0.94599			6
2024.01.23	00:33:33.225	0.94598	0.94598			6
2024.01.23	00:33:33.255	0.94599	0.94599			6
2024.01.23	00:33:33.345	0.94598	0.94598			6
2024.01.23	00:33:34.954	0.94597	0.94597			6
2024.01.23	00:33:35.014	0.94598	0.94598			6
2024.01.23	00:33:36.094	0.94595	0.94595			6
2024.01.23	00:33:36.124	0.94594	0.94594			6
2024.01.23	00:33:36.154	0.94592	0.94592			6
2024.01.23	00:33:36.217	0.94591	0.94591			6
2024.01.23	00:33:36.488	0.94592	0.94592			6
2024.01.23	00:33:36.577	0.94594	0.94594			6
2024.01.23	00:33:36.607	0.94593	0.94593			6
2024.01.23	00:33:36.637	0.94592	0.94592			6
2024.01.23	00:33:36.758	0.94589	0.94589			6
2024.01.23	00:33:36.788	0.94588	0.94588			6
2024.01.23	00:33:37.865	0.94587	0.94587			6
2024.01.23	00:33:37.895	0.94588	0.94588			6
2024.01.23	00:33:37.955	0.94586	0.94586			6
2024.01.23	00:33:38.016	0.94588	0.94588			6
2024.01.23	00:33:38.047	0.94586	0.94586			6
2024.01.23	00:33:38.075	0.94588	0.94588			6
2024.01.23	00:33:38.504	0.94587	0.94587			6
2024.01.23	00:33:38.594	0.94589	0.94589			6
2024.01.23	00:33:38.625	0.94587	0.94587			6
2024.01.23	00:33:38.686	0.94590	0.94590			6
2024.01.23	00:33:39.555	0.94587	0.94587			6
2024.01.23	00:33:39.584	0.94589	0.94589			6
2024.01.23	00:33:39.614	0.94590	0.94590			6
2024.01.23	00:33:39.645	0.94591	0.94591			6
2024.01.23	00:33:39.765	0.94589	0.94589			6
2024.01.23	00:33:39.826	0.94591	0.94591			6
2024.01.23	00:33:39.945	0.94590	0.94590			6
2024.01.23	00:33:39.975	0.94591	0.94591			6
2024.01.23	00:33:40.065	0.94590	0.94590			6
2024.01.23	00:33:41.286	0.94591	0.94591			6
2024.01.23	00:33:41.685	0.94590	0.94590			6
2024.01.23	00:33:42.703	0.94589	0.94589			6
2024.01.23	00:33:44.212	0.94588	0.94588			6
2024.01.23	00:33:49.894	0.94587	0.94587			6
2024.01.23	00:33:49.924	0.94588	0.94588			6
2024.01.23	00:33:50.951	0.94590	0.94590			6
2024.01.23	00:33:52.984	0.94589	0.94589			6
2024.01.23	00:33:53.014	0.94590	0.94590			6
2024.01.23	00:33:53.044	0.94589	0.94589			6
2024.01.23	00:33:53.384	0.94591	0.94591			6
2024.01.23	00:33:53.444	0.94590	0.94590			6
2024.01.23	00:33:56.444	0.94587	0.94587			6
2024.01.23	00:33:56.844	0.94588	0.94588			6
2024.01.23	00:33:56.874	0.94587	0.94587			6
2024.01.23	00:33:58.336	0.94586	0.94586			6
2024.01.23	00:34:00.215	0.94587	0.94587			6
2024.01.23	00:34:00.245	0.94588	0.94588			6
2024.01.23	00:34:12.170	0.94589	0.94589			6
2024.01.23	00:34:16.109	0.94588	0.94588			6
2024.01.23	00:34:16.290	0.94591	0.94591			6
2024.01.23	00:34:32.175	0.94588	0.94588			6
2024.01.23	00:34:32.204	0.94591	0.94591			6
2024.01.23	00:34:39.191	0.94593	0.94593			6
2024.01.23	00:34:39.221	0.94591	0.94591			6
2024.01.23	00:34:42.234	0.94587	0.94587			6
2024.01.23	00:34:42.263	0.94591	0.94591			6
2024.01.23	00:34:43.645	0.94590	0.94590			6
2024.01.23	00:35:03.376	0.94585	0.94585			6
2024.01.23	00:35:03.405	0.94590	0.94590			6
2024.01.23	00:35:03.953	0.94586	0.94586			6
2024.01.23	00:35:03.984	0.94589	0.94589			6
2024.01.23	00:35:11.835	0.94588	0.94588			6
2024.01.23	00:35:13.340	0.94589	0.94589			6
2024.01.23	00:35:13.984	0.94585	0.94585			6
2024.01.23	00:35:14.224	0.94586	0.94586			6
2024.01.23	00:35:14.254	0.94585	0.94585			6
2024.01.23	00:35:14.284	0.94586	0.94586			6
2024.01.23	00:35:14.314	0.94585	0.94585			6
2024.01.23	00:35:15.235	0.94584	0.94584			6
2024.01.23	00:35:15.265	0.94585	0.94585			6
2024.01.23	00:35:15.354	0.94584	0.94584			6
2024.01.23	00:35:16.097	0.94585	0.94585			6
2024.01.23	00:35:19.324	0.94588	0.94588			6
2024.01.23	00:35:19.353	0.94585	0.94585			6
2024.01.23	00:35:19.734	0.94586	0.94586			6
2024.01.23	00:35:20.031	0.94585	0.94585			6
2024.01.23	00:35:20.374	0.94586	0.94586			6
2024.01.23	00:35:20.434	0.94585	0.94585			6
2024.01.23	00:35:36.834	0.94583	0.94583			6
2024.01.23	00:35:36.925	0.94582	0.94582			6
2024.01.23	00:35:47.514	0.94581	0.94581			6
2024.01.23	00:35:48.150	0.94580	0.94580			6
2024.01.23	00:35:48.210	0.94581	0.94581			6
2024.01.23	00:35:49.144	0.94580	0.94580			6
2024.01.23	00:35:49.205	0.94582	0.94582			6
2024.01.23	00:35:49.233	0.94583	0.94583			6
2024.01.23	00:35:49.264	0.94580	0.94580			6
2024.01.23	00:35:49.324	0.94582	0.94582			6
2024.01.23	00:35:49.614	0.94581	0.94581			6
2024.01.23	00:35:49.644	0.94582	0.94582			6
2024.01.23	00:35:49.774	0.94583	0.94583			6
2024.01.23	00:35:49.855	0.94584	0.94584			6
2024.01.23	00:35:49.915	0.94585	0.94585			6
2024.01.23	00:35:49.975	0.94584	0.94584			6
2024.01.23	00:35:50.005	0.94586	0.94586			6
2024.01.23	00:35:50.035	0.94584	0.94584			6
2024.01.23	00:35:50.064	0.94586	0.94586			6
2024.01.23	00:35:50.345	0.94585	0.94585			6
2024.01.23	00:35:50.375	0.94584	0.94584			6
2024.01.23	00:35:50.405	0.94585	0.94585			6
2024.01.23	00:35:50.434	0.94586	0.94586			6
2024.01.23	00:35:50.465	0.94585	0.94585			6
2024.01.23	00:35:50.555	0.94586	0.94586			6
2024.01.23	00:35:50.585	0.94584	0.94584			6
2024.01.23	00:35:50.706	0.94585	0.94585			6
2024.01.23	00:35:50.736	0.94584	0.94584			6
2024.01.23	00:35:50.766	0.94585	0.94585			6
2024.01.23	00:35:50.976	0.94587	0.94587			6
2024.01.23	00:35:51.006	0.94586	0.94586			6
2024.01.23	00:35:51.036	0.94585	0.94585			6
2024.01.23	00:35:51.099	0.94586	0.94586			6
2024.01.23	00:35:51.129	0.94585	0.94585			6
2024.01.23	00:35:51.248	0.94584	0.94584			6
2024.01.23	00:35:51.279	0.94586	0.94586			6
2024.01.23	00:35:51.309	0.94585	0.94585			6
2024.01.23	00:35:51.579	0.94586	0.94586			6
2024.01.23	00:35:51.609	0.94585	0.94585			6
2024.01.23	00:35:51.640	0.94586	0.94586			6
2024.01.23	00:35:51.730	0.94587	0.94587			6
2024.01.23	00:35:51.760	0.94586	0.94586			6
2024.01.23	00:35:51.790	0.94587	0.94587			6
2024.01.23	00:35:51.820	0.94586	0.94586			6
2024.01.23	00:35:51.939	0.94587	0.94587			6
2024.01.23	00:35:51.970	0.94586	0.94586			6
2024.01.23	00:35:52.000	0.94585	0.94585			6
2024.01.23	00:35:52.121	0.94586	0.94586			6
2024.01.23	00:35:52.150	0.94584	0.94584			6
2024.01.23	00:35:52.180	0.94586	0.94586			6
2024.01.23	00:35:52.645	0.94585	0.94585			6
2024.01.23	00:35:52.704	0.94586	0.94586			6
2024.01.23	00:35:52.766	0.94585	0.94585			6
2024.01.23	00:35:52.856	0.94584	0.94584			6
2024.01.23	00:35:52.886	0.94586	0.94586			6
2024.01.23	00:35:53.675	0.94587	0.94587			6
2024.01.23	00:35:53.705	0.94586	0.94586			6
2024.01.23	00:35:54.680	0.94585	0.94585			6
2024.01.23	00:35:54.973	0.94584	0.94584			6
2024.01.23	00:35:55.003	0.94582	0.94582			6
2024.01.23	00:35:55.332	0.94584	0.94584			6
2024.01.23	00:35:55.363	0.94582	0.94582			6
2024.01.23	00:35:56.009	0.94581	0.94581			6
2024.01.23	00:35:56.069	0.94582	0.94582			6
2024.01.23	00:35:56.252	0.94581	0.94581			6
2024.01.23	00:35:56.311	0.94582	0.94582			6
2024.01.23	00:35:56.470	0.94581	0.94581			6
2024.01.23	00:35:56.531	0.94582	0.94582			6
2024.01.23	00:35:56.651	0.94581	0.94581			6
2024.01.23	00:35:56.681	0.94583	0.94583			6
2024.01.23	00:36:00.995	0.94582	0.94582			6
2024.01.23	00:36:01.025	0.94583	0.94583			6
2024.01.23	00:36:04.078	0.94582	0.94582			6
2024.01.23	00:36:04.704	0.94583	0.94583			6
2024.01.23	00:36:04.734	0.94582	0.94582			6
2024.01.23	00:36:05.033	0.94583	0.94583			6
2024.01.23	00:36:05.203	0.94582	0.94582			6
2024.01.23	00:36:05.324	0.94583	0.94583			6
2024.01.23	00:36:06.484	0.94582	0.94582			6
2024.01.23	00:36:06.574	0.94583	0.94583			6
2024.01.23	00:36:06.693	0.94582	0.94582			6
2024.01.23	00:36:07.428	0.94583	0.94583			6
2024.01.23	00:36:07.487	0.94582	0.94582			6
2024.01.23	00:36:07.761	0.94581	0.94581			6
2024.01.23	00:36:07.790	0.94582	0.94582			6
2024.01.23	00:36:07.823	0.94583	0.94583			6
2024.01.23	00:36:07.850	0.94582	0.94582			6
2024.01.23	00:36:07.882	0.94583	0.94583			6
2024.01.23	00:36:08.002	0.94582	0.94582			6
2024.01.23	00:36:08.121	0.94583	0.94583			6
2024.01.23	00:36:08.152	0.94582	0.94582			6
2024.01.23	00:36:08.303	0.94583	0.94583			6
2024.01.23	00:36:08.333	0.94582	0.94582			6
2024.01.23	00:36:08.363	0.94583	0.94583			6
2024.01.23	00:36:08.393	0.94582	0.94582			6
2024.01.23	00:36:08.422	0.94583	0.94583			6
2024.01.23	00:36:08.452	0.94582	0.94582			6
2024.01.23	00:36:08.564	0.94583	0.94583			6
2024.01.23	00:36:08.594	0.94582	0.94582			6
2024.01.23	00:36:08.624	0.94583	0.94583			6
2024.01.23	00:36:13.384	0.94581	0.94581			6
2024.01.23	00:36:13.566	0.94584	0.94584			6
2024.01.23	00:36:13.959	0.94582	0.94582			6
2024.01.23	00:36:15.016	0.94580	0.94580			6
2024.01.23	00:36:15.045	0.94581	0.94581			6
2024.01.23	00:36:15.105	0.94580	0.94580			6
2024.01.23	00:36:15.135	0.94581	0.94581			6
2024.01.23	00:36:15.165	0.94580	0.94580			6
2024.01.23	00:36:15.195	0.94586	0.94586			6
2024.01.23	00:36:15.225	0.94582	0.94582			6
2024.01.23	00:36:15.254	0.94581	0.94581			6
2024.01.23	00:36:15.507	0.94580	0.94580			6
2024.01.23	00:36:15.568	0.94581	0.94581			6
2024.01.23	00:36:15.598	0.94580	0.94580			6
2024.01.23	00:36:15.705	0.94582	0.94582			6
2024.01.23	00:36:15.765	0.94581	0.94581			6
2024.01.23	00:36:15.795	0.94582	0.94582			6
2024.01.23	00:36:15.856	0.94583	0.94583			6
2024.01.23	00:36:19.064	0.94582	0.94582			6
2024.01.23	00:36:19.093	0.94583	0.94583			6
2024.01.23	00:36:19.214	0.94582	0.94582			6
2024.01.23	00:36:19.759	0.94583	0.94583			6
2024.01.23	00:36:19.879	0.94582	0.94582			6
2024.01.23	00:36:20.260	0.94581	0.94581			6
2024.01.23	00:36:20.290	0.94582	0.94582			6
2024.01.23	00:36:20.321	0.94580	0.94580			6
2024.01.23	00:36:20.351	0.94582	0.94582			6
2024.01.23	00:36:20.412	0.94580	0.94580			6
2024.01.23	00:36:20.442	0.94582	0.94582			6
2024.01.23	00:36:20.562	0.94581	0.94581			6
2024.01.23	00:36:20.856	0.94580	0.94580			6
2024.01.23	00:36:23.484	0.94579	0.94579			6
2024.01.23	00:36:23.634	0.94580	0.94580			6
2024.01.23	00:36:23.665	0.94579	0.94579			6
2024.01.23	00:36:24.124	0.94580	0.94580			6
2024.01.23	00:36:25.134	0.94579	0.94579			6
2024.01.23	00:36:25.196	0.94580	0.94580			6
2024.01.23	00:36:25.735	0.94579	0.94579			6
2024.01.23	00:36:32.397	0.94578	0.94578			6
2024.01.23	00:36:32.427	0.94579	0.94579			6
2024.01.23	00:36:32.487	0.94578	0.94578			6
2024.01.23	00:36:33.010	0.94579	0.94579			6
2024.01.23	00:36:33.040	0.94578	0.94578			6
2024.01.23	00:36:33.101	0.94579	0.94579			6
2024.01.23	00:36:34.484	0.94578	0.94578			6
2024.01.23	00:36:34.560	0.94579	0.94579			6
2024.01.23	00:36:34.589	0.94578	0.94578			6
2024.01.23	00:36:36.022	0.94579	0.94579			6
2024.01.23	00:36:36.052	0.94578	0.94578			6
2024.01.23	00:36:36.144	0.94577	0.94577			6
2024.01.23	00:36:37.775	0.94578	0.94578			6
2024.01.23	00:36:37.805	0.94577	0.94577			6
2024.01.23	00:36:38.283	0.94579	0.94579			6
2024.01.23	00:36:38.314	0.94577	0.94577			6
2024.01.23	00:36:41.593	0.94575	0.94575			6
2024.01.23	00:36:41.623	0.94578	0.94578			6
2024.01.23	00:36:45.264	0.94579	0.94579			6
2024.01.23	00:36:46.894	0.94578	0.94578			6
2024.01.23	00:36:46.924	0.94579	0.94579			6
2024.01.23	00:36:47.196	0.94578	0.94578			6
2024.01.23	00:36:47.837	0.94579	0.94579			6
2024.01.23	00:36:47.897	0.94578	0.94578			6
2024.01.23	00:36:48.059	0.94579	0.94579			6
2024.01.23	00:36:49.593	0.94578	0.94578			6
2024.01.23	00:36:49.624	0.94579	0.94579			6
2024.01.23	00:36:49.793	0.94578	0.94578			6
2024.01.23	00:36:49.823	0.94579	0.94579			6
2024.01.23	00:36:50.065	0.94578	0.94578			6
2024.01.23	00:36:50.506	0.94579	0.94579			6
2024.01.23	00:36:50.595	0.94578	0.94578			6
2024.01.23	00:36:50.787	0.94579	0.94579			6
2024.01.23	00:36:50.847	0.94578	0.94578			6
2024.01.23	00:36:50.876	0.94579	0.94579			6
2024.01.23	00:36:51.087	0.94578	0.94578			6
2024.01.23	00:36:51.117	0.94579	0.94579			6
2024.01.23	00:36:51.147	0.94578	0.94578			6
2024.01.23	00:36:51.265	0.94579	0.94579			6
2024.01.23	00:36:51.354	0.94578	0.94578			6
2024.01.23	00:36:51.571	0.94579	0.94579			6
2024.01.23	00:36:51.631	0.94578	0.94578			6
2024.01.23	00:36:51.661	0.94579	0.94579			6
2024.01.23	00:36:51.906	0.94577	0.94577			6
2024.01.23	00:36:52.694	0.94578	0.94578			6
2024.01.23	00:37:02.230	0.94577	0.94577			6
2024.01.23	00:37:03.894	0.94576	0.94576			6
2024.01.23	00:37:09.578	0.94577	0.94577			6
2024.01.23	00:37:19.973	0.94576	0.94576			6
2024.01.23	00:37:20.813	0.94577	0.94577			6
2024.01.23	00:37:20.843	0.94576	0.94576			6
2024.01.23	00:37:21.117	0.94577	0.94577			6
2024.01.23	00:37:21.323	0.94578	0.94578			6
2024.01.23	00:37:22.268	0.94575	0.94575			6
2024.01.23	00:37:22.298	0.94576	0.94576			6
2024.01.23	00:37:22.359	0.94575	0.94575			6
2024.01.23	00:37:22.390	0.94576	0.94576			6
2024.01.23	00:37:22.418	0.94577	0.94577			6
2024.01.23	00:37:22.894	0.94576	0.94576			6
2024.01.23	00:37:29.405	0.94579	0.94579			6
2024.01.23	00:37:29.435	0.94577	0.94577			6
2024.01.23	00:37:30.513	0.94578	0.94578			6
2024.01.23	00:37:30.605	0.94579	0.94579			6
2024.01.23	00:37:30.635	0.94578	0.94578			6
2024.01.23	00:37:30.934	0.94577	0.94577			6
2024.01.23	00:37:41.074	0.94578	0.94578			6
2024.01.23	00:37:41.104	0.94577	0.94577			6
2024.01.23	00:37:41.643	0.94579	0.94579			6
2024.01.23	00:37:41.674	0.94578	0.94578			6
2024.01.23	00:37:41.953	0.94577	0.94577			6
2024.01.23	00:37:56.334	0.94576	0.94576			6
2024.01.23	00:37:58.090	0.94577	0.94577			6
2024.01.23	00:37:58.151	0.94576	0.94576			6
2024.01.23	00:37:59.062	0.94577	0.94577			6
2024.01.23	00:37:59.092	0.94576	0.94576			6
2024.01.23	00:37:59.122	0.94577	0.94577			6
2024.01.23	00:37:59.854	0.94576	0.94576			6
2024.01.23	00:37:59.897	0.94577	0.94577			6
2024.01.23	00:38:02.498	0.94576	0.94576			6
2024.01.23	00:38:02.528	0.94577	0.94577			6
2024.01.23	00:38:02.559	0.94576	0.94576			6
2024.01.23	00:38:03.035	0.94577	0.94577			6
2024.01.23	00:38:03.095	0.94576	0.94576			6
2024.01.23	00:38:03.194	0.94578	0.94578			6
2024.01.23	00:38:03.223	0.94579	0.94579			6
2024.01.23	00:38:03.505	0.94578	0.94578			6
2024.01.23	00:38:05.381	0.94579	0.94579			6
2024.01.23	00:38:05.473	0.94578	0.94578			6
2024.01.23	00:38:09.557	0.94579	0.94579			6
2024.01.23	00:38:10.757	0.94580	0.94580			6
2024.01.23	00:38:10.787	0.94579	0.94579			6
2024.01.23	00:38:12.235	0.94578	0.94578			6
2024.01.23	00:38:12.478	0.94579	0.94579			6
2024.01.23	00:38:12.507	0.94578	0.94578			6
2024.01.23	00:38:12.764	0.94579	0.94579			6
2024.01.23	00:38:12.794	0.94578	0.94578			6
2024.01.23	00:38:12.824	0.94579	0.94579			6
2024.01.23	00:38:12.854	0.94578	0.94578			6
2024.01.23	00:38:12.928	0.94579	0.94579			6
2024.01.23	00:38:13.605	0.94578	0.94578			6
2024.01.23	00:38:13.676	0.94577	0.94577			6
2024.01.23	00:38:18.194	0.94578	0.94578			6
2024.01.23	00:38:18.814	0.94579	0.94579			6
2024.01.23	00:38:18.903	0.94578	0.94578			6
2024.01.23	00:38:19.479	0.94579	0.94579			6
2024.01.23	00:38:19.905	0.94578	0.94578			6
2024.01.23	00:38:20.124	0.94579	0.94579			6
2024.01.23	00:38:20.154	0.94578	0.94578			6
2024.01.23	00:38:25.476	0.94579	0.94579			6
2024.01.23	00:38:25.506	0.94578	0.94578			6
2024.01.23	00:38:25.535	0.94579	0.94579			6
2024.01.23	00:38:25.656	0.94578	0.94578			6
2024.01.23	00:38:25.777	0.94579	0.94579			6
2024.01.23	00:38:25.905	0.94578	0.94578			6
2024.01.23	00:38:26.094	0.94577	0.94577			6
2024.01.23	00:38:29.943	0.94578	0.94578			6
2024.01.23	00:38:29.973	0.94577	0.94577			6
2024.01.23	00:38:31.585	0.94578	0.94578			6
2024.01.23	00:38:33.062	0.94577	0.94577			6
2024.01.23	00:38:38.223	0.94574	0.94574			6
2024.01.23	00:38:38.254	0.94576	0.94576			6
2024.01.23	00:38:44.254	0.94577	0.94577			6
2024.01.23	00:38:44.315	0.94578	0.94578			6
2024.01.23	00:38:44.344	0.94577	0.94577			6
2024.01.23	00:38:45.370	0.94576	0.94576			6
2024.01.23	00:38:45.401	0.94577	0.94577			6
2024.01.23	00:38:45.449	0.94576	0.94576			6
2024.01.23	00:38:51.609	0.94578	0.94578			6
2024.01.23	00:38:51.669	0.94577	0.94577			6
2024.01.23	00:38:53.884	0.94576	0.94576			6
2024.01.23	00:38:59.115	0.94575	0.94575			6
2024.01.23	00:38:59.178	0.94576	0.94576			6
2024.01.23	00:39:00.329	0.94574	0.94574			6
2024.01.23	00:39:00.359	0.94575	0.94575			6
2024.01.23	00:39:01.731	0.94576	0.94576			6
2024.01.23	00:39:02.039	0.94577	0.94577			6
