<DATE>	<TIME>	<BID>	<ASK>	<LAST>	<VOLUME>	<FLAGS>
2024.02.23	00:00:04.684	0.95248	0.95248			6
2024.02.23	00:00:04.705	0.95254	0.95254			6
2024.02.23	00:00:24.795	0.95259	0.95259			6
2024.02.23	00:00:30.572	0.95254	0.95254			6
2024.02.23	00:02:21.853	0.95248	0.95248			6
2024.02.23	00:02:22.485	0.95259	0.95259			6
2024.02.23	00:02:31.780	0.95254	0.95254			6
2024.02.23	00:02:38.808	0.95247	0.95247			6
2024.02.23	00:02:38.838	0.95248	0.95248			6
2024.02.23	00:02:39.793	0.95254	0.95254			6
2024.02.23	00:03:05.543	0.95249	0.95249			6
2024.02.23	00:03:06.543	0.95254	0.95254			6
2024.02.23	00:03:41.194	0.95260	0.95260			6
2024.02.23	00:04:10.612	0.95261	0.95261			6
2024.02.23	00:05:01.545	0.95260	0.95260			6
2024.02.23	00:05:31.522	0.95261	0.95261			6
2024.02.23	00:06:30.226	0.95266	0.95266			6
2024.02.23	00:06:30.405	0.95264	0.95264			6
2024.02.23	00:06:39.962	0.95265	0.95265			6
2024.02.23	00:06:45.462	0.95266	0.95266			6
2024.02.23	00:06:45.751	0.95264	0.95264			6
2024.02.23	00:06:45.781	0.95266	0.95266			6
2024.02.23	00:06:54.045	0.95264	0.95264			6
2024.02.23	00:06:54.573	0.95265	0.95265			6
2024.02.23	00:06:54.633	0.95266	0.95266			6
2024.02.23	00:07:04.633	0.95264	0.95264			6
2024.02.23	00:07:06.020	0.95266	0.95266			6
2024.02.23	00:07:16.554	0.95265	0.95265			6
2024.02.23	00:07:17.521	0.95266	0.95266			6
2024.02.23	00:08:03.932	0.95267	0.95267			6
2024.02.23	00:08:03.992	0.95265	0.95265			6
2024.02.23	00:08:24.793	0.95264	0.95264			6
2024.02.23	00:08:24.852	0.95266	0.95266			6
2024.02.23	00:08:25.510	0.95265	0.95265			6
2024.02.23	00:08:29.311	0.95264	0.95264			6
2024.02.23	00:08:34.902	0.95266	0.95266			6
2024.02.23	00:08:35.140	0.95265	0.95265			6
2024.02.23	00:08:36.232	0.95264	0.95264			6
2024.02.23	00:08:36.502	0.95265	0.95265			6
2024.02.23	00:08:37.963	0.95264	0.95264			6
2024.02.23	00:08:41.293	0.95262	0.95262			6
2024.02.23	00:08:41.353	0.95266	0.95266			6
2024.02.23	00:08:41.383	0.95263	0.95263			6
2024.02.23	00:08:41.412	0.95261	0.95261			6
2024.02.23	00:08:41.443	0.95263	0.95263			6
2024.02.23	00:08:41.792	0.95262	0.95262			6
2024.02.23	00:08:42.216	0.95267	0.95267			6
2024.02.23	00:08:42.246	0.95265	0.95265			6
2024.02.23	00:08:44.164	0.95266	0.95266			6
2024.02.23	00:09:01.062	0.95265	0.95265			6
2024.02.23	00:09:02.261	0.95262	0.95262			6
2024.02.23	00:09:02.289	0.95266	0.95266			6
2024.02.23	00:09:04.232	0.95263	0.95263			6
2024.02.23	00:09:07.292	0.95267	0.95267			6
2024.02.23	00:09:07.323	0.95265	0.95265			6
2024.02.23	00:09:08.302	0.95260	0.95260			6
2024.02.23	00:09:08.331	0.95263	0.95263			6
2024.02.23	00:09:12.287	0.95267	0.95267			6
2024.02.23	00:09:12.317	0.95265	0.95265			6
2024.02.23	00:09:31.291	0.95266	0.95266			6
2024.02.23	00:09:36.242	0.95265	0.95265			6
2024.02.23	00:09:41.262	0.95266	0.95266			6
2024.02.23	00:10:08.657	0.95265	0.95265			6
2024.02.23	00:10:10.910	0.95267	0.95267			6
2024.02.23	00:10:12.270	0.95264	0.95264			6
2024.02.23	00:10:12.300	0.95265	0.95265			6
2024.02.23	00:10:21.372	0.95263	0.95263			6
2024.02.23	00:10:21.522	0.95264	0.95264			6
2024.02.23	00:10:21.552	0.95263	0.95263			6
2024.02.23	00:10:22.379	0.95264	0.95264			6
2024.02.23	00:10:24.793	0.95255	0.95255			6
2024.02.23	00:10:25.304	0.95258	0.95258			6
2024.02.23	00:10:25.335	0.95255	0.95255			6
2024.02.23	00:10:27.808	0.95256	0.95256			6
2024.02.23	00:10:27.868	0.95258	0.95258			6
2024.02.23	00:10:29.901	0.95256	0.95256			6
2024.02.23	00:10:30.937	0.95258	0.95258			6
2024.02.23	00:10:39.601	0.95260	0.95260			6
2024.02.23	00:10:41.303	0.95269	0.95269			6
2024.02.23	00:10:55.130	0.95265	0.95265			6
2024.02.23	00:11:00.300	0.95264	0.95264			6
2024.02.23	00:11:08.942	0.95263	0.95263			6
2024.02.23	00:11:10.783	0.95269	0.95269			6
2024.02.23	00:11:16.952	0.95272	0.95272			6
2024.02.23	00:11:17.887	0.95271	0.95271			6
2024.02.23	00:11:21.505	0.95270	0.95270			6
2024.02.23	00:11:24.121	0.95271	0.95271			6
2024.02.23	00:11:25.020	0.95269	0.95269			6
2024.02.23	00:11:25.051	0.95267	0.95267			6
2024.02.23	00:11:26.552	0.95265	0.95265			6
2024.02.23	00:11:27.051	0.95267	0.95267			6
2024.02.23	00:11:35.076	0.95268	0.95268			6
2024.02.23	00:11:46.139	0.95267	0.95267			6
2024.02.23	00:11:49.509	0.95268	0.95268			6
2024.02.23	00:11:58.231	0.95266	0.95266			6
2024.02.23	00:11:58.732	0.95268	0.95268			6
2024.02.23	00:12:15.181	0.95266	0.95266			6
2024.02.23	00:12:15.211	0.95267	0.95267			6
2024.02.23	00:12:22.492	0.95268	0.95268			6
2024.02.23	00:12:26.561	0.95266	0.95266			6
2024.02.23	00:12:26.591	0.95267	0.95267			6
2024.02.23	00:12:27.069	0.95268	0.95268			6
2024.02.23	00:12:35.211	0.95269	0.95269			6
2024.02.23	00:12:38.024	0.95268	0.95268			6
2024.02.23	00:12:41.291	0.95260	0.95260			6
2024.02.23	00:12:41.380	0.95259	0.95259			6
2024.02.23	00:12:42.290	0.95260	0.95260			6
2024.02.23	00:12:42.354	0.95259	0.95259			6
2024.02.23	00:12:50.980	0.95260	0.95260			6
2024.02.23	00:13:03.450	0.95261	0.95261			6
2024.02.23	00:13:19.178	0.95260	0.95260			6
2024.02.23	00:13:59.433	0.95261	0.95261			6
2024.02.23	00:14:18.092	0.95260	0.95260			6
2024.02.23	00:14:21.471	0.95259	0.95259			6
2024.02.23	00:14:21.500	0.95258	0.95258			6
2024.02.23	00:14:24.791	0.95263	0.95263			6
2024.02.23	00:14:24.822	0.95266	0.95266			6
2024.02.23	00:14:28.121	0.95265	0.95265			6
2024.02.23	00:14:28.999	0.95264	0.95264			6
2024.02.23	00:14:33.131	0.95265	0.95265			6
2024.02.23	00:14:33.932	0.95262	0.95262			6
2024.02.23	00:14:35.148	0.95261	0.95261			6
2024.02.23	00:14:37.208	0.95264	0.95264			6
2024.02.23	00:14:38.923	0.95265	0.95265			6
2024.02.23	00:14:42.131	0.95266	0.95266			6
2024.02.23	00:14:42.223	0.95265	0.95265			6
2024.02.23	00:14:42.252	0.95266	0.95266			6
2024.02.23	00:14:47.370	0.95267	0.95267			6
2024.02.23	00:14:49.540	0.95262	0.95262			6
2024.02.23	00:14:52.297	0.95263	0.95263			6
2024.02.23	00:14:53.559	0.95257	0.95257			6
2024.02.23	00:14:53.958	0.95258	0.95258			6
2024.02.23	00:14:54.839	0.95259	0.95259			6
2024.02.23	00:14:55.151	0.95260	0.95260			6
2024.02.23	00:14:55.732	0.95261	0.95261			6
2024.02.23	00:14:57.128	0.95262	0.95262			6
2024.02.23	00:14:57.158	0.95261	0.95261			6
2024.02.23	00:14:57.525	0.95262	0.95262			6
2024.02.23	00:14:58.740	0.95263	0.95263			6
2024.02.23	00:15:00.097	0.95264	0.95264			6
2024.02.23	00:15:00.832	0.95268	0.95268			6
2024.02.23	00:15:07.115	0.95266	0.95266			6
2024.02.23	00:15:07.146	0.95268	0.95268			6
2024.02.23	00:15:12.177	0.95269	0.95269			6
2024.02.23	00:15:23.230	0.95270	0.95270			6
2024.02.23	00:15:25.070	0.95269	0.95269			6
2024.02.23	00:15:37.299	0.95270	0.95270			6
2024.02.23	00:15:47.710	0.95269	0.95269			6
2024.02.23	00:15:52.622	0.95260	0.95260			6
2024.02.23	00:15:57.151	0.95259	0.95259			6
2024.02.23	00:15:59.249	0.95258	0.95258			6
2024.02.23	00:15:59.279	0.95259	0.95259			6
2024.02.23	00:16:01.559	0.95258	0.95258			6
2024.02.23	00:16:01.588	0.95259	0.95259			6
2024.02.23	00:16:01.619	0.95258	0.95258			6
2024.02.23	00:16:03.409	0.95259	0.95259			6
2024.02.23	00:16:07.549	0.95260	0.95260			6
2024.02.23	00:16:12.627	0.95259	0.95259			6
2024.02.23	00:16:16.609	0.95258	0.95258			6
2024.02.23	00:16:23.078	0.95259	0.95259			6
2024.02.23	00:16:26.626	0.95260	0.95260			6
2024.02.23	00:16:31.542	0.95259	0.95259			6
2024.02.23	00:16:46.259	0.95260	0.95260			6
2024.02.23	00:16:47.269	0.95259	0.95259			6
2024.02.23	00:16:47.360	0.95260	0.95260			6
2024.02.23	00:16:48.110	0.95259	0.95259			6
2024.02.23	00:17:00.045	0.95263	0.95263			6
2024.02.23	00:17:00.789	0.95260	0.95260			6
2024.02.23	00:17:18.168	0.95263	0.95263			6
2024.02.23	00:17:18.910	0.95260	0.95260			6
2024.02.23	00:17:51.603	0.95258	0.95258			6
2024.02.23	00:17:51.634	0.95261	0.95261			6
2024.02.23	00:17:57.209	0.95260	0.95260			6
2024.02.23	00:18:54.450	0.95261	0.95261			6
2024.02.23	00:18:57.219	0.95260	0.95260			6
2024.02.23	00:18:58.055	0.95259	0.95259			6
2024.02.23	00:18:59.119	0.95260	0.95260			6
2024.02.23	00:19:22.446	0.95261	0.95261			6
2024.02.23	00:19:59.192	0.95260	0.95260			6
2024.02.23	00:20:00.168	0.95261	0.95261			6
2024.02.23	00:20:18.900	0.95262	0.95262			6
2024.02.23	00:20:43.867	0.95261	0.95261			6
2024.02.23	00:20:43.897	0.95262	0.95262			6
2024.02.23	00:20:47.739	0.95260	0.95260			6
2024.02.23	00:20:47.768	0.95262	0.95262			6
2024.02.23	00:21:09.428	0.95261	0.95261			6
2024.02.23	00:21:38.140	0.95260	0.95260			6
2024.02.23	00:21:45.439	0.95261	0.95261			6
2024.02.23	00:21:50.137	0.95262	0.95262			6
2024.02.23	00:21:57.329	0.95264	0.95264			6
2024.02.23	00:22:42.246	0.95263	0.95263			6
2024.02.23	00:22:51.997	0.95264	0.95264			6
2024.02.23	00:22:52.459	0.95263	0.95263			6
2024.02.23	00:23:04.694	0.95264	0.95264			6
2024.02.23	00:23:08.468	0.95263	0.95263			6
2024.02.23	00:23:59.461	0.95264	0.95264			6
2024.02.23	00:24:16.309	0.95263	0.95263			6
2024.02.23	00:24:17.357	0.95264	0.95264			6
2024.02.23	00:24:25.708	0.95263	0.95263			6
2024.02.23	00:24:25.739	0.95264	0.95264			6
2024.02.23	00:24:26.069	0.95263	0.95263			6
2024.02.23	00:24:26.098	0.95264	0.95264			6
2024.02.23	00:24:37.298	0.95263	0.95263			6
2024.02.23	00:25:05.158	0.95264	0.95264			6
2024.02.23	00:25:07.068	0.95263	0.95263			6
2024.02.23	00:25:20.810	0.95264	0.95264			6
2024.02.23	00:25:33.019	0.95263	0.95263			6
2024.02.23	00:25:33.048	0.95264	0.95264			6
2024.02.23	00:25:35.122	0.95263	0.95263			6
2024.02.23	00:25:35.151	0.95264	0.95264			6
2024.02.23	00:25:38.677	0.95263	0.95263			6
2024.02.23	00:25:40.056	0.95261	0.95261			6
2024.02.23	00:25:43.539	0.95262	0.95262			6
2024.02.23	00:25:43.628	0.95263	0.95263			6
2024.02.23	00:25:45.215	0.95262	0.95262			6
2024.02.23	00:25:53.842	0.95263	0.95263			6
2024.02.23	00:25:54.568	0.95262	0.95262			6
2024.02.23	00:26:22.270	0.95261	0.95261			6
2024.02.23	00:26:32.399	0.95263	0.95263			6
2024.02.23	00:26:34.198	0.95262	0.95262			6
2024.02.23	00:26:37.307	0.95261	0.95261			6
2024.02.23	00:26:37.337	0.95262	0.95262			6
2024.02.23	00:26:39.208	0.95263	0.95263			6
2024.02.23	00:26:40.610	0.95262	0.95262			6
2024.02.23	00:26:44.237	0.95261	0.95261			6
2024.02.23	00:26:44.517	0.95263	0.95263			6
2024.02.23	00:26:44.780	0.95262	0.95262			6
2024.02.23	00:26:44.908	0.95264	0.95264			6
2024.02.23	00:26:45.029	0.95262	0.95262			6
2024.02.23	00:26:45.214	0.95260	0.95260			6
2024.02.23	00:26:45.244	0.95263	0.95263			6
2024.02.23	00:26:45.278	0.95264	0.95264			6
2024.02.23	00:26:45.367	0.95262	0.95262			6
2024.02.23	00:26:45.428	0.95264	0.95264			6
2024.02.23	00:26:45.518	0.95262	0.95262			6
2024.02.23	00:26:45.578	0.95264	0.95264			6
2024.02.23	00:26:45.638	0.95263	0.95263			6
2024.02.23	00:26:52.293	0.95262	0.95262			6
2024.02.23	00:26:54.659	0.95261	0.95261			6
2024.02.23	00:26:54.689	0.95263	0.95263			6
2024.02.23	00:26:54.748	0.95262	0.95262			6
2024.02.23	00:26:55.924	0.95263	0.95263			6
2024.02.23	00:26:56.057	0.95261	0.95261			6
2024.02.23	00:26:56.087	0.95263	0.95263			6
2024.02.23	00:26:57.238	0.95262	0.95262			6
2024.02.23	00:26:58.074	0.95261	0.95261			6
2024.02.23	00:26:58.105	0.95262	0.95262			6
2024.02.23	00:26:58.285	0.95263	0.95263			6
2024.02.23	00:27:03.138	0.95262	0.95262			6
2024.02.23	00:27:07.987	0.95264	0.95264			6
2024.02.23	00:27:08.656	0.95261	0.95261			6
2024.02.23	00:27:08.687	0.95262	0.95262			6
2024.02.23	00:27:08.718	0.95264	0.95264			6
2024.02.23	00:27:10.788	0.95263	0.95263			6
2024.02.23	00:27:15.246	0.95264	0.95264			6
2024.02.23	00:27:17.277	0.95263	0.95263			6
2024.02.23	00:27:17.336	0.95265	0.95265			6
2024.02.23	00:27:22.225	0.95264	0.95264			6
2024.02.23	00:27:31.072	0.95265	0.95265			6
2024.02.23	00:27:35.350	0.95263	0.95263			6
2024.02.23	00:27:35.380	0.95260	0.95260			6
2024.02.23	00:27:38.656	0.95259	0.95259			6
2024.02.23	00:27:38.686	0.95261	0.95261			6
2024.02.23	00:27:40.663	0.95260	0.95260			6
2024.02.23	00:27:42.268	0.95265	0.95265			6
2024.02.23	00:27:47.481	0.95264	0.95264			6
2024.02.23	00:27:48.637	0.95265	0.95265			6
2024.02.23	00:27:57.457	0.95266	0.95266			6
2024.02.23	00:27:57.488	0.95265	0.95265			6
2024.02.23	00:27:57.547	0.95266	0.95266			6
2024.02.23	00:27:57.878	0.95265	0.95265			6
2024.02.23	00:27:57.908	0.95266	0.95266			6
2024.02.23	00:27:58.026	0.95265	0.95265			6
2024.02.23	00:27:58.056	0.95266	0.95266			6
2024.02.23	00:28:01.466	0.95264	0.95264			6
2024.02.23	00:28:02.806	0.95265	0.95265			6
2024.02.23	00:28:05.732	0.95266	0.95266			6
2024.02.23	00:28:16.261	0.95263	0.95263			6
2024.02.23	00:28:16.293	0.95257	0.95257			6
2024.02.23	00:28:16.949	0.95251	0.95251			6
2024.02.23	00:28:17.056	0.95252	0.95252			6
2024.02.23	00:28:17.539	0.95256	0.95256			6
2024.02.23	00:28:21.855	0.95257	0.95257			6
2024.02.23	00:28:23.347	0.95258	0.95258			6
2024.02.23	00:28:25.437	0.95259	0.95259			6
2024.02.23	00:28:26.338	0.95260	0.95260			6
2024.02.23	00:28:27.128	0.95259	0.95259			6
2024.02.23	00:28:27.248	0.95260	0.95260			6
2024.02.23	00:28:29.408	0.95261	0.95261			6
2024.02.23	00:28:32.021	0.95262	0.95262			6
2024.02.23	00:28:34.127	0.95263	0.95263			6
2024.02.23	00:28:36.049	0.95264	0.95264			6
2024.02.23	00:28:36.849	0.95265	0.95265			6
2024.02.23	00:29:06.397	0.95264	0.95264			6
2024.02.23	00:29:09.616	0.95263	0.95263			6
2024.02.23	00:29:16.599	0.95262	0.95262			6
2024.02.23	00:29:16.868	0.95265	0.95265			6
2024.02.23	00:29:18.667	0.95264	0.95264			6
2024.02.23	00:29:24.957	0.95261	0.95261			6
2024.02.23	00:29:25.320	0.95260	0.95260			6
2024.02.23	00:29:25.440	0.95256	0.95256			6
2024.02.23	00:29:25.470	0.95261	0.95261			6
2024.02.23	00:29:29.325	0.95262	0.95262			6
2024.02.23	00:29:29.546	0.95272	0.95272			6
2024.02.23	00:29:37.781	0.95274	0.95274			6
2024.02.23	00:29:37.841	0.95272	0.95272			6
2024.02.23	00:29:38.205	0.95275	0.95275			6
2024.02.23	00:29:43.057	0.95270	0.95270			6
2024.02.23	00:29:46.221	0.95269	0.95269			6
2024.02.23	00:29:46.520	0.95268	0.95268			6
2024.02.23	00:29:47.126	0.95266	0.95266			6
2024.02.23	00:29:48.116	0.95270	0.95270			6
2024.02.23	00:29:48.553	0.95266	0.95266			6
2024.02.23	00:29:49.447	0.95267	0.95267			6
2024.02.23	00:29:50.042	0.95266	0.95266			6
2024.02.23	00:29:53.135	0.95267	0.95267			6
2024.02.23	00:29:54.238	0.95268	0.95268			6
2024.02.23	00:29:57.108	0.95269	0.95269			6
2024.02.23	00:29:58.127	0.95281	0.95281			6
2024.02.23	00:29:58.157	0.95277	0.95277			6
2024.02.23	00:29:58.187	0.95271	0.95271			6
2024.02.23	00:29:58.216	0.95270	0.95270			6
2024.02.23	00:29:58.246	0.95269	0.95269			6
2024.02.23	00:29:58.787	0.95267	0.95267			6
2024.02.23	00:29:58.816	0.95266	0.95266			6
2024.02.23	00:29:59.677	0.95269	0.95269			6
2024.02.23	00:30:00.037	0.95269				2
2024.02.23	00:30:00.157	0.95267	0.95267			6
2024.02.23	00:30:00.486	0.95269	0.95269			6
2024.02.23	00:30:00.517	0.95265	0.95265			6
2024.02.23	00:30:00.547	0.95266	0.95266			6
2024.02.23	00:30:00.667	0.95265	0.95265			6
2024.02.23	00:30:01.698	0.95267	0.95267			6
2024.02.23	00:30:01.875	0.95257	0.95257			6
2024.02.23	00:30:01.904	0.95270	0.95270			6
2024.02.23	00:30:01.934	0.95262	0.95262			6
2024.02.23	00:30:01.964	0.95263	0.95263			6
2024.02.23	00:30:02.830	0.95265	0.95265			6
2024.02.23	00:30:06.096	0.95264	0.95264			6
2024.02.23	00:30:06.217	0.95263	0.95263			6
2024.02.23	00:30:06.247	0.95264	0.95264			6
2024.02.23	00:30:07.136	0.95261	0.95261			6
2024.02.23	00:30:07.316	0.95264	0.95264			6
2024.02.23	00:30:07.348	0.95261	0.95261			6
2024.02.23	00:30:07.527	0.95262	0.95262			6
2024.02.23	00:30:09.296	0.95263	0.95263			6
2024.02.23	00:30:10.130	0.95260	0.95260			6
2024.02.23	00:30:10.159	0.95257	0.95257			6
2024.02.23	00:30:12.639	0.95266	0.95266			6
2024.02.23	00:30:15.477	0.95260	0.95260			6
2024.02.23	00:30:15.507	0.95259	0.95259			6
2024.02.23	00:30:17.569	0.95261	0.95261			6
2024.02.23	00:30:17.628	0.95258	0.95258			6
2024.02.23	00:30:20.387	0.95259	0.95259			6
2024.02.23	00:30:20.417	0.95258	0.95258			6
2024.02.23	00:30:22.158	0.95259	0.95259			6
2024.02.23	00:30:22.467	0.95258	0.95258			6
2024.02.23	00:30:23.325	0.95259	0.95259			6
2024.02.23	00:30:29.515	0.95260	0.95260			6
2024.02.23	00:30:30.477	0.95259	0.95259			6
2024.02.23	00:30:31.463	0.95257	0.95257			6
2024.02.23	00:30:36.799	0.95259	0.95259			6
2024.02.23	00:30:40.146	0.95260	0.95260			6
2024.02.23	00:30:43.027	0.95258	0.95258			6
2024.02.23	00:30:43.311	0.95259	0.95259			6
2024.02.23	00:30:43.522	0.95258	0.95258			6
2024.02.23	00:30:44.016	0.95259	0.95259			6
2024.02.23	00:30:44.046	0.95258	0.95258			6
2024.02.23	00:30:45.896	0.95257	0.95257			6
2024.02.23	00:30:45.927	0.95258	0.95258			6
2024.02.23	00:30:45.957	0.95257	0.95257			6
2024.02.23	00:30:46.047	0.95256	0.95256			6
2024.02.23	00:30:46.926	0.95258	0.95258			6
2024.02.23	00:30:47.015	0.95257	0.95257			6
2024.02.23	00:30:47.045	0.95256	0.95256			6
2024.02.23	00:30:47.226	0.95257	0.95257			6
2024.02.23	00:30:47.256	0.95256	0.95256			6
2024.02.23	00:30:47.438	0.95257	0.95257			6
2024.02.23	00:30:47.888	0.95258	0.95258			6
2024.02.23	00:30:47.917	0.95257	0.95257			6
2024.02.23	00:30:48.007	0.95256	0.95256			6
2024.02.23	00:30:48.111	0.95257	0.95257			6
2024.02.23	00:30:48.292	0.95256	0.95256			6
2024.02.23	00:30:48.708	0.95257	0.95257			6
2024.02.23	00:30:48.738	0.95256	0.95256			6
2024.02.23	00:30:49.096	0.95258	0.95258			6
2024.02.23	00:30:49.391	0.95256	0.95256			6
2024.02.23	00:30:49.709	0.95257	0.95257			6
2024.02.23	00:30:49.739	0.95256	0.95256			6
2024.02.23	00:30:49.808	0.95258	0.95258			6
2024.02.23	00:30:49.837	0.95256	0.95256			6
2024.02.23	00:30:50.062	0.95258	0.95258			6
2024.02.23	00:30:50.363	0.95256	0.95256			6
2024.02.23	00:30:50.453	0.95257	0.95257			6
2024.02.23	00:30:50.590	0.95255	0.95255			6
2024.02.23	00:30:50.710	0.95257	0.95257			6
2024.02.23	00:30:50.741	0.95256	0.95256			6
2024.02.23	00:30:50.801	0.95258	0.95258			6
2024.02.23	00:30:50.831	0.95256	0.95256			6
2024.02.23	00:30:51.013	0.95258	0.95258			6
2024.02.23	00:30:51.270	0.95256	0.95256			6
2024.02.23	00:30:51.516	0.95257	0.95257			6
2024.02.23	00:30:51.607	0.95258	0.95258			6
2024.02.23	00:30:51.637	0.95257	0.95257			6
2024.02.23	00:30:51.697	0.95255	0.95255			6
2024.02.23	00:30:51.727	0.95257	0.95257			6
2024.02.23	00:30:51.758	0.95256	0.95256			6
2024.02.23	00:30:51.817	0.95257	0.95257			6
2024.02.23	00:30:51.848	0.95256	0.95256			6
2024.02.23	00:30:51.877	0.95257	0.95257			6
2024.02.23	00:30:51.908	0.95256	0.95256			6
2024.02.23	00:30:52.133	0.95255	0.95255			6
2024.02.23	00:30:52.164	0.95256	0.95256			6
2024.02.23	00:30:52.222	0.95257	0.95257			6
2024.02.23	00:30:52.253	0.95256	0.95256			6
2024.02.23	00:30:54.117	0.95257	0.95257			6
2024.02.23	00:30:54.147	0.95256	0.95256			6
2024.02.23	00:30:55.136	0.95257	0.95257			6
2024.02.23	00:30:55.497	0.95256	0.95256			6
2024.02.23	00:30:55.797	0.95257	0.95257			6
2024.02.23	00:30:56.066	0.95256	0.95256			6
2024.02.23	00:30:56.158	0.95257	0.95257			6
2024.02.23	00:30:56.187	0.95256	0.95256			6
2024.02.23	00:30:58.138	0.95257	0.95257			6
2024.02.23	00:30:58.478	0.95255	0.95255			6
2024.02.23	00:30:58.897	0.95256	0.95256			6
2024.02.23	00:30:59.137	0.95257	0.95257			6
2024.02.23	00:30:59.228	0.95255	0.95255			6
2024.02.23	00:31:00.139	0.95256	0.95256			6
2024.02.23	00:31:03.447	0.95255	0.95255			6
2024.02.23	00:31:03.478	0.95256	0.95256			6
2024.02.23	00:31:03.597	0.95254	0.95254			6
2024.02.23	00:31:03.628	0.95255	0.95255			6
2024.02.23	00:31:03.927	0.95256	0.95256			6
2024.02.23	00:31:04.078	0.95254	0.95254			6
2024.02.23	00:31:04.109	0.95256	0.95256			6
2024.02.23	00:31:04.409	0.95255	0.95255			6
2024.02.23	00:31:08.115	0.95256	0.95256			6
2024.02.23	00:31:08.147	0.95254	0.95254			6
2024.02.23	00:31:08.176	0.95256	0.95256			6
2024.02.23	00:31:08.207	0.95254	0.95254			6
2024.02.23	00:31:08.266	0.95256	0.95256			6
2024.02.23	00:31:08.358	0.95254	0.95254			6
2024.02.23	00:31:08.481	0.95255	0.95255			6
2024.02.23	00:31:08.513	0.95256	0.95256			6
2024.02.23	00:31:08.648	0.95254	0.95254			6
2024.02.23	00:31:08.768	0.95255	0.95255			6
2024.02.23	00:31:08.858	0.95256	0.95256			6
2024.02.23	00:31:09.085	0.95254	0.95254			6
2024.02.23	00:31:09.114	0.95255	0.95255			6
2024.02.23	00:31:10.476	0.95256	0.95256			6
2024.02.23	00:31:13.654	0.95254	0.95254			6
2024.02.23	00:31:13.713	0.95255	0.95255			6
2024.02.23	00:31:13.955	0.95254	0.95254			6
2024.02.23	00:31:14.076	0.95255	0.95255			6
2024.02.23	00:31:14.136	0.95254	0.95254			6
2024.02.23	00:31:14.197	0.95255	0.95255			6
2024.02.23	00:31:14.228	0.95254	0.95254			6
2024.02.23	00:31:14.256	0.95255	0.95255			6
2024.02.23	00:31:14.317	0.95256	0.95256			6
2024.02.23	00:31:14.548	0.95254	0.95254			6
2024.02.23	00:31:14.578	0.95255	0.95255			6
2024.02.23	00:31:14.855	0.95254	0.95254			6
2024.02.23	00:31:14.885	0.95255	0.95255			6
2024.02.23	00:31:15.157	0.95254	0.95254			6
2024.02.23	00:31:17.147	0.95257	0.95257			6
2024.02.23	00:31:17.329	0.95255	0.95255			6
2024.02.23	00:31:17.678	0.95257	0.95257			6
2024.02.23	00:31:18.418	0.95256	0.95256			6
2024.02.23	00:31:18.448	0.95257	0.95257			6
2024.02.23	00:31:18.508	0.95256	0.95256			6
2024.02.23	00:31:18.898	0.95257	0.95257			6
2024.02.23	00:31:18.928	0.95256	0.95256			6
2024.02.23	00:31:18.996	0.95257	0.95257			6
2024.02.23	00:31:19.026	0.95256	0.95256			6
2024.02.23	00:31:19.086	0.95257	0.95257			6
2024.02.23	00:31:19.252	0.95256	0.95256			6
2024.02.23	00:31:19.416	0.95255	0.95255			6
2024.02.23	00:31:22.297	0.95256	0.95256			6
2024.02.23	00:31:22.478	0.95255	0.95255			6
2024.02.23	00:31:22.508	0.95256	0.95256			6
2024.02.23	00:31:22.827	0.95257	0.95257			6
2024.02.23	00:31:23.085	0.95256	0.95256			6
2024.02.23	00:31:23.146	0.95257	0.95257			6
2024.02.23	00:31:23.407	0.95256	0.95256			6
2024.02.23	00:31:25.478	0.95255	0.95255			6
2024.02.23	00:31:25.539	0.95256	0.95256			6
2024.02.23	00:31:28.468	0.95254	0.95254			6
2024.02.23	00:31:28.497	0.95256	0.95256			6
2024.02.23	00:31:28.794	0.95255	0.95255			6
2024.02.23	00:31:28.825	0.95256	0.95256			6
2024.02.23	00:31:34.058	0.95255	0.95255			6
2024.02.23	00:31:34.377	0.95256	0.95256			6
2024.02.23	00:31:34.408	0.95255	0.95255			6
2024.02.23	00:31:34.558	0.95256	0.95256			6
2024.02.23	00:31:36.076	0.95257	0.95257			6
2024.02.23	00:31:36.367	0.95255	0.95255			6
2024.02.23	00:31:36.427	0.95254	0.95254			6
2024.02.23	00:31:36.457	0.95256	0.95256			6
2024.02.23	00:31:38.147	0.95255	0.95255			6
2024.02.23	00:31:38.238	0.95256	0.95256			6
2024.02.23	00:31:38.268	0.95253	0.95253			6
2024.02.23	00:31:38.298	0.95256	0.95256			6
2024.02.23	00:31:38.328	0.95257	0.95257			6
2024.02.23	00:31:38.358	0.95256	0.95256			6
2024.02.23	00:31:38.417	0.95254	0.95254			6
2024.02.23	00:31:38.448	0.95253	0.95253			6
2024.02.23	00:31:38.479	0.95256	0.95256			6
2024.02.23	00:31:38.508	0.95254	0.95254			6
2024.02.23	00:31:38.539	0.95257	0.95257			6
2024.02.23	00:31:38.569	0.95255	0.95255			6
2024.02.23	00:31:38.737	0.95256	0.95256			6
2024.02.23	00:31:39.135	0.95257	0.95257			6
2024.02.23	00:31:40.072	0.95258	0.95258			6
2024.02.23	00:31:40.101	0.95256	0.95256			6
2024.02.23	00:31:40.132	0.95257	0.95257			6
2024.02.23	00:31:40.338	0.95256	0.95256			6
2024.02.23	00:31:40.367	0.95253	0.95253			6
2024.02.23	00:31:40.428	0.95252	0.95252			6
2024.02.23	00:31:40.459	0.95254	0.95254			6
2024.02.23	00:31:40.518	0.95253	0.95253			6
2024.02.23	00:31:40.548	0.95252	0.95252			6
2024.02.23	00:31:40.578	0.95253	0.95253			6
2024.02.23	00:31:40.608	0.95252	0.95252			6
2024.02.23	00:31:40.729	0.95253	0.95253			6
2024.02.23	00:31:40.789	0.95252	0.95252			6
2024.02.23	00:31:42.256	0.95255	0.95255			6
2024.02.23	00:31:42.285	0.95256	0.95256			6
2024.02.23	00:31:46.917	0.95257	0.95257			6
2024.02.23	00:31:46.948	0.95255	0.95255			6
2024.02.23	00:31:48.071	0.95257	0.95257			6
2024.02.23	00:31:48.695	0.95258	0.95258			6
2024.02.23	00:31:49.207	0.95257	0.95257			6
2024.02.23	00:31:49.507	0.95256	0.95256			6
2024.02.23	00:31:49.536	0.95257	0.95257			6
2024.02.23	00:31:51.216	0.95258	0.95258			6
2024.02.23	00:31:52.061	0.95259	0.95259			6
2024.02.23	00:31:53.174	0.95258	0.95258			6
2024.02.23	00:31:53.265	0.95259	0.95259			6
2024.02.23	00:31:53.295	0.95258	0.95258			6
2024.02.23	00:31:54.625	0.95259	0.95259			6
2024.02.23	00:31:58.063	0.95260	0.95260			6
2024.02.23	00:31:58.831	0.95259	0.95259			6
2024.02.23	00:32:03.808	0.95269	0.95269			6
2024.02.23	00:32:03.838	0.95272	0.95272			6
2024.02.23	00:32:04.077	0.95265	0.95265			6
2024.02.23	00:32:04.106	0.95261	0.95261			6
2024.02.23	00:32:04.317	0.95262	0.95262			6
2024.02.23	00:32:05.478	0.95272	0.95272			6
2024.02.23	00:32:05.507	0.95262	0.95262			6
2024.02.23	00:32:06.438	0.95252	0.95252			6
2024.02.23	00:32:06.467	0.95256	0.95256			6
2024.02.23	00:32:06.497	0.95251	0.95251			6
2024.02.23	00:32:08.912	0.95252	0.95252			6
2024.02.23	00:32:08.972	0.95256	0.95256			6
2024.02.23	00:32:09.002	0.95255	0.95255			6
2024.02.23	00:32:10.506	0.95254	0.95254			6
2024.02.23	00:32:10.567	0.95253	0.95253			6
2024.02.23	00:32:10.807	0.95254	0.95254			6
2024.02.23	00:32:10.898	0.95262	0.95262			6
2024.02.23	00:32:10.927	0.95261	0.95261			6
2024.02.23	00:32:10.987	0.95260	0.95260			6
2024.02.23	00:32:11.017	0.95261	0.95261			6
2024.02.23	00:32:11.137	0.95260	0.95260			6
2024.02.23	00:32:11.358	0.95258	0.95258			6
2024.02.23	00:32:14.046	0.95264	0.95264			6
2024.02.23	00:32:14.076	0.95271	0.95271			6
2024.02.23	00:32:19.478	0.95275	0.95275			6
2024.02.23	00:32:19.508	0.95271	0.95271			6
2024.02.23	00:32:20.286	0.95272	0.95272			6
2024.02.23	00:32:20.318	0.95271	0.95271			6
2024.02.23	00:32:20.377	0.95273	0.95273			6
2024.02.23	00:32:20.407	0.95272	0.95272			6
2024.02.23	00:32:22.102	0.95273	0.95273			6
2024.02.23	00:32:22.132	0.95272	0.95272			6
2024.02.23	00:32:22.162	0.95271	0.95271			6
2024.02.23	00:32:22.193	0.95272	0.95272			6
2024.02.23	00:32:22.223	0.95278	0.95278			6
2024.02.23	00:32:22.253	0.95280	0.95280			6
2024.02.23	00:32:23.126	0.95279	0.95279			6
2024.02.23	00:32:23.642	0.95278	0.95278			6
2024.02.23	00:32:24.118	0.95277	0.95277			6
2024.02.23	00:32:24.148	0.95276	0.95276			6
2024.02.23	00:32:24.615	0.95277	0.95277			6
2024.02.23	00:32:24.644	0.95275	0.95275			6
2024.02.23	00:32:25.154	0.95274	0.95274			6
2024.02.23	00:32:25.640	0.95276	0.95276			6
2024.02.23	00:32:25.670	0.95278	0.95278			6
2024.02.23	00:32:26.630	0.95277	0.95277			6
2024.02.23	00:32:27.120	0.95276	0.95276			6
2024.02.23	00:32:27.150	0.95275	0.95275			6
2024.02.23	00:32:27.180	0.95276	0.95276			6
2024.02.23	00:32:27.240	0.95274	0.95274			6
2024.02.23	00:32:27.270	0.95272	0.95272			6
2024.02.23	00:32:27.330	0.95273	0.95273			6
2024.02.23	00:32:27.645	0.95272	0.95272			6
2024.02.23	00:32:28.957	0.95273	0.95273			6
2024.02.23	00:32:29.143	0.95272	0.95272			6
2024.02.23	00:32:29.173	0.95271	0.95271			6
2024.02.23	00:32:29.203	0.95283	0.95283			6
2024.02.23	00:32:29.262	0.95279	0.95279			6
2024.02.23	00:32:29.621	0.95280	0.95280			6
2024.02.23	00:32:29.682	0.95277	0.95277			6
2024.02.23	00:32:31.146	0.95274	0.95274			6
2024.02.23	00:32:31.206	0.95272	0.95272			6
2024.02.23	00:32:31.237	0.95274	0.95274			6
2024.02.23	00:32:31.267	0.95273	0.95273			6
2024.02.23	00:32:31.297	0.95270	0.95270			6
2024.02.23	00:32:31.327	0.95271	0.95271			6
2024.02.23	00:32:31.357	0.95270	0.95270			6
2024.02.23	00:32:31.387	0.95271	0.95271			6
2024.02.23	00:32:32.170	0.95270	0.95270			6
2024.02.23	00:32:32.200	0.95271	0.95271			6
2024.02.23	00:32:34.074	0.95268	0.95268			6
2024.02.23	00:32:34.104	0.95271	0.95271			6
2024.02.23	00:32:34.166	0.95268	0.95268			6
2024.02.23	00:32:34.194	0.95270	0.95270			6
2024.02.23	00:32:34.224	0.95271	0.95271			6
2024.02.23	00:32:34.254	0.95269	0.95269			6
2024.02.23	00:32:34.285	0.95271	0.95271			6
2024.02.23	00:32:34.434	0.95270	0.95270			6
2024.02.23	00:32:34.463	0.95272	0.95272			6
2024.02.23	00:32:34.493	0.95271	0.95271			6
2024.02.23	00:32:44.205	0.95272	0.95272			6
2024.02.23	00:32:44.415	0.95271	0.95271			6
2024.02.23	00:32:47.667	0.95274	0.95274			6
2024.02.23	00:32:47.698	0.95271	0.95271			6
2024.02.23	00:32:48.147	0.95270	0.95270			6
2024.02.23	00:32:48.178	0.95271	0.95271			6
2024.02.23	00:32:49.506	0.95270	0.95270			6
2024.02.23	00:32:49.536	0.95271	0.95271			6
2024.02.23	00:32:50.046	0.95270	0.95270			6
2024.02.23	00:32:50.517	0.95272	0.95272			6
2024.02.23	00:32:50.546	0.95271	0.95271			6
2024.02.23	00:32:50.894	0.95272	0.95272			6
2024.02.23	00:32:50.924	0.95271	0.95271			6
2024.02.23	00:32:58.216	0.95272	0.95272			6
2024.02.23	00:32:58.337	0.95273	0.95273			6
2024.02.23	00:32:59.157	0.95271	0.95271			6
2024.02.23	00:32:59.636	0.95273	0.95273			6
2024.02.23	00:32:59.666	0.95271	0.95271			6
2024.02.23	00:33:24.863	0.95272	0.95272			6
2024.02.23	00:33:38.062	0.95275	0.95275			6
2024.02.23	00:33:38.092	0.95272	0.95272			6
2024.02.23	00:33:38.782	0.95275	0.95275			6
2024.02.23	00:33:38.811	0.95273	0.95273			6
2024.02.23	00:33:39.861	0.95272	0.95272			6
2024.02.23	00:33:39.951	0.95274	0.95274			6
2024.02.23	00:33:39.982	0.95272	0.95272			6
2024.02.23	00:33:40.043	0.95275	0.95275			6
2024.02.23	00:33:40.074	0.95272	0.95272			6
2024.02.23	00:33:40.609	0.95274	0.95274			6
2024.02.23	00:33:45.626	0.95272	0.95272			6
2024.02.23	00:33:48.176	0.95274	0.95274			6
2024.02.23	00:33:48.206	0.95272	0.95272			6
2024.02.23	00:33:48.817	0.95271	0.95271			6
2024.02.23	00:33:48.846	0.95272	0.95272			6
2024.02.23	00:33:49.825	0.95273	0.95273			6
2024.02.23	00:33:50.337	0.95272	0.95272			6
2024.02.23	00:33:50.367	0.95274	0.95274			6
2024.02.23	00:33:50.396	0.95272	0.95272			6
2024.02.23	00:33:55.155	0.95276	0.95276			6
2024.02.23	00:33:55.185	0.95272	0.95272			6
2024.02.23	00:34:00.512	0.95276	0.95276			6
2024.02.23	00:34:00.541	0.95274	0.95274			6
2024.02.23	00:34:00.945	0.95272	0.95272			6
2024.02.23	00:34:00.976	0.95273	0.95273			6
2024.02.23	00:34:01.035	0.95272	0.95272			6
2024.02.23	00:34:01.537	0.95273	0.95273			6
2024.02.23	00:34:02.475	0.95276	0.95276			6
2024.02.23	00:34:02.505	0.95273	0.95273			6
2024.02.23	00:34:05.962	0.95260	0.95260			6
2024.02.23	00:34:06.235	0.95257	0.95257			6
2024.02.23	00:34:07.286	0.95258	0.95258			6
2024.02.23	00:34:07.924	0.95259	0.95259			6
2024.02.23	00:34:10.667	0.95260	0.95260			6
2024.02.23	00:34:11.066	0.95273	0.95273			6
2024.02.23	00:34:11.156	0.95276	0.95276			6
2024.02.23	00:34:11.186	0.95273	0.95273			6
2024.02.23	00:34:16.438	0.95266	0.95266			6
2024.02.23	00:34:16.468	0.95260	0.95260			6
2024.02.23	00:34:16.499	0.95259	0.95259			6
2024.02.23	00:34:16.559	0.95257	0.95257			6
2024.02.23	00:34:17.446	0.95258	0.95258			6
2024.02.23	00:34:19.055	0.95261	0.95261			6
2024.02.23	00:34:19.085	0.95263	0.95263			6
2024.02.23	00:34:19.146	0.95260	0.95260			6
2024.02.23	00:34:19.206	0.95259	0.95259			6
2024.02.23	00:34:19.557	0.95258	0.95258			6
2024.02.23	00:34:20.777	0.95261	0.95261			6
2024.02.23	00:34:20.806	0.95258	0.95258			6
2024.02.23	00:34:21.606	0.95261	0.95261			6
2024.02.23	00:34:21.636	0.95260	0.95260			6
2024.02.23	00:34:24.268	0.95261	0.95261			6
2024.02.23	00:34:24.328	0.95260	0.95260			6
2024.02.23	00:34:24.616	0.95261	0.95261			6
2024.02.23	00:34:25.245	0.95260	0.95260			6
2024.02.23	00:34:25.706	0.95271	0.95271			6
2024.02.23	00:34:25.736	0.95275	0.95275			6
2024.02.23	00:34:26.202	0.95274	0.95274			6
2024.02.23	00:34:29.226	0.95273	0.95273			6
2024.02.23	00:34:29.257	0.95272	0.95272			6
2024.02.23	00:34:29.287	0.95273	0.95273			6
2024.02.23	00:34:29.318	0.95271	0.95271			6
2024.02.23	00:34:29.377	0.95272	0.95272			6
2024.02.23	00:34:29.407	0.95268	0.95268			6
2024.02.23	00:34:29.437	0.95272	0.95272			6
2024.02.23	00:34:29.497	0.95271	0.95271			6
2024.02.23	00:34:29.557	0.95272	0.95272			6
2024.02.23	00:34:30.136	0.95274	0.95274			6
2024.02.23	00:34:30.165	0.95272	0.95272			6
2024.02.23	00:34:30.226	0.95273	0.95273			6
2024.02.23	00:34:31.116	0.95272	0.95272			6
2024.02.23	00:34:31.147	0.95259	0.95259			6
2024.02.23	00:34:32.471	0.95256	0.95256			6
2024.02.23	00:34:32.501	0.95257	0.95257			6
2024.02.23	00:34:32.530	0.95259	0.95259			6
2024.02.23	00:34:32.807	0.95258	0.95258			6
2024.02.23	00:34:33.154	0.95256	0.95256			6
2024.02.23	00:34:33.184	0.95257	0.95257			6
2024.02.23	00:34:33.214	0.95259	0.95259			6
2024.02.23	00:34:33.245	0.95256	0.95256			6
2024.02.23	00:34:33.274	0.95258	0.95258			6
2024.02.23	00:34:33.303	0.95257	0.95257			6
2024.02.23	00:34:33.335	0.95259	0.95259			6
2024.02.23	00:34:33.395	0.95260	0.95260			6
2024.02.23	00:34:33.425	0.95259	0.95259			6
2024.02.23	00:34:36.147	0.95272	0.95272			6
2024.02.23	00:34:36.641	0.95275	0.95275			6
2024.02.23	00:34:36.732	0.95271	0.95271			6
2024.02.23	00:34:36.792	0.95272	0.95272			6
2024.02.23	00:34:38.469	0.95273	0.95273			6
2024.02.23	00:34:40.066	0.95275	0.95275			6
2024.02.23	00:34:40.096	0.95273	0.95273			6
2024.02.23	00:34:41.073	0.95272	0.95272			6
2024.02.23	00:34:42.406	0.95271	0.95271			6
2024.02.23	00:34:42.436	0.95272	0.95272			6
2024.02.23	00:34:44.117	0.95273	0.95273			6
2024.02.23	00:34:46.885	0.95274	0.95274			6
2024.02.23	00:34:46.976	0.95271	0.95271			6
2024.02.23	00:34:47.008	0.95269	0.95269			6
2024.02.23	00:34:47.037	0.95271	0.95271			6
2024.02.23	00:34:47.067	0.95272	0.95272			6
2024.02.23	00:34:47.096	0.95273	0.95273			6
2024.02.23	00:34:47.156	0.95274	0.95274			6
2024.02.23	00:34:47.187	0.95277	0.95277			6
2024.02.23	00:34:47.216	0.95273	0.95273			6
2024.02.23	00:34:47.246	0.95274	0.95274			6
2024.02.23	00:34:47.367	0.95272	0.95272			6
2024.02.23	00:34:47.396	0.95275	0.95275			6
2024.02.23	00:34:47.427	0.95276	0.95276			6
2024.02.23	00:34:47.457	0.95268	0.95268			6
2024.02.23	00:34:47.486	0.95271	0.95271			6
2024.02.23	00:34:47.820	0.95272	0.95272			6
2024.02.23	00:34:50.062	0.95275	0.95275			6
2024.02.23	00:34:50.092	0.95269	0.95269			6
2024.02.23	00:34:50.122	0.95271	0.95271			6
2024.02.23	00:34:51.086	0.95273	0.95273			6
2024.02.23	00:34:51.235	0.95272	0.95272			6
2024.02.23	00:34:51.554	0.95270	0.95270			6
2024.02.23	00:34:56.176	0.95259	0.95259			6
2024.02.23	00:34:56.206	0.95260	0.95260			6
2024.02.23	00:34:56.684	0.95258	0.95258			6
2024.02.23	00:34:58.668	0.95268	0.95268			6
2024.02.23	00:34:58.697	0.95271	0.95271			6
2024.02.23	00:34:58.726	0.95273	0.95273			6
2024.02.23	00:34:58.756	0.95272	0.95272			6
2024.02.23	00:34:58.937	0.95274	0.95274			6
2024.02.23	00:34:58.968	0.95273	0.95273			6
2024.02.23	00:34:59.432	0.95275	0.95275			6
2024.02.23	00:34:59.938	0.95274	0.95274			6
2024.02.23	00:34:59.968	0.95275	0.95275			6
2024.02.23	00:35:00.181	0.95276	0.95276			6
2024.02.23	00:35:00.210	0.95275	0.95275			6
2024.02.23	00:35:00.300	0.95276	0.95276			6
2024.02.23	00:35:00.331	0.95277	0.95277			6
2024.02.23	00:35:00.360	0.95276	0.95276			6
2024.02.23	00:35:00.390	0.95277	0.95277			6
2024.02.23	00:35:00.420	0.95280	0.95280			6
2024.02.23	00:35:00.781	0.95279	0.95279			6
2024.02.23	00:35:01.092	0.95278	0.95278			6
2024.02.23	00:35:01.123	0.95281	0.95281			6
2024.02.23	00:35:01.152	0.95279	0.95279			6
2024.02.23	00:35:01.244	0.95278	0.95278			6
2024.02.23	00:35:01.302	0.95279	0.95279			6
2024.02.23	00:35:01.333	0.95280	0.95280			6
2024.02.23	00:35:01.516	0.95279	0.95279			6
2024.02.23	00:35:01.607	0.95280	0.95280			6
2024.02.23	00:35:01.666	0.95277	0.95277			6
2024.02.23	00:35:01.726	0.95278	0.95278			6
2024.02.23	00:35:01.756	0.95279	0.95279			6
2024.02.23	00:35:01.786	0.95277	0.95277			6
2024.02.23	00:35:01.846	0.95279	0.95279			6
2024.02.23	00:35:01.875	0.95280	0.95280			6
2024.02.23	00:35:01.906	0.95278	0.95278			6
2024.02.23	00:35:01.935	0.95276	0.95276			6
2024.02.23	00:35:01.966	0.95277	0.95277			6
2024.02.23	00:35:01.996	0.95276	0.95276			6
2024.02.23	00:35:02.026	0.95277	0.95277			6
2024.02.23	00:35:02.056	0.95276	0.95276			6
2024.02.23	00:35:02.316	0.95277	0.95277			6
2024.02.23	00:35:02.347	0.95279	0.95279			6
2024.02.23	00:35:02.437	0.95276	0.95276			6
2024.02.23	00:35:02.467	0.95279	0.95279			6
2024.02.23	00:35:02.617	0.95276	0.95276			6
2024.02.23	00:35:02.647	0.95277	0.95277			6
2024.02.23	00:35:02.677	0.95276	0.95276			6
2024.02.23	00:35:02.708	0.95277	0.95277			6
2024.02.23	00:35:02.738	0.95276	0.95276			6
2024.02.23	00:35:02.828	0.95278	0.95278			6
2024.02.23	00:35:02.857	0.95277	0.95277			6
2024.02.23	00:35:03.336	0.95279	0.95279			6
2024.02.23	00:35:03.366	0.95278	0.95278			6
2024.02.23	00:35:03.396	0.95279	0.95279			6
2024.02.23	00:35:03.425	0.95278	0.95278			6
2024.02.23	00:35:03.455	0.95280	0.95280			6
2024.02.23	00:35:03.486	0.95279	0.95279			6
2024.02.23	00:35:03.516	0.95278	0.95278			6
2024.02.23	00:35:03.546	0.95279	0.95279			6
2024.02.23	00:35:03.606	0.95280	0.95280			6
2024.02.23	00:35:03.636	0.95277	0.95277			6
2024.02.23	00:35:03.667	0.95279	0.95279			6
2024.02.23	00:35:03.726	0.95277	0.95277			6
2024.02.23	00:35:03.756	0.95278	0.95278			6
2024.02.23	00:35:03.787	0.95276	0.95276			6
2024.02.23	00:35:03.816	0.95277	0.95277			6
2024.02.23	00:35:03.847	0.95278	0.95278			6
2024.02.23	00:35:03.878	0.95277	0.95277			6
2024.02.23	00:35:03.907	0.95279	0.95279			6
2024.02.23	00:35:03.998	0.95277	0.95277			6
2024.02.23	00:35:04.027	0.95279	0.95279			6
2024.02.23	00:35:04.316	0.95276	0.95276			6
2024.02.23	00:35:04.525	0.95279	0.95279			6
2024.02.23	00:35:04.555	0.95278	0.95278			6
2024.02.23	00:35:04.586	0.95276	0.95276			6
2024.02.23	00:35:04.616	0.95275	0.95275			6
2024.02.23	00:35:04.646	0.95278	0.95278			6
2024.02.23	00:35:04.676	0.95276	0.95276			6
2024.02.23	00:35:04.705	0.95278	0.95278			6
2024.02.23	00:35:04.765	0.95279	0.95279			6
2024.02.23	00:35:04.795	0.95278	0.95278			6
2024.02.23	00:35:04.827	0.95277	0.95277			6
2024.02.23	00:35:04.856	0.95279	0.95279			6
2024.02.23	00:35:04.886	0.95276	0.95276			6
2024.02.23	00:35:04.946	0.95275	0.95275			6
2024.02.23	00:35:04.977	0.95277	0.95277			6
2024.02.23	00:35:05.007	0.95279	0.95279			6
2024.02.23	00:35:05.037	0.95278	0.95278			6
2024.02.23	00:35:05.067	0.95279	0.95279			6
2024.02.23	00:35:05.096	0.95278	0.95278			6
2024.02.23	00:35:05.127	0.95279	0.95279			6
2024.02.23	00:35:05.156	0.95275	0.95275			6
2024.02.23	00:35:05.187	0.95278	0.95278			6
2024.02.23	00:35:05.216	0.95276	0.95276			6
2024.02.23	00:35:05.246	0.95278	0.95278			6
2024.02.23	00:35:05.276	0.95276	0.95276			6
2024.02.23	00:35:05.366	0.95275	0.95275			6
2024.02.23	00:35:05.427	0.95276	0.95276			6
2024.02.23	00:35:05.608	0.95277	0.95277			6
2024.02.23	00:35:05.639	0.95276	0.95276			6
2024.02.23	00:35:05.759	0.95277	0.95277			6
2024.02.23	00:35:05.820	0.95276	0.95276			6
2024.02.23	00:35:06.092	0.95277	0.95277			6
2024.02.23	00:35:06.122	0.95278	0.95278			6
2024.02.23	00:35:06.151	0.95276	0.95276			6
2024.02.23	00:35:06.182	0.95281	0.95281			6
2024.02.23	00:35:06.213	0.95278	0.95278			6
2024.02.23	00:35:06.244	0.95280	0.95280			6
2024.02.23	00:35:06.272	0.95277	0.95277			6
2024.02.23	00:35:06.301	0.95276	0.95276			6
2024.02.23	00:35:06.634	0.95279	0.95279			6
2024.02.23	00:35:06.814	0.95280	0.95280			6
2024.02.23	00:35:06.845	0.95275	0.95275			6
2024.02.23	00:35:07.137	0.95277	0.95277			6
2024.02.23	00:35:07.167	0.95279	0.95279			6
2024.02.23	00:35:07.258	0.95280	0.95280			6
2024.02.23	00:35:07.289	0.95279	0.95279			6
2024.02.23	00:35:07.407	0.95280	0.95280			6
2024.02.23	00:35:07.438	0.95275	0.95275			6
2024.02.23	00:35:07.468	0.95280	0.95280			6
2024.02.23	00:35:07.498	0.95277	0.95277			6
2024.02.23	00:35:07.527	0.95279	0.95279			6
2024.02.23	00:35:07.657	0.95276	0.95276			6
2024.02.23	00:35:07.686	0.95275	0.95275			6
2024.02.23	00:35:07.717	0.95276	0.95276			6
2024.02.23	00:35:07.806	0.95277	0.95277			6
2024.02.23	00:35:07.836	0.95276	0.95276			6
2024.02.23	00:35:07.866	0.95277	0.95277			6
2024.02.23	00:35:07.896	0.95276	0.95276			6
2024.02.23	00:35:07.956	0.95277	0.95277			6
2024.02.23	00:35:08.017	0.95276	0.95276			6
2024.02.23	00:35:08.056	0.95277	0.95277			6
2024.02.23	00:35:08.087	0.95276	0.95276			6
2024.02.23	00:35:08.177	0.95277	0.95277			6
2024.02.23	00:35:08.236	0.95276	0.95276			6
2024.02.23	00:35:08.296	0.95277	0.95277			6
2024.02.23	00:35:08.388	0.95276	0.95276			6
2024.02.23	00:35:10.058	0.95278	0.95278			6
2024.02.23	00:35:10.148	0.95277	0.95277			6
2024.02.23	00:35:10.269	0.95278	0.95278			6
2024.02.23	00:35:10.300	0.95277	0.95277			6
2024.02.23	00:35:10.331	0.95278	0.95278			6
2024.02.23	00:35:10.435	0.95277	0.95277			6
2024.02.23	00:35:10.525	0.95278	0.95278			6
2024.02.23	00:35:10.555	0.95277	0.95277			6
2024.02.23	00:35:10.645	0.95278	0.95278			6
2024.02.23	00:35:10.706	0.95277	0.95277			6
2024.02.23	00:35:10.766	0.95278	0.95278			6
2024.02.23	00:35:10.855	0.95277	0.95277			6
2024.02.23	00:35:11.005	0.95278	0.95278			6
2024.02.23	00:35:11.185	0.95277	0.95277			6
2024.02.23	00:35:11.276	0.95278	0.95278			6
2024.02.23	00:35:11.335	0.95277	0.95277			6
2024.02.23	00:35:11.486	0.95276	0.95276			6
2024.02.23	00:35:11.516	0.95277	0.95277			6
2024.02.23	00:35:11.546	0.95276	0.95276			6
2024.02.23	00:35:11.606	0.95277	0.95277			6
2024.02.23	00:35:11.637	0.95276	0.95276			6
2024.02.23	00:35:11.727	0.95277	0.95277			6
2024.02.23	00:35:11.878	0.95278	0.95278			6
2024.02.23	00:35:12.075	0.95277	0.95277			6
2024.02.23	00:35:12.684	0.95278	0.95278			6
2024.02.23	00:35:13.014	0.95277	0.95277			6
2024.02.23	00:35:15.367	0.95271	0.95271			6
2024.02.23	00:35:16.525	0.95272	0.95272			6
2024.02.23	00:35:16.982	0.95270	0.95270			6
2024.02.23	00:35:17.013	0.95271	0.95271			6
2024.02.23	00:35:17.042	0.95269	0.95269			6
2024.02.23	00:35:17.133	0.95271	0.95271			6
2024.02.23	00:35:17.194	0.95269	0.95269			6
2024.02.23	00:35:17.343	0.95268	0.95268			6
2024.02.23	00:35:17.434	0.95270	0.95270			6
2024.02.23	00:35:17.463	0.95268	0.95268			6
2024.02.23	00:35:17.523	0.95270	0.95270			6
2024.02.23	00:35:17.553	0.95268	0.95268			6
2024.02.23	00:35:17.613	0.95270	0.95270			6
2024.02.23	00:35:17.703	0.95267	0.95267			6
2024.02.23	00:35:17.733	0.95270	0.95270			6
2024.02.23	00:35:17.764	0.95269	0.95269			6
2024.02.23	00:35:19.193	0.95268	0.95268			6
2024.02.23	00:35:20.146	0.95272	0.95272			6
2024.02.23	00:35:20.176	0.95268	0.95268			6
2024.02.23	00:35:20.206	0.95269	0.95269			6
2024.02.23	00:35:20.235	0.95268	0.95268			6
2024.02.23	00:35:20.296	0.95267	0.95267			6
2024.02.23	00:35:20.326	0.95268	0.95268			6
2024.02.23	00:35:20.356	0.95270	0.95270			6
2024.02.23	00:35:20.417	0.95268	0.95268			6
2024.02.23	00:35:20.447	0.95269	0.95269			6
2024.02.23	00:35:20.655	0.95274	0.95274			6
2024.02.23	00:35:21.635	0.95275	0.95275			6
2024.02.23	00:35:21.666	0.95271	0.95271			6
2024.02.23	00:35:21.755	0.95272	0.95272			6
2024.02.23	00:35:21.785	0.95270	0.95270			6
2024.02.23	00:35:21.875	0.95271	0.95271			6
2024.02.23	00:35:24.765	0.95270	0.95270			6
2024.02.23	00:35:25.135	0.95268	0.95268			6
2024.02.23	00:35:25.165	0.95269	0.95269			6
2024.02.23	00:35:25.686	0.95268	0.95268			6
2024.02.23	00:35:25.716	0.95271	0.95271			6
2024.02.23	00:35:26.009	0.95270	0.95270			6
2024.02.23	00:35:26.886	0.95271	0.95271			6
2024.02.23	00:35:26.916	0.95270	0.95270			6
2024.02.23	00:35:26.945	0.95271	0.95271			6
2024.02.23	00:35:27.695	0.95270	0.95270			6
2024.02.23	00:35:27.724	0.95268	0.95268			6
2024.02.23	00:35:27.814	0.95270	0.95270			6
2024.02.23	00:35:27.874	0.95268	0.95268			6
2024.02.23	00:35:27.905	0.95267	0.95267			6
2024.02.23	00:35:27.935	0.95269	0.95269			6
2024.02.23	00:35:27.965	0.95271	0.95271			6
2024.02.23	00:35:27.995	0.95267	0.95267			6
2024.02.23	00:35:28.024	0.95270	0.95270			6
2024.02.23	00:35:28.055	0.95267	0.95267			6
2024.02.23	00:35:28.084	0.95270	0.95270			6
2024.02.23	00:35:28.114	0.95269	0.95269			6
2024.02.23	00:35:28.145	0.95270	0.95270			6
2024.02.23	00:35:28.174	0.95267	0.95267			6
2024.02.23	00:35:28.204	0.95269	0.95269			6
2024.02.23	00:35:28.234	0.95267	0.95267			6
2024.02.23	00:35:28.264	0.95269	0.95269			6
2024.02.23	00:35:28.448	0.95271	0.95271			6
2024.02.23	00:35:28.476	0.95268	0.95268			6
2024.02.23	00:35:28.507	0.95267	0.95267			6
2024.02.23	00:35:28.537	0.95269	0.95269			6
2024.02.23	00:35:28.567	0.95272	0.95272			6
2024.02.23	00:35:28.627	0.95268	0.95268			6
2024.02.23	00:35:28.658	0.95269	0.95269			6
2024.02.23	00:35:28.688	0.95271	0.95271			6
2024.02.23	00:35:28.718	0.95268	0.95268			6
2024.02.23	00:35:28.748	0.95271	0.95271			6
2024.02.23	00:35:28.778	0.95268	0.95268			6
2024.02.23	00:35:28.808	0.95273	0.95273			6
2024.02.23	00:35:28.838	0.95269	0.95269			6
2024.02.23	00:35:28.868	0.95270	0.95270			6
2024.02.23	00:35:28.928	0.95269	0.95269			6
2024.02.23	00:35:28.958	0.95271	0.95271			6
2024.02.23	00:35:28.989	0.95269	0.95269			6
2024.02.23	00:35:29.019	0.95272	0.95272			6
2024.02.23	00:35:29.050	0.95271	0.95271			6
2024.02.23	00:35:29.080	0.95273	0.95273			6
2024.02.23	00:35:29.109	0.95268	0.95268			6
2024.02.23	00:35:29.140	0.95269	0.95269			6
2024.02.23	00:35:29.170	0.95270	0.95270			6
2024.02.23	00:35:31.759	0.95273	0.95273			6
2024.02.23	00:35:31.790	0.95272	0.95272			6
2024.02.23	00:35:31.819	0.95274	0.95274			6
2024.02.23	00:35:31.879	0.95273	0.95273			6
2024.02.23	00:35:31.999	0.95272	0.95272			6
2024.02.23	00:35:33.406	0.95273	0.95273			6
2024.02.23	00:35:33.435	0.95275	0.95275			6
2024.02.23	00:35:34.059	0.95274	0.95274			6
2024.02.23	00:35:35.553	0.95277	0.95277			6
2024.02.23	00:35:35.581	0.95274	0.95274			6
2024.02.23	00:35:35.654	0.95273	0.95273			6
2024.02.23	00:35:36.107	0.95272	0.95272			6
2024.02.23	00:35:36.575	0.95269	0.95269			6
2024.02.23	00:35:37.485	0.95272	0.95272			6
2024.02.23	00:35:37.821	0.95269	0.95269			6
2024.02.23	00:35:40.062	0.95272	0.95272			6
2024.02.23	00:35:40.091	0.95271	0.95271			6
2024.02.23	00:35:41.334	0.95269	0.95269			6
2024.02.23	00:35:41.912	0.95268	0.95268			6
2024.02.23	00:35:42.064	0.95271	0.95271			6
2024.02.23	00:35:42.477	0.95270	0.95270			6
2024.02.23	00:35:42.507	0.95268	0.95268			6
2024.02.23	00:35:44.452	0.95269	0.95269			6
2024.02.23	00:35:44.483	0.95268	0.95268			6
2024.02.23	00:35:45.155	0.95269	0.95269			6
2024.02.23	00:35:45.185	0.95272	0.95272			6
2024.02.23	00:35:45.455	0.95258	0.95258			6
2024.02.23	00:35:47.155	0.95257	0.95257			6
2024.02.23	00:35:47.186	0.95258	0.95258			6
2024.02.23	00:35:47.425	0.95259	0.95259			6
2024.02.23	00:35:50.147	0.95260	0.95260			6
2024.02.23	00:35:50.176	0.95255	0.95255			6
2024.02.23	00:35:50.238	0.95258	0.95258			6
2024.02.23	00:35:50.422	0.95268	0.95268			6
2024.02.23	00:35:50.454	0.95270	0.95270			6
2024.02.23	00:35:50.583	0.95271	0.95271			6
2024.02.23	00:35:50.613	0.95272	0.95272			6
2024.02.23	00:35:50.643	0.95274	0.95274			6
2024.02.23	00:35:50.673	0.95275	0.95275			6
2024.02.23	00:35:51.454	0.95276	0.95276			6
2024.02.23	00:35:52.022	0.95278	0.95278			6
2024.02.23	00:35:52.052	0.95277	0.95277			6
2024.02.23	00:35:52.082	0.95273	0.95273			6
2024.02.23	00:35:53.478	0.95271	0.95271			6
2024.02.23	00:35:53.507	0.95273	0.95273			6
2024.02.23	00:35:56.006	0.95265	0.95265			6
2024.02.23	00:35:56.037	0.95258	0.95258			6
2024.02.23	00:36:00.616	0.95269	0.95269			6
2024.02.23	00:36:00.646	0.95271	0.95271			6
2024.02.23	00:36:00.931	0.95273	0.95273			6
2024.02.23	00:36:04.244	0.95272	0.95272			6
2024.02.23	00:36:04.760	0.95273	0.95273			6
2024.02.23	00:36:04.789	0.95272	0.95272			6
2024.02.23	00:36:11.484	0.95273	0.95273			6
2024.02.23	00:36:12.327	0.95274	0.95274			6
2024.02.23	00:36:12.358	0.95272	0.95272			6
2024.02.23	00:36:12.837	0.95271	0.95271			6
2024.02.23	00:36:14.075	0.95272	0.95272			6
2024.02.23	00:36:14.145	0.95271	0.95271			6
2024.02.23	00:36:14.636	0.95272	0.95272			6
2024.02.23	00:36:15.064	0.95271	0.95271			6
2024.02.23	00:36:15.154	0.95274	0.95274			6
2024.02.23	00:36:15.185	0.95272	0.95272			6
2024.02.23	00:36:15.274	0.95271	0.95271			6
2024.02.23	00:36:22.463	0.95270	0.95270			6
2024.02.23	00:36:22.493	0.95271	0.95271			6
2024.02.23	00:36:22.522	0.95273	0.95273			6
2024.02.23	00:36:22.552	0.95271	0.95271			6
2024.02.23	00:36:22.972	0.95272	0.95272			6
2024.02.23	00:36:23.319	0.95273	0.95273			6
2024.02.23	00:36:23.349	0.95272	0.95272			6
2024.02.23	00:36:24.620	0.95273	0.95273			6
2024.02.23	00:36:24.837	0.95272	0.95272			6
2024.02.23	00:36:25.049	0.95273	0.95273			6
2024.02.23	00:36:25.206	0.95272	0.95272			6
2024.02.23	00:36:26.055	0.95273	0.95273			6
2024.02.23	00:36:26.085	0.95270	0.95270			6
2024.02.23	00:36:26.723	0.95267	0.95267			6
2024.02.23	00:36:28.071	0.95272	0.95272			6
2024.02.23	00:36:28.161	0.95273	0.95273			6
2024.02.23	00:36:31.475	0.95274	0.95274			6
2024.02.23	00:36:31.505	0.95272	0.95272			6
2024.02.23	00:36:31.899	0.95271	0.95271			6
2024.02.23	00:36:31.929	0.95272	0.95272			6
2024.02.23	00:36:31.989	0.95274	0.95274			6
2024.02.23	00:36:32.493	0.95273	0.95273			6
2024.02.23	00:36:32.584	0.95274	0.95274			6
2024.02.23	00:36:32.613	0.95273	0.95273			6
2024.02.23	00:36:32.673	0.95272	0.95272			6
2024.02.23	00:36:32.824	0.95273	0.95273			6
2024.02.23	00:36:36.125	0.95267	0.95267			6
2024.02.23	00:36:36.153	0.95260	0.95260			6
2024.02.23	00:36:36.546	0.95259	0.95259			6
2024.02.23	00:36:37.449	0.95260	0.95260			6
2024.02.23	00:36:38.075	0.95261	0.95261			6
2024.02.23	00:36:38.135	0.95260	0.95260			6
2024.02.23	00:36:38.413	0.95259	0.95259			6
2024.02.23	00:36:38.474	0.95260	0.95260			6
2024.02.23	00:36:38.656	0.95261	0.95261			6
2024.02.23	00:36:39.389	0.95260	0.95260			6
2024.02.23	00:36:39.664	0.95261	0.95261			6
2024.02.23	00:36:39.754	0.95262	0.95262			6
2024.02.23	00:36:39.978	0.95261	0.95261			6
2024.02.23	00:36:40.375	0.95262	0.95262			6
2024.02.23	00:36:40.435	0.95260	0.95260			6
2024.02.23	00:36:40.465	0.95262	0.95262			6
2024.02.23	00:36:40.734	0.95261	0.95261			6
2024.02.23	00:36:40.764	0.95271	0.95271			6
2024.02.23	00:36:40.795	0.95272	0.95272			6
2024.02.23	00:36:40.937	0.95273	0.95273			6
2024.02.23	00:36:41.176	0.95274	0.95274			6
2024.02.23	00:36:41.494	0.95273	0.95273			6
2024.02.23	00:36:42.466	0.95275	0.95275			6
2024.02.23	00:36:42.707	0.95274	0.95274			6
2024.02.23	00:36:42.737	0.95273	0.95273			6
2024.02.23	00:36:43.008	0.95271	0.95271			6
2024.02.23	00:36:43.037	0.95272	0.95272			6
2024.02.23	00:36:43.691	0.95273	0.95273			6
2024.02.23	00:36:43.780	0.95272	0.95272			6
2024.02.23	00:36:43.811	0.95271	0.95271			6
2024.02.23	00:36:48.475	0.95272	0.95272			6
2024.02.23	00:36:48.904	0.95271	0.95271			6
2024.02.23	00:36:50.408	0.95270	0.95270			6
2024.02.23	00:36:50.558	0.95271	0.95271			6
2024.02.23	00:36:50.777	0.95268	0.95268			6
2024.02.23	00:36:50.807	0.95271	0.95271			6
2024.02.23	00:36:50.986	0.95270	0.95270			6
2024.02.23	00:36:51.827	0.95271	0.95271			6
2024.02.23	00:36:52.337	0.95273	0.95273			6
2024.02.23	00:36:53.228	0.95272	0.95272			6
2024.02.23	00:36:53.556	0.95273	0.95273			6
2024.02.23	00:36:53.899	0.95269	0.95269			6
2024.02.23	00:36:56.549	0.95268	0.95268			6
2024.02.23	00:36:56.578	0.95270	0.95270			6
2024.02.23	00:36:56.609	0.95273	0.95273			6
2024.02.23	00:36:56.640	0.95272	0.95272			6
2024.02.23	00:36:56.670	0.95271	0.95271			6
2024.02.23	00:36:56.700	0.95269	0.95269			6
2024.02.23	00:36:56.759	0.95271	0.95271			6
2024.02.23	00:37:05.318	0.95272	0.95272			6
2024.02.23	00:37:05.349	0.95273	0.95273			6
2024.02.23	00:37:05.468	0.95275	0.95275			6
2024.02.23	00:37:05.597	0.95274	0.95274			6
2024.02.23	00:37:05.892	0.95273	0.95273			6
2024.02.23	00:37:05.952	0.95271	0.95271			6
2024.02.23	00:37:05.982	0.95273	0.95273			6
2024.02.23	00:37:06.565	0.95272	0.95272			6
2024.02.23	00:37:06.656	0.95269	0.95269			6
2024.02.23	00:37:06.716	0.95271	0.95271			6
2024.02.23	00:37:06.819	0.95274	0.95274			6
2024.02.23	00:37:06.908	0.95272	0.95272			6
2024.02.23	00:37:08.287	0.95271	0.95271			6
2024.02.23	00:37:08.346	0.95273	0.95273			6
2024.02.23	00:37:08.439	0.95271	0.95271			6
2024.02.23	00:37:09.403	0.95268	0.95268			6
2024.02.23	00:37:09.432	0.95272	0.95272			6
2024.02.23	00:37:13.096	0.95270	0.95270			6
2024.02.23	00:37:16.106	0.95268	0.95268			6
2024.02.23	00:37:16.575	0.95270	0.95270			6
2024.02.23	00:37:16.666	0.95269	0.95269			6
2024.02.23	00:37:18.335	0.95271	0.95271			6
2024.02.23	00:37:18.457	0.95270	0.95270			6
2024.02.23	00:37:18.487	0.95269	0.95269			6
2024.02.23	00:37:18.546	0.95275	0.95275			6
2024.02.23	00:37:19.855	0.95276	0.95276			6
2024.02.23	00:37:19.885	0.95271	0.95271			6
2024.02.23	00:37:21.274	0.95273	0.95273			6
2024.02.23	00:37:21.304	0.95271	0.95271			6
2024.02.23	00:37:21.476	0.95270	0.95270			6
2024.02.23	00:37:21.535	0.95271	0.95271			6
2024.02.23	00:37:21.607	0.95273	0.95273			6
2024.02.23	00:37:22.292	0.95271	0.95271			6
2024.02.23	00:37:22.380	0.95273	0.95273			6
2024.02.23	00:37:22.431	0.95272	0.95272			6
2024.02.23	00:37:22.735	0.95271	0.95271			6
2024.02.23	00:37:26.645	0.95273	0.95273			6
2024.02.23	00:37:27.251	0.95271	0.95271			6
2024.02.23	00:37:27.483	0.95273	0.95273			6
2024.02.23	00:37:27.575	0.95272	0.95272			6
2024.02.23	00:37:27.603	0.95269	0.95269			6
2024.02.23	00:37:28.055	0.95271	0.95271			6
2024.02.23	00:37:28.345	0.95269	0.95269			6
2024.02.23	00:37:28.404	0.95271	0.95271			6
2024.02.23	00:37:33.088	0.95272	0.95272			6
2024.02.23	00:37:33.404	0.95271	0.95271			6
2024.02.23	00:37:42.244	0.95272	0.95272			6
2024.02.23	00:37:42.471	0.95270	0.95270			6
2024.02.23	00:37:43.567	0.95271	0.95271			6
2024.02.23	00:37:44.020	0.95275	0.95275			6
2024.02.23	00:37:44.094	0.95272	0.95272			6
2024.02.23	00:37:44.125	0.95271	0.95271			6
2024.02.23	00:37:46.136	0.95258	0.95258			6
2024.02.23	00:37:46.195	0.95256	0.95256			6
2024.02.23	00:37:51.113	0.95257	0.95257			6
2024.02.23	00:37:51.143	0.95270	0.95270			6
2024.02.23	00:37:51.618	0.95272	0.95272			6
2024.02.23	00:37:51.649	0.95270	0.95270			6
2024.02.23	00:37:51.915	0.95269	0.95269			6
2024.02.23	00:37:52.225	0.95272	0.95272			6
2024.02.23	00:37:52.255	0.95269	0.95269			6
2024.02.23	00:37:52.287	0.95268	0.95268			6
2024.02.23	00:37:52.633	0.95269	0.95269			6
2024.02.23	00:37:52.664	0.95270	0.95270			6
2024.02.23	00:37:52.727	0.95272	0.95272			6
2024.02.23	00:37:53.604	0.95271	0.95271			6
2024.02.23	00:37:54.070	0.95273	0.95273			6
2024.02.23	00:37:54.100	0.95272	0.95272			6
2024.02.23	00:37:54.192	0.95271	0.95271			6
2024.02.23	00:37:54.299	0.95272	0.95272			6
2024.02.23	00:37:54.420	0.95271	0.95271			6
2024.02.23	00:37:54.524	0.95272	0.95272			6
2024.02.23	00:37:54.584	0.95271	0.95271			6
2024.02.23	00:37:54.643	0.95268	0.95268			6
2024.02.23	00:37:54.702	0.95269	0.95269			6
2024.02.23	00:37:55.081	0.95268	0.95268			6
2024.02.23	00:37:55.873	0.95270	0.95270			6
2024.02.23	00:37:55.904	0.95272	0.95272			6
2024.02.23	00:37:55.934	0.95270	0.95270			6
2024.02.23	00:37:56.025	0.95272	0.95272			6
2024.02.23	00:37:56.087	0.95270	0.95270			6
2024.02.23	00:37:56.116	0.95272	0.95272			6
2024.02.23	00:37:56.147	0.95270	0.95270			6
2024.02.23	00:37:56.177	0.95273	0.95273			6
2024.02.23	00:37:56.206	0.95272	0.95272			6
2024.02.23	00:37:56.237	0.95273	0.95273			6
2024.02.23	00:37:56.267	0.95272	0.95272			6
2024.02.23	00:37:56.296	0.95271	0.95271			6
2024.02.23	00:37:58.598	0.95269	0.95269			6
2024.02.23	00:37:58.628	0.95273	0.95273			6
2024.02.23	00:37:58.719	0.95270	0.95270			6
2024.02.23	00:37:59.022	0.95273	0.95273			6
2024.02.23	00:37:59.083	0.95271	0.95271			6
2024.02.23	00:37:59.113	0.95273	0.95273			6
2024.02.23	00:37:59.294	0.95272	0.95272			6
2024.02.23	00:38:01.485	0.95267	0.95267			6
2024.02.23	00:38:01.545	0.95270	0.95270			6
2024.02.23	00:38:01.605	0.95273	0.95273			6
2024.02.23	00:38:01.634	0.95270	0.95270			6
2024.02.23	00:38:01.696	0.95273	0.95273			6
2024.02.23	00:38:01.726	0.95271	0.95271			6
2024.02.23	00:38:01.756	0.95273	0.95273			6
2024.02.23	00:38:01.845	0.95270	0.95270			6
2024.02.23	00:38:01.905	0.95272	0.95272			6
2024.02.23	00:38:01.944	0.95271	0.95271			6
2024.02.23	00:38:01.974	0.95262	0.95262			6
2024.02.23	00:38:02.004	0.95257	0.95257			6
2024.02.23	00:38:02.095	0.95256	0.95256			6
2024.02.23	00:38:04.036	0.95257	0.95257			6
2024.02.23	00:38:04.338	0.95255	0.95255			6
2024.02.23	00:38:04.368	0.95256	0.95256			6
2024.02.23	00:38:04.457	0.95257	0.95257			6
2024.02.23	00:38:04.841	0.95258	0.95258			6
2024.02.23	00:38:04.931	0.95255	0.95255			6
2024.02.23	00:38:05.021	0.95257	0.95257			6
2024.02.23	00:38:05.111	0.95258	0.95258			6
2024.02.23	00:38:05.201	0.95257	0.95257			6
2024.02.23	00:38:05.231	0.95256	0.95256			6
2024.02.23	00:38:05.339	0.95257	0.95257			6
2024.02.23	00:38:05.369	0.95256	0.95256			6
2024.02.23	00:38:05.461	0.95257	0.95257			6
2024.02.23	00:38:05.491	0.95270	0.95270			6
2024.02.23	00:38:05.522	0.95271	0.95271			6
2024.02.23	00:38:05.551	0.95273	0.95273			6
2024.02.23	00:38:05.581	0.95271	0.95271			6
2024.02.23	00:38:05.641	0.95273	0.95273			6
2024.02.23	00:38:05.671	0.95271	0.95271			6
2024.02.23	00:38:05.760	0.95273	0.95273			6
2024.02.23	00:38:05.791	0.95272	0.95272			6
2024.02.23	00:38:06.052	0.95273	0.95273			6
2024.02.23	00:38:06.144	0.95272	0.95272			6
2024.02.23	00:38:06.175	0.95273	0.95273			6
2024.02.23	00:38:06.205	0.95270	0.95270			6
2024.02.23	00:38:06.235	0.95274	0.95274			6
2024.02.23	00:38:06.265	0.95270	0.95270			6
2024.02.23	00:38:06.534	0.95271	0.95271			6
2024.02.23	00:38:08.637	0.95273	0.95273			6
2024.02.23	00:38:08.787	0.95272	0.95272			6
2024.02.23	00:38:08.818	0.95273	0.95273			6
2024.02.23	00:38:08.848	0.95272	0.95272			6
2024.02.23	00:38:11.197	0.95274	0.95274			6
2024.02.23	00:38:11.227	0.95271	0.95271			6
2024.02.23	00:38:13.172	0.95272	0.95272			6
2024.02.23	00:38:13.232	0.95274	0.95274			6
2024.02.23	00:38:13.261	0.95273	0.95273			6
2024.02.23	00:38:13.292	0.95272	0.95272			6
2024.02.23	00:38:13.322	0.95274	0.95274			6
2024.02.23	00:38:13.382	0.95272	0.95272			6
2024.02.23	00:38:13.412	0.95274	0.95274			6
2024.02.23	00:38:13.715	0.95275	0.95275			6
2024.02.23	00:38:13.746	0.95274	0.95274			6
2024.02.23	00:38:13.776	0.95273	0.95273			6
2024.02.23	00:38:13.896	0.95274	0.95274			6
2024.02.23	00:38:13.925	0.95273	0.95273			6
2024.02.23	00:38:13.986	0.95274	0.95274			6
2024.02.23	00:38:14.016	0.95272	0.95272			6
2024.02.23	00:38:14.106	0.95273	0.95273			6
2024.02.23	00:38:14.196	0.95274	0.95274			6
2024.02.23	00:38:14.226	0.95273	0.95273			6
2024.02.23	00:38:16.003	0.95275	0.95275			6
2024.02.23	00:38:16.063	0.95274	0.95274			6
2024.02.23	00:38:16.139	0.95273	0.95273			6
2024.02.23	00:38:16.170	0.95274	0.95274			6
2024.02.23	00:38:16.665	0.95273	0.95273			6
2024.02.23	00:38:16.726	0.95274	0.95274			6
2024.02.23	00:38:16.816	0.95272	0.95272			6
2024.02.23	00:38:16.846	0.95274	0.95274			6
2024.02.23	00:38:16.876	0.95275	0.95275			6
2024.02.23	00:38:17.163	0.95272	0.95272			6
2024.02.23	00:38:17.749	0.95273	0.95273			6
2024.02.23	00:38:18.105	0.95272	0.95272			6
2024.02.23	00:38:18.136	0.95276	0.95276			6
2024.02.23	00:38:18.661	0.95275	0.95275			6
2024.02.23	00:38:18.722	0.95274	0.95274			6
2024.02.23	00:38:18.751	0.95275	0.95275			6
2024.02.23	00:38:18.811	0.95274	0.95274			6
2024.02.23	00:38:18.841	0.95275	0.95275			6
2024.02.23	00:38:18.871	0.95274	0.95274			6
2024.02.23	00:38:18.901	0.95273	0.95273			6
2024.02.23	00:38:19.021	0.95274	0.95274			6
2024.02.23	00:38:19.051	0.95273	0.95273			6
2024.02.23	00:38:19.081	0.95274	0.95274			6
2024.02.23	00:38:19.141	0.95273	0.95273			6
2024.02.23	00:38:19.171	0.95274	0.95274			6
2024.02.23	00:38:19.261	0.95273	0.95273			6
2024.02.23	00:38:19.291	0.95272	0.95272			6
2024.02.23	00:38:19.411	0.95271	0.95271			6
2024.02.23	00:38:19.471	0.95273	0.95273			6
2024.02.23	00:38:19.501	0.95275	0.95275			6
2024.02.23	00:38:19.530	0.95273	0.95273			6
2024.02.23	00:38:19.620	0.95272	0.95272			6
2024.02.23	00:38:19.876	0.95270	0.95270			6
2024.02.23	00:38:19.906	0.95271	0.95271			6
2024.02.23	00:38:19.936	0.95272	0.95272			6
2024.02.23	00:38:21.047	0.95275	0.95275			6
2024.02.23	00:38:21.106	0.95274	0.95274			6
2024.02.23	00:38:21.545	0.95273	0.95273			6
2024.02.23	00:38:21.576	0.95274	0.95274			6
2024.02.23	00:38:21.666	0.95273	0.95273			6
2024.02.23	00:38:23.577	0.95271	0.95271			6
2024.02.23	00:38:23.637	0.95274	0.95274			6
2024.02.23	00:38:23.667	0.95271	0.95271			6
2024.02.23	00:38:23.727	0.95272	0.95272			6
2024.02.23	00:38:23.757	0.95271	0.95271			6
2024.02.23	00:38:24.049	0.95270	0.95270			6
2024.02.23	00:38:24.259	0.95271	0.95271			6
2024.02.23	00:38:24.577	0.95273	0.95273			6
2024.02.23	00:38:24.964	0.95272	0.95272			6
2024.02.23	00:38:24.995	0.95270	0.95270			6
2024.02.23	00:38:25.024	0.95269	0.95269			6
2024.02.23	00:38:25.085	0.95270	0.95270			6
2024.02.23	00:38:25.634	0.95272	0.95272			6
2024.02.23	00:38:25.663	0.95270	0.95270			6
2024.02.23	00:38:26.928	0.95271	0.95271			6
2024.02.23	00:38:27.466	0.95270	0.95270			6
2024.02.23	00:38:27.525	0.95272	0.95272			6
2024.02.23	00:38:27.555	0.95273	0.95273			6
2024.02.23	00:38:27.585	0.95274	0.95274			6
2024.02.23	00:38:27.616	0.95273	0.95273			6
2024.02.23	00:38:27.646	0.95272	0.95272			6
2024.02.23	00:38:27.708	0.95271	0.95271			6
2024.02.23	00:38:27.737	0.95272	0.95272			6
2024.02.23	00:38:27.768	0.95274	0.95274			6
2024.02.23	00:38:27.857	0.95272	0.95272			6
2024.02.23	00:38:28.117	0.95271	0.95271			6
2024.02.23	00:38:28.147	0.95270	0.95270			6
2024.02.23	00:38:28.176	0.95272	0.95272			6
2024.02.23	00:38:28.316	0.95271	0.95271			6
2024.02.23	00:38:28.377	0.95268	0.95268			6
2024.02.23	00:38:28.407	0.95269	0.95269			6
2024.02.23	00:38:28.855	0.95271	0.95271			6
2024.02.23	00:38:28.885	0.95270	0.95270			6
2024.02.23	00:38:29.216	0.95272	0.95272			6
2024.02.23	00:38:29.247	0.95271	0.95271			6
2024.02.23	00:38:29.307	0.95272	0.95272			6
2024.02.23	00:38:29.656	0.95271	0.95271			6
2024.02.23	00:38:29.716	0.95272	0.95272			6
2024.02.23	00:38:29.966	0.95271	0.95271			6
2024.02.23	00:38:30.091	0.95272	0.95272			6
2024.02.23	00:38:30.122	0.95273	0.95273			6
2024.02.23	00:38:30.151	0.95272	0.95272			6
2024.02.23	00:38:31.473	0.95271	0.95271			6
2024.02.23	00:38:31.503	0.95270	0.95270			6
2024.02.23	00:38:32.020	0.95271	0.95271			6
2024.02.23	00:38:32.110	0.95272	0.95272			6
2024.02.23	00:38:32.141	0.95270	0.95270			6
2024.02.23	00:38:32.200	0.95271	0.95271			6
2024.02.23	00:38:32.532	0.95270	0.95270			6
2024.02.23	00:38:32.621	0.95271	0.95271			6
2024.02.23	00:38:32.651	0.95272	0.95272			6
2024.02.23	00:38:32.744	0.95274	0.95274			6
2024.02.23	00:38:32.773	0.95271	0.95271			6
2024.02.23	00:38:32.834	0.95272	0.95272			6
2024.02.23	00:38:32.934	0.95270	0.95270			6
2024.02.23	00:38:33.154	0.95271	0.95271			6
2024.02.23	00:38:33.184	0.95270	0.95270			6
2024.02.23	00:38:33.245	0.95271	0.95271			6
2024.02.23	00:38:33.275	0.95273	0.95273			6
2024.02.23	00:38:33.565	0.95272	0.95272			6
2024.02.23	00:38:33.788	0.95270	0.95270			6
2024.02.23	00:38:34.354	0.95269	0.95269			6
2024.02.23	00:38:35.224	0.95268	0.95268			6
2024.02.23	00:38:35.254	0.95270	0.95270			6
2024.02.23	00:38:35.345	0.95269	0.95269			6
2024.02.23	00:38:35.406	0.95270	0.95270			6
2024.02.23	00:38:36.474	0.95269	0.95269			6
2024.02.23	00:38:42.477	0.95267	0.95267			6
2024.02.23	00:38:42.507	0.95269	0.95269			6
2024.02.23	00:38:42.537	0.95268	0.95268			6
2024.02.23	00:38:42.596	0.95269	0.95269			6
2024.02.23	00:38:42.898	0.95272	0.95272			6
2024.02.23	00:38:42.928	0.95271	0.95271			6
2024.02.23	00:38:42.958	0.95269	0.95269			6
2024.02.23	00:38:43.049	0.95270	0.95270			6
2024.02.23	00:38:43.079	0.95268	0.95268			6
2024.02.23	00:38:44.322	0.95270	0.95270			6
2024.02.23	00:38:44.351	0.95269	0.95269			6
2024.02.23	00:38:46.306	0.95268	0.95268			6
2024.02.23	00:38:46.665	0.95269	0.95269			6
2024.02.23	00:38:46.925	0.95271	0.95271			6
2024.02.23	00:38:46.955	0.95270	0.95270			6
2024.02.23	00:38:46.985	0.95268	0.95268			6
2024.02.23	00:38:47.015	0.95272	0.95272			6
2024.02.23	00:38:49.486	0.95269	0.95269			6
2024.02.23	00:38:49.835	0.95270	0.95270			6
2024.02.23	00:38:53.215	0.95269	0.95269			6
2024.02.23	00:38:53.245	0.95270	0.95270			6
2024.02.23	00:38:53.275	0.95272	0.95272			6
2024.02.23	00:38:53.535	0.95270	0.95270			6
2024.02.23	00:38:53.692	0.95269	0.95269			6
2024.02.23	00:38:53.721	0.95270	0.95270			6
2024.02.23	00:38:53.812	0.95273	0.95273			6
2024.02.23	00:38:53.841	0.95272	0.95272			6
2024.02.23	00:38:53.872	0.95269	0.95269			6
2024.02.23	00:38:54.476	0.95271	0.95271			6
2024.02.23	00:38:54.506	0.95269	0.95269			6
2024.02.23	00:38:54.926	0.95270	0.95270			6
2024.02.23	00:38:55.045	0.95269	0.95269			6
2024.02.23	00:38:55.076	0.95270	0.95270			6
2024.02.23	00:38:57.293	0.95272	0.95272			6
2024.02.23	00:38:58.477	0.95268	0.95268			6
2024.02.23	00:38:58.507	0.95271	0.95271			6
2024.02.23	00:38:58.537	0.95268	0.95268			6
2024.02.23	00:38:59.508	0.95272	0.95272			6
2024.02.23	00:38:59.846	0.95271	0.95271			6
2024.02.23	00:39:01.754	0.95269	0.95269			6
2024.02.23	00:39:01.785	0.95272	0.95272			6
2024.02.23	00:39:01.814	0.95268	0.95268			6
2024.02.23	00:39:02.073	0.95272	0.95272			6
2024.02.23	00:39:02.173	0.95268	0.95268			6
2024.02.23	00:39:04.563	0.95269	0.95269			6
2024.02.23	00:39:04.623	0.95267	0.95267			6
2024.02.23	00:39:09.226	0.95269	0.95269			6
2024.02.23	00:39:09.256	0.95267	0.95267			6
2024.02.23	00:39:09.285	0.95266	0.95266			6
2024.02.23	00:39:12.475	0.95267	0.95267			6
2024.02.23	00:39:12.505	0.95270	0.95270			6
2024.02.23	00:39:12.534	0.95267	0.95267			6
2024.02.23	00:39:13.805	0.95270	0.95270			6
2024.02.23	00:39:14.746	0.95271	0.95271			6
2024.02.23	00:39:14.896	0.95270	0.95270			6
2024.02.23	00:39:18.875	0.95273	0.95273			6
2024.02.23	00:39:18.905	0.95272	0.95272			6
2024.02.23	00:39:19.456	0.95273	0.95273			6
2024.02.23	00:39:20.706	0.95272	0.95272			6
2024.02.23	00:39:22.601	0.95271	0.95271			6
2024.02.23	00:39:23.124	0.95269	0.95269			6
2024.02.23	00:39:23.466	0.95272	0.95272			6
2024.02.23	00:39:23.495	0.95273	0.95273			6
2024.02.23	00:39:25.140	0.95272	0.95272			6
2024.02.23	00:39:25.170	0.95270	0.95270			6
2024.02.23	00:39:25.200	0.95272	0.95272			6
2024.02.23	00:39:28.545	0.95271	0.95271			6
2024.02.23	00:39:28.855	0.95273	0.95273			6
2024.02.23	00:39:28.886	0.95272	0.95272			6
2024.02.23	00:39:28.917	0.95270	0.95270			6
2024.02.23	00:39:28.976	0.95271	0.95271			6
2024.02.23	00:39:30.086	0.95270	0.95270			6
2024.02.23	00:39:30.115	0.95269	0.95269			6
2024.02.23	00:39:30.145	0.95271	0.95271			6
2024.02.23	00:39:30.205	0.95269	0.95269			6
2024.02.23	00:39:30.265	0.95268	0.95268			6
2024.02.23	00:39:30.471	0.95270	0.95270			6
2024.02.23	00:39:33.186	0.95273	0.95273			6
2024.02.23	00:39:33.297	0.95272	0.95272			6
2024.02.23	00:39:33.326	0.95271	0.95271			6
2024.02.23	00:39:33.676	0.95273	0.95273			6
2024.02.23	00:39:33.705	0.95272	0.95272			6
2024.02.23	00:39:33.826	0.95270	0.95270			6
2024.02.23	00:39:35.044	0.95269	0.95269			6
2024.02.23	00:39:35.286	0.95268	0.95268			6
2024.02.23	00:39:35.527	0.95267	0.95267			6
2024.02.23	00:39:35.557	0.95269	0.95269			6
2024.02.23	00:39:36.068	0.95274	0.95274			6
2024.02.23	00:39:36.098	0.95272	0.95272			6
2024.02.23	00:39:36.217	0.95273	0.95273			6
2024.02.23	00:39:36.529	0.95272	0.95272			6
2024.02.23	00:39:36.559	0.95273	0.95273			6
2024.02.23	00:39:36.974	0.95274	0.95274			6
2024.02.23	00:39:38.475	0.95277	0.95277			6
2024.02.23	00:39:38.504	0.95273	0.95273			6
2024.02.23	00:39:38.966	0.95275	0.95275			6
2024.02.23	00:39:38.996	0.95272	0.95272			6
2024.02.23	00:39:39.315	0.95271	0.95271			6
2024.02.23	00:39:39.965	0.95272	0.95272			6
2024.02.23	00:39:40.026	0.95271	0.95271			6
2024.02.23	00:39:40.056	0.95270	0.95270			6
2024.02.23	00:39:40.085	0.95274	0.95274			6
2024.02.23	00:39:42.136	0.95273	0.95273			6
2024.02.23	00:39:44.206	0.95275	0.95275			6
2024.02.23	00:39:44.237	0.95273	0.95273			6
2024.02.23	00:39:44.756	0.95269	0.95269			6
2024.02.23	00:39:44.785	0.95271	0.95271			6
2024.02.23	00:39:45.147	0.95268	0.95268			6
2024.02.23	00:39:45.177	0.95271	0.95271			6
2024.02.23	00:39:46.475	0.95270	0.95270			6
2024.02.23	00:39:46.606	0.95271	0.95271			6
2024.02.23	00:39:46.636	0.95274	0.95274			6
2024.02.23	00:39:46.733	0.95272	0.95272			6
2024.02.23	00:39:46.875	0.95274	0.95274			6
2024.02.23	00:39:52.475	0.95273	0.95273			6
2024.02.23	00:39:52.506	0.95271	0.95271			6
2024.02.23	00:39:52.566	0.95270	0.95270			6
2024.02.23	00:39:52.949	0.95273	0.95273			6
2024.02.23	00:39:52.979	0.95274	0.95274			6
2024.02.23	00:39:53.009	0.95270	0.95270			6
2024.02.23	00:39:53.039	0.95274	0.95274			6
2024.02.23	00:39:53.070	0.95272	0.95272			6
2024.02.23	00:39:53.100	0.95275	0.95275			6
2024.02.23	00:39:53.129	0.95273	0.95273			6
2024.02.23	00:39:53.160	0.95274	0.95274			6
2024.02.23	00:39:53.190	0.95275	0.95275			6
2024.02.23	00:39:53.220	0.95274	0.95274			6
2024.02.23	00:39:55.467	0.95273	0.95273			6
2024.02.23	00:39:55.736	0.95272	0.95272			6
2024.02.23	00:39:55.766	0.95273	0.95273			6
2024.02.23	00:39:56.488	0.95274	0.95274			6
2024.02.23	00:39:57.606	0.95273	0.95273			6
2024.02.23	00:39:58.849	0.95276	0.95276			6
2024.02.23	00:39:58.880	0.95273	0.95273			6
2024.02.23	00:39:59.060	0.95269	0.95269			6
2024.02.23	00:39:59.090	0.95272	0.95272			6
2024.02.23	00:39:59.120	0.95271	0.95271			6
2024.02.23	00:39:59.150	0.95272	0.95272			6
2024.02.23	00:39:59.209	0.95274	0.95274			6
2024.02.23	00:39:59.269	0.95273	0.95273			6
2024.02.23	00:39:59.299	0.95274	0.95274			6
2024.02.23	00:39:59.361	0.95272	0.95272			6
2024.02.23	00:39:59.391	0.95274	0.95274			6
2024.02.23	00:39:59.480	0.95270	0.95270			6
2024.02.23	00:39:59.510	0.95274	0.95274			6
2024.02.23	00:39:59.571	0.95271	0.95271			6
2024.02.23	00:39:59.690	0.95272	0.95272			6
2024.02.23	00:39:59.721	0.95274	0.95274			6
2024.02.23	00:39:59.751	0.95273	0.95273			6
2024.02.23	00:39:59.901	0.95274	0.95274			6
2024.02.23	00:39:59.931	0.95273	0.95273			6
2024.02.23	00:39:59.961	0.95274	0.95274			6
2024.02.23	00:39:59.990	0.95272	0.95272			6
2024.02.23	00:40:00.020	0.95273	0.95273			6
2024.02.23	00:40:00.050	0.95272	0.95272			6
2024.02.23	00:40:00.080	0.95274	0.95274			6
2024.02.23	00:40:00.141	0.95273	0.95273			6
2024.02.23	00:40:00.445	0.95274	0.95274			6
2024.02.23	00:40:00.505	0.95273	0.95273			6
2024.02.23	00:40:00.854	0.95277	0.95277			6
2024.02.23	00:40:00.884	0.95273	0.95273			6
2024.02.23	00:40:00.944	0.95272	0.95272			6
2024.02.23	00:40:01.094	0.95273	0.95273			6
2024.02.23	00:40:01.495	0.95274	0.95274			6
2024.02.23	00:40:01.553	0.95273	0.95273			6
2024.02.23	00:40:02.544	0.95272	0.95272			6
2024.02.23	00:40:02.846	0.95270	0.95270			6
2024.02.23	00:40:02.875	0.95272	0.95272			6
2024.02.23	00:40:04.516	0.95269	0.95269			6
2024.02.23	00:40:04.545	0.95272	0.95272			6
2024.02.23	00:40:05.475	0.95273	0.95273			6
2024.02.23	00:40:06.076	0.95271	0.95271			6
2024.02.23	00:40:06.107	0.95272	0.95272			6
2024.02.23	00:40:06.137	0.95274	0.95274			6
2024.02.23	00:40:06.167	0.95272	0.95272			6
2024.02.23	00:40:06.196	0.95273	0.95273			6
2024.02.23	00:40:08.175	0.95271	0.95271			6
2024.02.23	00:40:08.235	0.95276	0.95276			6
2024.02.23	00:40:08.324	0.95274	0.95274			6
2024.02.23	00:40:08.445	0.95276	0.95276			6
2024.02.23	00:40:08.475	0.95274	0.95274			6
2024.02.23	00:40:08.600	0.95276	0.95276			6
2024.02.23	00:40:08.630	0.95274	0.95274			6
2024.02.23	00:40:08.690	0.95273	0.95273			6
2024.02.23	00:40:08.720	0.95275	0.95275			6
2024.02.23	00:40:08.751	0.95274	0.95274			6
2024.02.23	00:40:08.781	0.95273	0.95273			6
2024.02.23	00:40:08.811	0.95274	0.95274			6
2024.02.23	00:40:08.841	0.95275	0.95275			6
2024.02.23	00:40:08.931	0.95274	0.95274			6
2024.02.23	00:40:08.960	0.95273	0.95273			6
2024.02.23	00:40:08.991	0.95274	0.95274			6
2024.02.23	00:40:09.243	0.95273	0.95273			6
2024.02.23	00:40:09.304	0.95269	0.95269			6
2024.02.23	00:40:09.334	0.95275	0.95275			6
2024.02.23	00:40:09.364	0.95274	0.95274			6
2024.02.23	00:40:09.424	0.95275	0.95275			6
2024.02.23	00:40:09.487	0.95274	0.95274			6
2024.02.23	00:40:09.548	0.95273	0.95273			6
2024.02.23	00:40:09.579	0.95275	0.95275			6
2024.02.23	00:40:09.639	0.95274	0.95274			6
2024.02.23	00:40:09.669	0.95273	0.95273			6
2024.02.23	00:40:09.729	0.95274	0.95274			6
2024.02.23	00:40:09.819	0.95275	0.95275			6
2024.02.23	00:40:10.247	0.95274	0.95274			6
2024.02.23	00:40:10.277	0.95275	0.95275			6
2024.02.23	00:40:10.537	0.95274	0.95274			6
2024.02.23	00:40:10.567	0.95272	0.95272			6
2024.02.23	00:40:10.628	0.95274	0.95274			6
2024.02.23	00:40:10.688	0.95273	0.95273			6
2024.02.23	00:40:10.718	0.95274	0.95274			6
2024.02.23	00:40:10.747	0.95273	0.95273			6
2024.02.23	00:40:11.514	0.95271	0.95271			6
2024.02.23	00:40:11.545	0.95274	0.95274			6
2024.02.23	00:40:11.664	0.95271	0.95271			6
2024.02.23	00:40:11.693	0.95270	0.95270			6
2024.02.23	00:40:11.755	0.95273	0.95273			6
2024.02.23	00:40:11.784	0.95271	0.95271			6
2024.02.23	00:40:11.814	0.95272	0.95272			6
2024.02.23	00:40:11.845	0.95274	0.95274			6
2024.02.23	00:40:12.236	0.95273	0.95273			6
2024.02.23	00:40:13.390	0.95271	0.95271			6
2024.02.23	00:40:13.419	0.95272	0.95272			6
2024.02.23	00:40:13.509	0.95271	0.95271			6
2024.02.23	00:40:13.540	0.95270	0.95270			6
2024.02.23	00:40:13.600	0.95272	0.95272			6
2024.02.23	00:40:13.632	0.95274	0.95274			6
2024.02.23	00:40:13.661	0.95272	0.95272			6
2024.02.23	00:40:13.751	0.95274	0.95274			6
2024.02.23	00:40:13.960	0.95273	0.95273			6
2024.02.23	00:40:15.516	0.95272	0.95272			6
2024.02.23	00:40:15.885	0.95271	0.95271			6
2024.02.23	00:40:15.964	0.95274	0.95274			6
2024.02.23	00:40:16.053	0.95272	0.95272			6
2024.02.23	00:40:16.082	0.95274	0.95274			6
2024.02.23	00:40:16.233	0.95273	0.95273			6
2024.02.23	00:40:16.265	0.95275	0.95275			6
2024.02.23	00:40:16.295	0.95272	0.95272			6
2024.02.23	00:40:16.325	0.95275	0.95275			6
2024.02.23	00:40:16.356	0.95272	0.95272			6
2024.02.23	00:40:16.386	0.95271	0.95271			6
2024.02.23	00:40:16.415	0.95268	0.95268			6
2024.02.23	00:40:16.446	0.95273	0.95273			6
2024.02.23	00:40:16.505	0.95276	0.95276			6
2024.02.23	00:40:16.625	0.95275	0.95275			6
2024.02.23	00:40:18.052	0.95277	0.95277			6
2024.02.23	00:40:18.082	0.95274	0.95274			6
2024.02.23	00:40:18.113	0.95273	0.95273			6
2024.02.23	00:40:18.143	0.95274	0.95274			6
2024.02.23	00:40:18.203	0.95273	0.95273			6
2024.02.23	00:40:19.861	0.95274	0.95274			6
2024.02.23	00:40:20.042	0.95273	0.95273			6
2024.02.23	00:40:20.072	0.95274	0.95274			6
2024.02.23	00:40:20.102	0.95273	0.95273			6
2024.02.23	00:40:20.192	0.95274	0.95274			6
2024.02.23	00:40:20.311	0.95275	0.95275			6
2024.02.23	00:40:20.341	0.95274	0.95274			6
2024.02.23	00:40:20.371	0.95273	0.95273			6
2024.02.23	00:40:24.676	0.95274	0.95274			6
2024.02.23	00:40:24.707	0.95273	0.95273			6
2024.02.23	00:40:24.736	0.95274	0.95274			6
2024.02.23	00:40:24.797	0.95273	0.95273			6
2024.02.23	00:40:25.027	0.95274	0.95274			6
2024.02.23	00:40:25.148	0.95275	0.95275			6
2024.02.23	00:40:25.177	0.95274	0.95274			6
2024.02.23	00:40:25.297	0.95275	0.95275			6
2024.02.23	00:40:25.357	0.95273	0.95273			6
2024.02.23	00:40:25.418	0.95274	0.95274			6
2024.02.23	00:40:25.598	0.95273	0.95273			6
2024.02.23	00:40:25.628	0.95274	0.95274			6
2024.02.23	00:40:25.661	0.95275	0.95275			6
2024.02.23	00:40:25.691	0.95274	0.95274			6
2024.02.23	00:40:25.721	0.95275	0.95275			6
2024.02.23	00:40:25.751	0.95272	0.95272			6
2024.02.23	00:40:25.780	0.95274	0.95274			6
2024.02.23	00:40:26.117	0.95271	0.95271			6
2024.02.23	00:40:26.147	0.95275	0.95275			6
2024.02.23	00:40:26.177	0.95272	0.95272			6
2024.02.23	00:40:26.206	0.95274	0.95274			6
2024.02.23	00:40:26.360	0.95275	0.95275			6
2024.02.23	00:40:26.581	0.95274	0.95274			6
2024.02.23	00:40:26.649	0.95273	0.95273			6
2024.02.23	00:40:26.800	0.95274	0.95274			6
2024.02.23	00:40:26.830	0.95275	0.95275			6
2024.02.23	00:40:26.860	0.95274	0.95274			6
2024.02.23	00:40:26.919	0.95273	0.95273			6
2024.02.23	00:40:29.545	0.95274	0.95274			6
2024.02.23	00:40:29.575	0.95273	0.95273			6
2024.02.23	00:40:29.863	0.95274	0.95274			6
2024.02.23	00:40:29.923	0.95273	0.95273			6
2024.02.23	00:40:30.074	0.95274	0.95274			6
2024.02.23	00:40:30.103	0.95273	0.95273			6
2024.02.23	00:40:30.194	0.95274	0.95274			6
2024.02.23	00:40:30.314	0.95275	0.95275			6
2024.02.23	00:40:30.344	0.95273	0.95273			6
2024.02.23	00:40:30.375	0.95259	0.95259			6
2024.02.23	00:40:30.405	0.95257	0.95257			6
2024.02.23	00:40:30.434	0.95258	0.95258			6
2024.02.23	00:40:30.464	0.95256	0.95256			6
2024.02.23	00:40:30.494	0.95257	0.95257			6
2024.02.23	00:40:30.555	0.95258	0.95258			6
2024.02.23	00:40:30.585	0.95257	0.95257			6
2024.02.23	00:40:30.615	0.95258	0.95258			6
2024.02.23	00:40:30.644	0.95259	0.95259			6
2024.02.23	00:40:30.674	0.95258	0.95258			6
2024.02.23	00:40:30.764	0.95259	0.95259			6
2024.02.23	00:40:30.975	0.95260	0.95260			6
2024.02.23	00:40:31.005	0.95259	0.95259			6
2024.02.23	00:40:31.035	0.95260	0.95260			6
2024.02.23	00:40:31.065	0.95259	0.95259			6
2024.02.23	00:40:31.095	0.95260	0.95260			6
2024.02.23	00:40:31.155	0.95261	0.95261			6
2024.02.23	00:40:31.184	0.95260	0.95260			6
2024.02.23	00:40:31.214	0.95261	0.95261			6
2024.02.23	00:40:31.305	0.95260	0.95260			6
2024.02.23	00:40:31.335	0.95259	0.95259			6
2024.02.23	00:40:31.455	0.95261	0.95261			6
2024.02.23	00:40:31.727	0.95260	0.95260			6
2024.02.23	00:40:31.757	0.95259	0.95259			6
2024.02.23	00:40:31.816	0.95258	0.95258			6
2024.02.23	00:40:31.846	0.95259	0.95259			6
2024.02.23	00:40:31.971	0.95258	0.95258			6
2024.02.23	00:40:32.001	0.95260	0.95260			6
2024.02.23	00:40:32.031	0.95259	0.95259			6
2024.02.23	00:40:32.092	0.95261	0.95261			6
2024.02.23	00:40:32.152	0.95262	0.95262			6
2024.02.23	00:40:32.182	0.95261	0.95261			6
2024.02.23	00:40:32.343	0.95262	0.95262			6
2024.02.23	00:40:32.372	0.95261	0.95261			6
2024.02.23	00:40:32.493	0.95260	0.95260			6
2024.02.23	00:40:32.523	0.95261	0.95261			6
2024.02.23	00:40:32.673	0.95260	0.95260			6
2024.02.23	00:40:32.702	0.95261	0.95261			6
2024.02.23	00:40:35.578	0.95262	0.95262			6
2024.02.23	00:40:35.666	0.95261	0.95261			6
2024.02.23	00:40:35.757	0.95262	0.95262			6
2024.02.23	00:40:35.818	0.95261	0.95261			6
2024.02.23	00:40:35.846	0.95260	0.95260			6
2024.02.23	00:40:35.877	0.95261	0.95261			6
2024.02.23	00:40:36.056	0.95262	0.95262			6
2024.02.23	00:40:36.117	0.95261	0.95261			6
2024.02.23	00:40:36.358	0.95260	0.95260			6
2024.02.23	00:40:36.387	0.95261	0.95261			6
2024.02.23	00:40:36.655	0.95260	0.95260			6
2024.02.23	00:40:36.804	0.95261	0.95261			6
2024.02.23	00:40:36.835	0.95260	0.95260			6
2024.02.23	00:40:37.130	0.95261	0.95261			6
2024.02.23	00:40:37.159	0.95260	0.95260			6
2024.02.23	00:40:37.279	0.95261	0.95261			6
2024.02.23	00:40:37.310	0.95260	0.95260			6
2024.02.23	00:40:38.086	0.95261	0.95261			6
2024.02.23	00:40:38.631	0.95260	0.95260			6
2024.02.23	00:40:38.661	0.95261	0.95261			6
2024.02.23	00:40:38.691	0.95262	0.95262			6
2024.02.23	00:40:40.474	0.95261	0.95261			6
2024.02.23	00:40:40.927	0.95262	0.95262			6
2024.02.23	00:40:40.957	0.95275	0.95275			6
2024.02.23	00:40:41.414	0.95276	0.95276			6
2024.02.23	00:40:41.446	0.95275	0.95275			6
2024.02.23	00:40:41.629	0.95276	0.95276			6
2024.02.23	00:40:45.240	0.95278	0.95278			6
2024.02.23	00:40:45.270	0.95276	0.95276			6
2024.02.23	00:40:45.300	0.95271	0.95271			6
2024.02.23	00:40:45.331	0.95270	0.95270			6
2024.02.23	00:40:45.359	0.95273	0.95273			6
2024.02.23	00:40:45.761	0.95276	0.95276			6
2024.02.23	00:40:46.547	0.95275	0.95275			6
2024.02.23	00:40:47.506	0.95276	0.95276			6
2024.02.23	00:40:48.174	0.95275	0.95275			6
2024.02.23	00:40:50.095	0.95274	0.95274			6
2024.02.23	00:40:50.155	0.95273	0.95273			6
2024.02.23	00:40:50.186	0.95274	0.95274			6
2024.02.23	00:40:50.275	0.95273	0.95273			6
2024.02.23	00:40:50.305	0.95274	0.95274			6
2024.02.23	00:40:50.365	0.95273	0.95273			6
2024.02.23	00:40:50.395	0.95284	0.95284			6
2024.02.23	00:40:50.425	0.95281	0.95281			6
2024.02.23	00:40:50.485	0.95279	0.95279			6
2024.02.23	00:40:50.515	0.95278	0.95278			6
2024.02.23	00:40:50.546	0.95276	0.95276			6
2024.02.23	00:40:50.643	0.95275	0.95275			6
2024.02.23	00:40:50.803	0.95276	0.95276			6
2024.02.23	00:40:50.833	0.95275	0.95275			6
2024.02.23	00:40:51.165	0.95276	0.95276			6
2024.02.23	00:40:51.196	0.95274	0.95274			6
2024.02.23	00:40:51.535	0.95275	0.95275			6
2024.02.23	00:40:51.565	0.95276	0.95276			6
2024.02.23	00:40:51.746	0.95275	0.95275			6
2024.02.23	00:40:51.776	0.95274	0.95274			6
2024.02.23	00:40:51.806	0.95275	0.95275			6
2024.02.23	00:40:51.835	0.95276	0.95276			6
2024.02.23	00:40:51.866	0.95273	0.95273			6
2024.02.23	00:40:51.896	0.95274	0.95274			6
2024.02.23	00:40:51.955	0.95273	0.95273			6
2024.02.23	00:40:51.986	0.95271	0.95271			6
2024.02.23	00:40:52.016	0.95275	0.95275			6
2024.02.23	00:40:52.045	0.95274	0.95274			6
2024.02.23	00:40:52.298	0.95273	0.95273			6
2024.02.23	00:40:52.574	0.95274	0.95274			6
2024.02.23	00:40:53.365	0.95275	0.95275			6
2024.02.23	00:40:53.395	0.95274	0.95274			6
2024.02.23	00:40:53.455	0.95273	0.95273			6
2024.02.23	00:40:53.953	0.95275	0.95275			6
2024.02.23	00:40:53.984	0.95272	0.95272			6
2024.02.23	00:40:54.013	0.95271	0.95271			6
2024.02.23	00:40:54.506	0.95274	0.95274			6
2024.02.23	00:40:54.536	0.95272	0.95272			6
2024.02.23	00:40:54.596	0.95274	0.95274			6
2024.02.23	00:40:54.627	0.95273	0.95273			6
2024.02.23	00:40:54.657	0.95275	0.95275			6
2024.02.23	00:40:54.687	0.95276	0.95276			6
2024.02.23	00:40:54.717	0.95274	0.95274			6
2024.02.23	00:40:54.747	0.95275	0.95275			6
2024.02.23	00:40:54.777	0.95274	0.95274			6
2024.02.23	00:40:54.806	0.95272	0.95272			6
2024.02.23	00:40:54.836	0.95273	0.95273			6
2024.02.23	00:40:54.867	0.95272	0.95272			6
2024.02.23	00:40:55.896	0.95273	0.95273			6
2024.02.23	00:40:55.955	0.95274	0.95274			6
2024.02.23	00:40:55.986	0.95272	0.95272			6
2024.02.23	00:40:56.015	0.95273	0.95273			6
2024.02.23	00:40:56.045	0.95274	0.95274			6
2024.02.23	00:40:56.076	0.95273	0.95273			6
2024.02.23	00:40:56.105	0.95272	0.95272			6
2024.02.23	00:40:56.166	0.95274	0.95274			6
2024.02.23	00:40:56.196	0.95273	0.95273			6
2024.02.23	00:40:56.226	0.95275	0.95275			6
2024.02.23	00:40:56.469	0.95274	0.95274			6
2024.02.23	00:40:56.560	0.95273	0.95273			6
2024.02.23	00:40:57.114	0.95272	0.95272			6
2024.02.23	00:40:57.203	0.95273	0.95273			6
2024.02.23	00:40:57.394	0.95272	0.95272			6
2024.02.23	00:40:57.424	0.95275	0.95275			6
2024.02.23	00:40:57.485	0.95274	0.95274			6
2024.02.23	00:40:57.515	0.95273	0.95273			6
2024.02.23	00:40:57.544	0.95274	0.95274			6
2024.02.23	00:40:57.636	0.95273	0.95273			6
2024.02.23	00:40:57.665	0.95274	0.95274			6
2024.02.23	00:40:57.696	0.95273	0.95273			6
2024.02.23	00:40:57.786	0.95272	0.95272			6
2024.02.23	00:40:57.816	0.95271	0.95271			6
2024.02.23	00:40:57.876	0.95270	0.95270			6
2024.02.23	00:40:57.905	0.95273	0.95273			6
2024.02.23	00:40:57.935	0.95271	0.95271			6
2024.02.23	00:40:57.965	0.95273	0.95273			6
2024.02.23	00:40:57.997	0.95271	0.95271			6
2024.02.23	00:40:58.086	0.95273	0.95273			6
2024.02.23	00:40:58.116	0.95272	0.95272			6
2024.02.23	00:40:58.147	0.95271	0.95271			6
2024.02.23	00:40:58.421	0.95273	0.95273			6
2024.02.23	00:40:58.452	0.95271	0.95271			6
2024.02.23	00:40:58.512	0.95273	0.95273			6
2024.02.23	00:40:58.542	0.95271	0.95271			6
2024.02.23	00:40:58.572	0.95273	0.95273			6
2024.02.23	00:40:58.602	0.95274	0.95274			6
2024.02.23	00:40:58.632	0.95272	0.95272			6
2024.02.23	00:40:58.693	0.95271	0.95271			6
2024.02.23	00:40:58.968	0.95272	0.95272			6
2024.02.23	00:40:58.998	0.95271	0.95271			6
2024.02.23	00:40:59.028	0.95272	0.95272			6
2024.02.23	00:40:59.476	0.95274	0.95274			6
2024.02.23	00:40:59.508	0.95275	0.95275			6
2024.02.23	00:40:59.537	0.95273	0.95273			6
2024.02.23	00:40:59.567	0.95274	0.95274			6
2024.02.23	00:40:59.597	0.95273	0.95273			6
2024.02.23	00:40:59.627	0.95272	0.95272			6
2024.02.23	00:40:59.716	0.95273	0.95273			6
2024.02.23	00:40:59.746	0.95272	0.95272			6
2024.02.23	00:40:59.805	0.95273	0.95273			6
2024.02.23	00:41:00.078	0.95272	0.95272			6
2024.02.23	00:41:00.617	0.95273	0.95273			6
2024.02.23	00:41:01.505	0.95272	0.95272			6
2024.02.23	00:41:01.535	0.95273	0.95273			6
2024.02.23	00:41:01.655	0.95272	0.95272			6
2024.02.23	00:41:01.715	0.95271	0.95271			6
2024.02.23	00:41:01.775	0.95274	0.95274			6
2024.02.23	00:41:02.051	0.95273	0.95273			6
2024.02.23	00:41:05.365	0.95272	0.95272			6
2024.02.23	00:41:05.395	0.95274	0.95274			6
2024.02.23	00:41:05.425	0.95273	0.95273			6
2024.02.23	00:41:05.516	0.95274	0.95274			6
2024.02.23	00:41:05.546	0.95272	0.95272			6
2024.02.23	00:41:05.577	0.95274	0.95274			6
2024.02.23	00:41:05.606	0.95273	0.95273			6
2024.02.23	00:41:05.637	0.95275	0.95275			6
2024.02.23	00:41:05.668	0.95270	0.95270			6
2024.02.23	00:41:05.728	0.95269	0.95269			6
2024.02.23	00:41:05.796	0.95271	0.95271			6
2024.02.23	00:41:06.084	0.95273	0.95273			6
2024.02.23	00:41:06.232	0.95274	0.95274			6
2024.02.23	00:41:06.756	0.95275	0.95275			6
2024.02.23	00:41:06.788	0.95276	0.95276			6
2024.02.23	00:41:06.817	0.95275	0.95275			6
2024.02.23	00:41:06.847	0.95273	0.95273			6
2024.02.23	00:41:07.705	0.95274	0.95274			6
2024.02.23	00:41:07.796	0.95273	0.95273			6
2024.02.23	00:41:09.488	0.95274	0.95274			6
2024.02.23	00:41:10.828	0.95275	0.95275			6
2024.02.23	00:41:10.887	0.95276	0.95276			6
2024.02.23	00:41:10.918	0.95274	0.95274			6
2024.02.23	00:41:12.138	0.95275	0.95275			6
2024.02.23	00:41:15.232	0.95274	0.95274			6
2024.02.23	00:41:16.344	0.95275	0.95275			6
2024.02.23	00:41:16.404	0.95274	0.95274			6
2024.02.23	00:41:16.464	0.95275	0.95275			6
2024.02.23	00:41:17.149	0.95271	0.95271			6
2024.02.23	00:41:17.180	0.95273	0.95273			6
2024.02.23	00:41:17.273	0.95272	0.95272			6
2024.02.23	00:41:17.303	0.95270	0.95270			6
2024.02.23	00:41:17.362	0.95274	0.95274			6
2024.02.23	00:41:17.392	0.95272	0.95272			6
2024.02.23	00:41:17.555	0.95271	0.95271			6
2024.02.23	00:41:17.616	0.95272	0.95272			6
2024.02.23	00:41:17.676	0.95273	0.95273			6
2024.02.23	00:41:17.706	0.95272	0.95272			6
2024.02.23	00:41:17.853	0.95271	0.95271			6
2024.02.23	00:41:18.066	0.95273	0.95273			6
2024.02.23	00:41:18.643	0.95272	0.95272			6
2024.02.23	00:41:19.447	0.95273	0.95273			6
2024.02.23	00:41:19.476	0.95274	0.95274			6
2024.02.23	00:41:19.715	0.95272	0.95272			6
2024.02.23	00:41:19.744	0.95273	0.95273			6
2024.02.23	00:41:20.995	0.95268	0.95268			6
2024.02.23	00:41:21.055	0.95267	0.95267			6
2024.02.23	00:41:21.086	0.95271	0.95271			6
2024.02.23	00:41:21.523	0.95266	0.95266			6
2024.02.23	00:41:21.553	0.95267	0.95267			6
2024.02.23	00:41:22.053	0.95268	0.95268			6
2024.02.23	00:41:22.082	0.95273	0.95273			6
2024.02.23	00:41:22.113	0.95274	0.95274			6
2024.02.23	00:41:22.143	0.95271	0.95271			6
2024.02.23	00:41:22.173	0.95272	0.95272			6
2024.02.23	00:41:22.236	0.95273	0.95273			6
2024.02.23	00:41:22.570	0.95269	0.95269			6
2024.02.23	00:41:22.716	0.95268	0.95268			6
2024.02.23	00:41:22.746	0.95269	0.95269			6
2024.02.23	00:41:22.776	0.95271	0.95271			6
2024.02.23	00:41:22.947	0.95270	0.95270			6
2024.02.23	00:41:22.977	0.95272	0.95272			6
2024.02.23	00:41:23.007	0.95270	0.95270			6
2024.02.23	00:41:23.139	0.95271	0.95271			6
2024.02.23	00:41:23.517	0.95270	0.95270			6
2024.02.23	00:41:26.475	0.95272	0.95272			6
2024.02.23	00:41:26.565	0.95271	0.95271			6
2024.02.23	00:41:26.688	0.95274	0.95274			6
2024.02.23	00:41:26.718	0.95272	0.95272			6
2024.02.23	00:41:27.338	0.95274	0.95274			6
2024.02.23	00:41:30.085	0.95272	0.95272			6
2024.02.23	00:41:30.554	0.95273	0.95273			6
2024.02.23	00:41:30.584	0.95271	0.95271			6
2024.02.23	00:41:32.816	0.95269	0.95269			6
2024.02.23	00:41:33.180	0.95272	0.95272			6
2024.02.23	00:41:33.355	0.95273	0.95273			6
2024.02.23	00:41:34.895	0.95272	0.95272			6
2024.02.23	00:41:34.924	0.95275	0.95275			6
2024.02.23	00:41:34.955	0.95276	0.95276			6
2024.02.23	00:41:35.216	0.95274	0.95274			6
2024.02.23	00:41:36.687	0.95275	0.95275			6
2024.02.23	00:41:36.718	0.95272	0.95272			6
2024.02.23	00:41:36.846	0.95273	0.95273			6
2024.02.23	00:41:37.167	0.95269	0.95269			6
2024.02.23	00:41:37.197	0.95271	0.95271			6
2024.02.23	00:41:37.695	0.95270	0.95270			6
2024.02.23	00:41:41.174	0.95269	0.95269			6
2024.02.23	00:41:41.265	0.95274	0.95274			6
2024.02.23	00:41:41.296	0.95272	0.95272			6
2024.02.23	00:41:41.325	0.95271	0.95271			6
2024.02.23	00:41:42.143	0.95268	0.95268			6
2024.02.23	00:41:42.323	0.95267	0.95267			6
2024.02.23	00:41:42.914	0.95268	0.95268			6
2024.02.23	00:41:44.902	0.95269	0.95269			6
2024.02.23	00:41:45.478	0.95270	0.95270			6
2024.02.23	00:41:45.896	0.95272	0.95272			6
2024.02.23	00:41:45.957	0.95269	0.95269			6
2024.02.23	00:41:46.047	0.95270	0.95270			6
2024.02.23	00:41:46.077	0.95274	0.95274			6
2024.02.23	00:41:46.108	0.95272	0.95272			6
2024.02.23	00:41:46.138	0.95271	0.95271			6
2024.02.23	00:41:46.168	0.95274	0.95274			6
2024.02.23	00:41:46.228	0.95269	0.95269			6
2024.02.23	00:41:46.288	0.95267	0.95267			6
2024.02.23	00:41:46.317	0.95268	0.95268			6
2024.02.23	00:41:46.834	0.95269	0.95269			6
2024.02.23	00:41:46.894	0.95271	0.95271			6
2024.02.23	00:41:46.925	0.95273	0.95273			6
2024.02.23	00:41:46.955	0.95269	0.95269			6
2024.02.23	00:41:46.985	0.95268	0.95268			6
2024.02.23	00:41:47.015	0.95272	0.95272			6
2024.02.23	00:41:47.046	0.95270	0.95270			6
2024.02.23	00:41:47.075	0.95269	0.95269			6
2024.02.23	00:41:47.105	0.95270	0.95270			6
2024.02.23	00:41:47.165	0.95272	0.95272			6
2024.02.23	00:41:47.911	0.95273	0.95273			6
2024.02.23	00:41:49.280	0.95272	0.95272			6
2024.02.23	00:41:49.310	0.95271	0.95271			6
2024.02.23	00:41:49.429	0.95272	0.95272			6
2024.02.23	00:41:49.775	0.95269	0.95269			6
2024.02.23	00:41:49.805	0.95273	0.95273			6
2024.02.23	00:41:50.089	0.95272	0.95272			6
2024.02.23	00:41:50.360	0.95274	0.95274			6
2024.02.23	00:41:50.479	0.95269	0.95269			6
2024.02.23	00:41:50.508	0.95270	0.95270			6
2024.02.23	00:41:51.906	0.95273	0.95273			6
2024.02.23	00:41:51.936	0.95272	0.95272			6
2024.02.23	00:41:51.966	0.95271	0.95271			6
2024.02.23	00:41:51.996	0.95272	0.95272			6
2024.02.23	00:41:52.027	0.95271	0.95271			6
2024.02.23	00:41:52.056	0.95274	0.95274			6
2024.02.23	00:41:52.087	0.95271	0.95271			6
2024.02.23	00:41:52.120	0.95268	0.95268			6
2024.02.23	00:41:52.151	0.95272	0.95272			6
2024.02.23	00:41:52.181	0.95271	0.95271			6
2024.02.23	00:41:52.210	0.95273	0.95273			6
2024.02.23	00:41:52.337	0.95270	0.95270			6
2024.02.23	00:41:52.367	0.95274	0.95274			6
2024.02.23	00:41:52.397	0.95272	0.95272			6
2024.02.23	00:41:52.427	0.95274	0.95274			6
2024.02.23	00:41:52.457	0.95275	0.95275			6
2024.02.23	00:41:52.487	0.95270	0.95270			6
2024.02.23	00:41:52.548	0.95272	0.95272			6
2024.02.23	00:41:52.578	0.95273	0.95273			6
2024.02.23	00:41:52.608	0.95274	0.95274			6
2024.02.23	00:41:52.637	0.95273	0.95273			6
2024.02.23	00:41:52.667	0.95275	0.95275			6
2024.02.23	00:41:52.698	0.95273	0.95273			6
2024.02.23	00:41:52.758	0.95271	0.95271			6
2024.02.23	00:41:52.818	0.95272	0.95272			6
2024.02.23	00:41:52.847	0.95271	0.95271			6
2024.02.23	00:41:52.878	0.95268	0.95268			6
2024.02.23	00:41:55.039	0.95271	0.95271			6
2024.02.23	00:41:55.128	0.95269	0.95269			6
2024.02.23	00:41:55.159	0.95270	0.95270			6
2024.02.23	00:41:55.575	0.95271	0.95271			6
2024.02.23	00:41:55.605	0.95270	0.95270			6
2024.02.23	00:41:57.066	0.95273	0.95273			6
2024.02.23	00:41:57.282	0.95270	0.95270			6
2024.02.23	00:41:57.312	0.95269	0.95269			6
2024.02.23	00:41:57.924	0.95271	0.95271			6
2024.02.23	00:41:57.954	0.95270	0.95270			6
2024.02.23	00:42:00.323	0.95272	0.95272			6
2024.02.23	00:42:00.383	0.95270	0.95270			6
2024.02.23	00:42:00.414	0.95273	0.95273			6
2024.02.23	00:42:00.906	0.95276	0.95276			6
2024.02.23	00:42:00.935	0.95274	0.95274			6
2024.02.23	00:42:00.966	0.95273	0.95273			6
2024.02.23	00:42:00.995	0.95274	0.95274			6
2024.02.23	00:42:01.025	0.95272	0.95272			6
2024.02.23	00:42:01.115	0.95271	0.95271			6
2024.02.23	00:42:01.145	0.95272	0.95272			6
2024.02.23	00:42:01.480	0.95270	0.95270			6
2024.02.23	00:42:01.733	0.95272	0.95272			6
2024.02.23	00:42:01.762	0.95271	0.95271			6
2024.02.23	00:42:02.019	0.95274	0.95274			6
2024.02.23	00:42:02.229	0.95273	0.95273			6
2024.02.23	00:42:02.259	0.95275	0.95275			6
2024.02.23	00:42:02.289	0.95273	0.95273			6
2024.02.23	00:42:02.320	0.95272	0.95272			6
2024.02.23	00:42:03.306	0.95270	0.95270			6
2024.02.23	00:42:03.335	0.95271	0.95271			6
2024.02.23	00:42:03.365	0.95268	0.95268			6
2024.02.23	00:42:03.396	0.95270	0.95270			6
2024.02.23	00:42:03.426	0.95271	0.95271			6
2024.02.23	00:42:03.456	0.95269	0.95269			6
2024.02.23	00:42:03.825	0.95272	0.95272			6
2024.02.23	00:42:03.886	0.95269	0.95269			6
2024.02.23	00:42:03.916	0.95272	0.95272			6
2024.02.23	00:42:03.985	0.95271	0.95271			6
2024.02.23	00:42:04.015	0.95272	0.95272			6
2024.02.23	00:42:04.297	0.95270	0.95270			6
2024.02.23	00:42:04.327	0.95271	0.95271			6
2024.02.23	00:42:04.397	0.95273	0.95273			6
2024.02.23	00:42:04.426	0.95272	0.95272			6
2024.02.23	00:42:04.456	0.95273	0.95273			6
2024.02.23	00:42:04.516	0.95271	0.95271			6
2024.02.23	00:42:04.547	0.95274	0.95274			6
2024.02.23	00:42:04.577	0.95273	0.95273			6
2024.02.23	00:42:04.667	0.95272	0.95272			6
2024.02.23	00:42:04.697	0.95269	0.95269			6
2024.02.23	00:42:04.727	0.95271	0.95271			6
2024.02.23	00:42:04.757	0.95273	0.95273			6
2024.02.23	00:42:04.787	0.95270	0.95270			6
2024.02.23	00:42:04.818	0.95273	0.95273			6
2024.02.23	00:42:04.906	0.95270	0.95270			6
2024.02.23	00:42:04.952	0.95269	0.95269			6
2024.02.23	00:42:04.982	0.95272	0.95272			6
2024.02.23	00:42:05.012	0.95275	0.95275			6
2024.02.23	00:42:05.041	0.95274	0.95274			6
2024.02.23	00:42:05.071	0.95276	0.95276			6
2024.02.23	00:42:05.101	0.95274	0.95274			6
2024.02.23	00:42:05.131	0.95272	0.95272			6
2024.02.23	00:42:05.161	0.95271	0.95271			6
2024.02.23	00:42:05.191	0.95274	0.95274			6
2024.02.23	00:42:05.312	0.95272	0.95272			6
2024.02.23	00:42:05.707	0.95275	0.95275			6
2024.02.23	00:42:05.737	0.95274	0.95274			6
2024.02.23	00:42:05.767	0.95270	0.95270			6
2024.02.23	00:42:06.058	0.95272	0.95272			6
2024.02.23	00:42:06.117	0.95273	0.95273			6
2024.02.23	00:42:06.237	0.95274	0.95274			6
2024.02.23	00:42:06.506	0.95272	0.95272			6
2024.02.23	00:42:09.376	0.95274	0.95274			6
2024.02.23	00:42:09.467	0.95271	0.95271			6
2024.02.23	00:42:09.527	0.95274	0.95274			6
2024.02.23	00:42:09.586	0.95273	0.95273			6
2024.02.23	00:42:09.695	0.95274	0.95274			6
2024.02.23	00:42:09.816	0.95272	0.95272			6
2024.02.23	00:42:11.782	0.95275	0.95275			6
2024.02.23	00:42:11.812	0.95274	0.95274			6
2024.02.23	00:42:11.842	0.95272	0.95272			6
2024.02.23	00:42:11.962	0.95273	0.95273			6
2024.02.23	00:42:11.992	0.95275	0.95275			6
2024.02.23	00:42:12.022	0.95274	0.95274			6
2024.02.23	00:42:12.053	0.95273	0.95273			6
2024.02.23	00:42:12.083	0.95274	0.95274			6
2024.02.23	00:42:13.206	0.95273	0.95273			6
2024.02.23	00:42:13.295	0.95272	0.95272			6
2024.02.23	00:42:13.654	0.95273	0.95273			6
2024.02.23	00:42:14.035	0.95274	0.95274			6
2024.02.23	00:42:16.055	0.95277	0.95277			6
2024.02.23	00:42:16.085	0.95280	0.95280			6
2024.02.23	00:42:16.445	0.95281	0.95281			6
2024.02.23	00:42:20.085	0.95280	0.95280			6
2024.02.23	00:42:20.115	0.95281	0.95281			6
2024.02.23	00:42:20.234	0.95283	0.95283			6
2024.02.23	00:42:20.453	0.95285	0.95285			6
2024.02.23	00:42:25.601	0.95265	0.95265			6
2024.02.23	00:42:25.782	0.95267	0.95267			6
2024.02.23	00:42:25.811	0.95265	0.95265			6
2024.02.23	00:42:27.492	0.95264	0.95264			6
2024.02.23	00:42:27.522	0.95265	0.95265			6
2024.02.23	00:42:27.552	0.95264	0.95264			6
2024.02.23	00:42:27.583	0.95266	0.95266			6
2024.02.23	00:42:37.717	0.95283	0.95283			6
2024.02.23	00:42:40.824	0.95282	0.95282			6
2024.02.23	00:42:40.954	0.95269	0.95269			6
2024.02.23	00:42:41.044	0.95266	0.95266			6
2024.02.23	00:42:41.105	0.95268	0.95268			6
2024.02.23	00:42:41.206	0.95266	0.95266			6
2024.02.23	00:42:41.626	0.95265	0.95265			6
2024.02.23	00:42:42.257	0.95264	0.95264			6
2024.02.23	00:42:42.287	0.95263	0.95263			6
2024.02.23	00:42:42.377	0.95265	0.95265			6
2024.02.23	00:42:42.406	0.95263	0.95263			6
2024.02.23	00:42:42.437	0.95272	0.95272			6
2024.02.23	00:42:42.530	0.95273	0.95273			6
2024.02.23	00:42:43.754	0.95268	0.95268			6
2024.02.23	00:42:43.784	0.95271	0.95271			6
2024.02.23	00:42:43.844	0.95267	0.95267			6
2024.02.23	00:42:43.875	0.95268	0.95268			6
2024.02.23	00:42:43.906	0.95267	0.95267			6
2024.02.23	00:42:44.026	0.95266	0.95266			6
2024.02.23	00:42:44.056	0.95265	0.95265			6
2024.02.23	00:42:44.087	0.95267	0.95267			6
2024.02.23	00:42:44.177	0.95264	0.95264			6
2024.02.23	00:42:44.382	0.95267	0.95267			6
2024.02.23	00:42:44.472	0.95268	0.95268			6
2024.02.23	00:42:44.502	0.95265	0.95265			6
2024.02.23	00:42:44.592	0.95264	0.95264			6
2024.02.23	00:42:45.338	0.95267	0.95267			6
2024.02.23	00:42:45.367	0.95264	0.95264			6
2024.02.23	00:42:45.397	0.95267	0.95267			6
2024.02.23	00:42:45.427	0.95266	0.95266			6
2024.02.23	00:42:45.457	0.95269	0.95269			6
2024.02.23	00:42:45.487	0.95266	0.95266			6
2024.02.23	00:42:49.155	0.95291	0.95291			6
2024.02.23	00:42:49.185	0.95282	0.95282			6
2024.02.23	00:42:49.685	0.95281	0.95281			6
2024.02.23	00:42:50.516	0.95285	0.95285			6
2024.02.23	00:42:51.423	0.95268	0.95268			6
2024.02.23	00:42:51.454	0.95266	0.95266			6
2024.02.23	00:42:51.575	0.95263	0.95263			6
2024.02.23	00:42:51.634	0.95269	0.95269			6
2024.02.23	00:42:51.945	0.95267	0.95267			6
2024.02.23	00:42:51.975	0.95266	0.95266			6
2024.02.23	00:42:52.224	0.95264	0.95264			6
2024.02.23	00:42:52.286	0.95270	0.95270			6
2024.02.23	00:42:52.317	0.95269	0.95269			6
2024.02.23	00:42:52.375	0.95266	0.95266			6
2024.02.23	00:42:52.405	0.95264	0.95264			6
2024.02.23	00:42:52.435	0.95270	0.95270			6
2024.02.23	00:42:52.465	0.95266	0.95266			6
2024.02.23	00:42:52.495	0.95265	0.95265			6
2024.02.23	00:42:52.584	0.95266	0.95266			6
2024.02.23	00:42:52.615	0.95263	0.95263			6
2024.02.23	00:42:52.645	0.95269	0.95269			6
2024.02.23	00:42:52.676	0.95267	0.95267			6
2024.02.23	00:42:52.945	0.95269	0.95269			6
2024.02.23	00:42:53.868	0.95266	0.95266			6
2024.02.23	00:42:54.047	0.95268	0.95268			6
2024.02.23	00:42:54.078	0.95265	0.95265			6
2024.02.23	00:42:54.169	0.95268	0.95268			6
2024.02.23	00:42:54.228	0.95267	0.95267			6
2024.02.23	00:42:54.288	0.95268	0.95268			6
2024.02.23	00:42:54.317	0.95266	0.95266			6
2024.02.23	00:42:54.563	0.95268	0.95268			6
2024.02.23	00:42:54.592	0.95266	0.95266			6
2024.02.23	00:42:56.685	0.95268	0.95268			6
2024.02.23	00:42:56.714	0.95266	0.95266			6
2024.02.23	00:42:57.843	0.95269	0.95269			6
2024.02.23	00:42:57.873	0.95266	0.95266			6
2024.02.23	00:42:57.934	0.95269	0.95269			6
2024.02.23	00:42:57.963	0.95266	0.95266			6
2024.02.23	00:42:58.024	0.95265	0.95265			6
2024.02.23	00:42:58.116	0.95268	0.95268			6
2024.02.23	00:42:58.176	0.95266	0.95266			6
2024.02.23	00:42:58.235	0.95265	0.95265			6
2024.02.23	00:42:58.266	0.95267	0.95267			6
2024.02.23	00:42:58.298	0.95266	0.95266			6
2024.02.23	00:42:59.742	0.95268	0.95268			6
2024.02.23	00:42:59.772	0.95266	0.95266			6
2024.02.23	00:43:01.155	0.95280	0.95280			6
2024.02.23	00:43:01.185	0.95281	0.95281			6
