<DATE>	<TIME>	<BID>	<ASK>	<LAST>	<VOLUME>	<FLAGS>
2024.05.15	00:00:00.839	0.98076	0.98076			6
2024.05.15	00:00:02.496	0.98080	0.98080			6
2024.05.15	00:00:02.758	0.98073	0.98073			6
2024.05.15	00:00:02.803	0.98070	0.98070			6
2024.05.15	00:00:02.866	0.98081	0.98081			6
2024.05.15	00:00:02.998	0.98094	0.98094			6
2024.05.15	00:00:03.015	0.98090	0.98090			6
2024.05.15	00:00:03.437	0.98094	0.98094			6
2024.05.15	00:00:24.936	0.98085	0.98085			6
2024.05.15	00:01:12.709	0.98092	0.98092			6
2024.05.15	00:01:43.414	0.98085	0.98085			6
2024.05.15	00:02:15.980	0.98084	0.98084			6
2024.05.15	00:03:32.124	0.98095	0.98095			6
2024.05.15	00:03:41.483	0.98088	0.98088			6
2024.05.15	00:05:00.614	0.98088	0.98088			6
2024.05.15	00:05:23.027	0.98090	0.98090			6
2024.05.15	00:05:24.735	0.98086	0.98086			6
2024.05.15	00:05:25.409	0.98085	0.98085			6
2024.05.15	00:05:26.105	0.98083	0.98083			6
2024.05.15	00:05:27.172	0.98084	0.98084			6
2024.05.15	00:05:28.549	0.98083	0.98083			6
2024.05.15	00:05:30.461	0.98081	0.98081			6
2024.05.15	00:05:37.003	0.98076	0.98076			6
2024.05.15	00:05:45.896	0.98074	0.98074			6
2024.05.15	00:05:50.309	0.98073	0.98073			6
2024.05.15	00:05:51.994	0.98074	0.98074			6
2024.05.15	00:05:55.682	0.98076	0.98076			6
2024.05.15	00:06:16.295	0.98073	0.98073			6
2024.05.15	00:06:16.820	0.98076	0.98076			6
2024.05.15	00:06:25.372	0.98074	0.98074			6
2024.05.15	00:06:32.784	0.98076	0.98076			6
2024.05.15	00:06:37.014	0.98074	0.98074			6
2024.05.15	00:06:46.678	0.98076	0.98076			6
2024.05.15	00:06:48.928	0.98074	0.98074			6
2024.05.15	00:07:02.112	0.98076	0.98076			6
2024.05.15	00:07:02.582	0.98074	0.98074			6
2024.05.15	00:07:17.095	0.98076	0.98076			6
2024.05.15	00:07:30.483	0.98074	0.98074			6
2024.05.15	00:07:31.024	0.98073	0.98073			6
2024.05.15	00:07:38.454	0.98074	0.98074			6
2024.05.15	00:07:45.972	0.98073	0.98073			6
2024.05.15	00:07:59.414	0.98080	0.98080			6
2024.05.15	00:08:00.006	0.98074	0.98074			6
2024.05.15	00:08:15.712	0.98073	0.98073			6
2024.05.15	00:08:17.695	0.98074	0.98074			6
2024.05.15	00:08:18.308	0.98077	0.98077			6
2024.05.15	00:08:40.390	0.98080	0.98080			6
2024.05.15	00:09:08.509	0.98078	0.98078			6
2024.05.15	00:09:18.641	0.98074	0.98074			6
2024.05.15	00:09:19.023	0.98080	0.98080			6
2024.05.15	00:09:25.659	0.98079	0.98079			6
2024.05.15	00:09:33.260	0.98076	0.98076			6
2024.05.15	00:09:37.041	0.98078	0.98078			6
2024.05.15	00:09:38.730	0.98071	0.98071			6
2024.05.15	00:09:44.695	0.98066	0.98066			6
2024.05.15	00:09:49.496	0.98067	0.98067			6
2024.05.15	00:09:50.078	0.98068	0.98068			6
2024.05.15	00:09:59.386	0.98069	0.98069			6
2024.05.15	00:10:00.059	0.98076	0.98076			6
2024.05.15	00:10:00.443	0.98077	0.98077			6
2024.05.15	00:10:02.594	0.98074	0.98074			6
2024.05.15	00:10:04.051	0.98079	0.98079			6
2024.05.15	00:10:09.286	0.98077	0.98077			6
2024.05.15	00:10:09.575	0.98078	0.98078			6
2024.05.15	00:10:24.351	0.98079	0.98079			6
2024.05.15	00:10:27.759	0.98066	0.98066			6
2024.05.15	00:10:28.813	0.98067	0.98067			6
2024.05.15	00:10:29.321	0.98066	0.98066			6
2024.05.15	00:10:30.566	0.98070	0.98070			6
2024.05.15	00:10:44.320	0.98095	0.98095			6
2024.05.15	00:10:45.674	0.98099	0.98099			6
2024.05.15	00:10:47.115	0.98098	0.98098			6
2024.05.15	00:11:00.966	0.98091	0.98091			6
2024.05.15	00:11:06.937	0.98098	0.98098			6
2024.05.15	00:11:10.616	0.98091	0.98091			6
2024.05.15	00:11:17.923	0.98098	0.98098			6
2024.05.15	00:11:17.953	0.98091	0.98091			6
2024.05.15	00:11:18.013	0.98098	0.98098			6
2024.05.15	00:11:18.043	0.98091	0.98091			6
2024.05.15	00:11:20.554	0.98098	0.98098			6
2024.05.15	00:11:20.782	0.98091	0.98091			6
2024.05.15	00:11:24.489	0.98085	0.98085			6
2024.05.15	00:11:25.131	0.98092	0.98092			6
2024.05.15	00:11:39.037	0.98093	0.98093			6
2024.05.15	00:11:41.223	0.98097	0.98097			6
2024.05.15	00:11:41.283	0.98093	0.98093			6
2024.05.15	00:12:01.311	0.98094	0.98094			6
2024.05.15	00:12:10.094	0.98095	0.98095			6
2024.05.15	00:12:11.409	0.98094	0.98094			6
2024.05.15	00:13:24.476	0.98095	0.98095			6
2024.05.15	00:13:42.243	0.98092	0.98092			6
2024.05.15	00:13:44.394	0.98093	0.98093			6
2024.05.15	00:13:45.942	0.98092	0.98092			6
2024.05.15	00:13:46.257	0.98090	0.98090			6
2024.05.15	00:13:46.590	0.98089	0.98089			6
2024.05.15	00:13:47.973	0.98087	0.98087			6
2024.05.15	00:13:52.780	0.98085	0.98085			6
2024.05.15	00:13:56.190	0.98080	0.98080			6
2024.05.15	00:14:33.605	0.98068	0.98068			6
2024.05.15	00:14:34.108	0.98064	0.98064			6
2024.05.15	00:14:35.436	0.98066	0.98066			6
2024.05.15	00:14:38.727	0.98065	0.98065			6
2024.05.15	00:14:42.119	0.98067	0.98067			6
2024.05.15	00:14:43.494	0.98066	0.98066			6
2024.05.15	00:14:44.081	0.98067	0.98067			6
2024.05.15	00:14:45.923	0.98063	0.98063			6
2024.05.15	00:14:49.151	0.98064	0.98064			6
2024.05.15	00:15:03.073	0.98063	0.98063			6
2024.05.15	00:15:03.337	0.98064	0.98064			6
2024.05.15	00:15:04.161	0.98074	0.98074			6
2024.05.15	00:15:04.889	0.98077	0.98077			6
2024.05.15	00:15:05.414	0.98078	0.98078			6
2024.05.15	00:15:06.813	0.98077	0.98077			6
2024.05.15	00:15:06.842	0.98065	0.98065			6
2024.05.15	00:15:06.872	0.98064	0.98064			6
2024.05.15	00:15:06.932	0.98065	0.98065			6
2024.05.15	00:15:09.067	0.98069	0.98069			6
2024.05.15	00:15:09.127	0.98067	0.98067			6
2024.05.15	00:15:09.514	0.98075	0.98075			6
2024.05.15	00:15:11.569	0.98074	0.98074			6
2024.05.15	00:15:11.877	0.98078	0.98078			6
2024.05.15	00:15:12.159	0.98081	0.98081			6
2024.05.15	00:15:13.427	0.98080	0.98080			6
2024.05.15	00:15:16.282	0.98087	0.98087			6
2024.05.15	00:15:16.341	0.98086	0.98086			6
2024.05.15	00:15:16.371	0.98085	0.98085			6
2024.05.15	00:15:17.066	0.98084	0.98084			6
2024.05.15	00:15:19.895	0.98081	0.98081			6
2024.05.15	00:15:23.282	0.98079	0.98079			6
2024.05.15	00:15:23.372	0.98078	0.98078			6
2024.05.15	00:15:25.361	0.98075	0.98075			6
2024.05.15	00:15:25.649	0.98078	0.98078			6
2024.05.15	00:15:26.205	0.98079	0.98079			6
2024.05.15	00:15:26.264	0.98081	0.98081			6
2024.05.15	00:15:26.294	0.98087	0.98087			6
2024.05.15	00:15:26.324	0.98081	0.98081			6
2024.05.15	00:15:27.189	0.98083	0.98083			6
2024.05.15	00:15:27.789	0.98084	0.98084			6
2024.05.15	00:15:28.786	0.98087	0.98087			6
2024.05.15	00:15:29.952	0.98088	0.98088			6
2024.05.15	00:15:32.846	0.98086	0.98086			6
2024.05.15	00:15:33.147	0.98088	0.98088			6
2024.05.15	00:15:35.059	0.98092	0.98092			6
2024.05.15	00:15:35.090	0.98093	0.98093			6
2024.05.15	00:15:35.119	0.98090	0.98090			6
2024.05.15	00:15:35.148	0.98076	0.98076			6
2024.05.15	00:15:35.965	0.98077	0.98077			6
2024.05.15	00:15:36.672	0.98080	0.98080			6
2024.05.15	00:15:37.287	0.98079	0.98079			6
2024.05.15	00:15:38.391	0.98080	0.98080			6
2024.05.15	00:15:38.827	0.98079	0.98079			6
2024.05.15	00:15:38.858	0.98081	0.98081			6
2024.05.15	00:15:41.783	0.98083	0.98083			6
2024.05.15	00:15:41.860	0.98084	0.98084			6
2024.05.15	00:15:42.658	0.98085	0.98085			6
2024.05.15	00:15:45.545	0.98086	0.98086			6
2024.05.15	00:15:47.559	0.98096	0.98096			6
2024.05.15	00:15:47.589	0.98088	0.98088			6
2024.05.15	00:15:47.618	0.98090	0.98090			6
2024.05.15	00:15:49.652	0.98088	0.98088			6
2024.05.15	00:15:57.633	0.98075	0.98075			6
2024.05.15	00:16:02.571	0.98074	0.98074			6
2024.05.15	00:16:05.266	0.98079	0.98079			6
2024.05.15	00:16:07.872	0.98085	0.98085			6
2024.05.15	00:16:08.838	0.98086	0.98086			6
2024.05.15	00:16:09.462	0.98087	0.98087			6
2024.05.15	00:16:10.572	0.98088	0.98088			6
2024.05.15	00:16:10.631	0.98092	0.98092			6
2024.05.15	00:16:10.752	0.98072	0.98072			6
2024.05.15	00:16:12.331	0.98071	0.98071			6
2024.05.15	00:16:12.975	0.98078	0.98078			6
2024.05.15	00:16:13.037	0.98077	0.98077			6
2024.05.15	00:16:14.789	0.98081	0.98081			6
2024.05.15	00:16:15.373	0.98083	0.98083			6
2024.05.15	00:16:17.945	0.98082	0.98082			6
2024.05.15	00:16:19.889	0.98084	0.98084			6
2024.05.15	00:16:20.191	0.98086	0.98086			6
2024.05.15	00:16:20.252	0.98085	0.98085			6
2024.05.15	00:16:21.218	0.98086	0.98086			6
2024.05.15	00:16:21.287	0.98094	0.98094			6
2024.05.15	00:16:21.317	0.98088	0.98088			6
2024.05.15	00:16:21.346	0.98086	0.98086			6
2024.05.15	00:16:21.407	0.98076	0.98076			6
2024.05.15	00:16:21.874	0.98070	0.98070			6
2024.05.15	00:16:22.872	0.98069	0.98069			6
2024.05.15	00:16:24.247	0.98070	0.98070			6
2024.05.15	00:16:24.277	0.98069	0.98069			6
2024.05.15	00:16:28.438	0.98070	0.98070			6
2024.05.15	00:16:30.211	0.98071	0.98071			6
2024.05.15	00:16:30.979	0.98069	0.98069			6
2024.05.15	00:16:32.678	0.98070	0.98070			6
2024.05.15	00:16:32.708	0.98074	0.98074			6
2024.05.15	00:16:35.903	0.98079	0.98079			6
2024.05.15	00:16:36.678	0.98083	0.98083			6
2024.05.15	00:16:39.318	0.98085	0.98085			6
2024.05.15	00:16:41.196	0.98071	0.98071			6
2024.05.15	00:16:46.887	0.98074	0.98074			6
2024.05.15	00:16:48.389	0.98079	0.98079			6
2024.05.15	00:16:51.682	0.98083	0.98083			6
2024.05.15	00:16:54.087	0.98085	0.98085			6
2024.05.15	00:16:54.166	0.98084	0.98084			6
2024.05.15	00:16:55.889	0.98085	0.98085			6
2024.05.15	00:17:13.267	0.98069	0.98069			6
2024.05.15	00:17:15.602	0.98070	0.98070			6
2024.05.15	00:17:17.758	0.98069	0.98069			6
2024.05.15	00:17:39.459	0.98068	0.98068			6
2024.05.15	00:17:39.579	0.98069	0.98069			6
2024.05.15	00:17:40.858	0.98068	0.98068			6
2024.05.15	00:17:42.919	0.98069	0.98069			6
2024.05.15	00:17:43.097	0.98068	0.98068			6
2024.05.15	00:17:43.289	0.98069	0.98069			6
2024.05.15	00:17:53.465	0.98068	0.98068			6
2024.05.15	00:17:55.170	0.98069	0.98069			6
2024.05.15	00:18:19.929	0.98070	0.98070			6
2024.05.15	00:18:26.986	0.98069	0.98069			6
2024.05.15	00:18:59.030	0.98070	0.98070			6
2024.05.15	00:19:05.581	0.98069	0.98069			6
2024.05.15	00:19:05.612	0.98068	0.98068			6
2024.05.15	00:19:05.672	0.98069	0.98069			6
2024.05.15	00:19:17.457	0.98070	0.98070			6
2024.05.15	00:19:21.228	0.98069	0.98069			6
2024.05.15	00:19:46.319	0.98068	0.98068			6
2024.05.15	00:19:48.601	0.98069	0.98069			6
2024.05.15	00:19:49.794	0.98073	0.98073			6
2024.05.15	00:19:54.512	0.98071	0.98071			6
2024.05.15	00:19:55.144	0.98070	0.98070			6
2024.05.15	00:19:55.204	0.98071	0.98071			6
2024.05.15	00:19:55.312	0.98074	0.98074			6
2024.05.15	00:20:00.049	0.98075	0.98075			6
2024.05.15	00:20:00.620	0.98073	0.98073			6
2024.05.15	00:20:02.128	0.98075	0.98075			6
2024.05.15	00:20:02.189	0.98074	0.98074			6
2024.05.15	00:20:02.407	0.98073	0.98073			6
2024.05.15	00:20:07.555	0.98074	0.98074			6
2024.05.15	00:20:08.807	0.98073	0.98073			6
2024.05.15	00:20:16.220	0.98074	0.98074			6
2024.05.15	00:20:17.468	0.98075	0.98075			6
2024.05.15	00:20:19.704	0.98076	0.98076			6
2024.05.15	00:20:21.712	0.98077	0.98077			6
2024.05.15	00:20:34.105	0.98076	0.98076			6
2024.05.15	00:20:41.340	0.98063	0.98063			6
2024.05.15	00:20:41.402	0.98064	0.98064			6
2024.05.15	00:20:41.432	0.98068	0.98068			6
2024.05.15	00:20:43.910	0.98067	0.98067			6
2024.05.15	00:20:44.158	0.98066	0.98066			6
2024.05.15	00:20:47.149	0.98070	0.98070			6
2024.05.15	00:20:47.179	0.98069	0.98069			6
2024.05.15	00:20:47.239	0.98070	0.98070			6
2024.05.15	00:20:47.269	0.98071	0.98071			6
2024.05.15	00:20:47.789	0.98072	0.98072			6
2024.05.15	00:20:49.482	0.98074	0.98074			6
2024.05.15	00:20:55.281	0.98075	0.98075			6
2024.05.15	00:20:55.342	0.98073	0.98073			6
2024.05.15	00:20:55.614	0.98074	0.98074			6
2024.05.15	00:20:56.643	0.98075	0.98075			6
2024.05.15	00:20:56.978	0.98074	0.98074			6
2024.05.15	00:20:58.376	0.98073	0.98073			6
2024.05.15	00:20:58.466	0.98074	0.98074			6
2024.05.15	00:20:59.643	0.98077	0.98077			6
2024.05.15	00:21:00.056	0.98078	0.98078			6
2024.05.15	00:21:04.917	0.98077	0.98077			6
2024.05.15	00:21:11.007	0.98064	0.98064			6
2024.05.15	00:21:11.082	0.98066	0.98066			6
2024.05.15	00:21:11.112	0.98068	0.98068			6
2024.05.15	00:21:11.141	0.98070	0.98070			6
2024.05.15	00:21:13.659	0.98069	0.98069			6
2024.05.15	00:21:13.958	0.98068	0.98068			6
2024.05.15	00:21:14.565	0.98069	0.98069			6
2024.05.15	00:21:17.549	0.98070	0.98070			6
2024.05.15	00:21:17.609	0.98072	0.98072			6
2024.05.15	00:21:17.830	0.98073	0.98073			6
2024.05.15	00:21:20.032	0.98074	0.98074			6
2024.05.15	00:21:22.553	0.98073	0.98073			6
2024.05.15	00:21:23.796	0.98074	0.98074			6
2024.05.15	00:21:26.312	0.98076	0.98076			6
2024.05.15	00:21:26.341	0.98075	0.98075			6
2024.05.15	00:21:30.481	0.98073	0.98073			6
2024.05.15	00:21:30.587	0.98075	0.98075			6
2024.05.15	00:21:30.832	0.98076	0.98076			6
2024.05.15	00:21:30.861	0.98075	0.98075			6
2024.05.15	00:21:33.267	0.98074	0.98074			6
2024.05.15	00:21:33.657	0.98075	0.98075			6
2024.05.15	00:21:37.517	0.98076	0.98076			6
2024.05.15	00:21:40.388	0.98075	0.98075			6
2024.05.15	00:21:41.589	0.98076	0.98076			6
2024.05.15	00:21:42.456	0.98077	0.98077			6
2024.05.15	00:21:45.288	0.98078	0.98078			6
2024.05.15	00:21:46.780	0.98079	0.98079			6
2024.05.15	00:21:46.810	0.98078	0.98078			6
2024.05.15	00:21:48.025	0.98068	0.98068			6
2024.05.15	00:21:48.088	0.98070	0.98070			6
2024.05.15	00:21:50.625	0.98068	0.98068			6
2024.05.15	00:21:50.655	0.98069	0.98069			6
2024.05.15	00:21:50.745	0.98068	0.98068			6
2024.05.15	00:21:51.578	0.98070	0.98070			6
2024.05.15	00:21:55.187	0.98073	0.98073			6
2024.05.15	00:21:55.255	0.98072	0.98072			6
2024.05.15	00:21:55.286	0.98071	0.98071			6
2024.05.15	00:21:56.481	0.98066	0.98066			6
2024.05.15	00:21:56.571	0.98068	0.98068			6
2024.05.15	00:21:58.439	0.98069	0.98069			6
2024.05.15	00:21:59.638	0.98068	0.98068			6
2024.05.15	00:22:01.772	0.98069	0.98069			6
2024.05.15	00:22:05.331	0.98070	0.98070			6
2024.05.15	00:22:05.362	0.98069	0.98069			6
2024.05.15	00:22:11.049	0.98066	0.98066			6
2024.05.15	00:22:16.652	0.98067	0.98067			6
2024.05.15	00:22:17.375	0.98069	0.98069			6
2024.05.15	00:22:28.434	0.98070	0.98070			6
2024.05.15	00:22:32.635	0.98069	0.98069			6
2024.05.15	00:22:37.664	0.98070	0.98070			6
2024.05.15	00:22:48.949	0.98067	0.98067			6
2024.05.15	00:22:54.997	0.98070	0.98070			6
2024.05.15	00:23:02.105	0.98069	0.98069			6
2024.05.15	00:23:04.802	0.98070	0.98070			6
2024.05.15	00:23:32.640	0.98067	0.98067			6
2024.05.15	00:23:44.741	0.98070	0.98070			6
2024.05.15	00:23:44.772	0.98069	0.98069			6
2024.05.15	00:23:51.233	0.98071	0.98071			6
2024.05.15	00:23:54.035	0.98069	0.98069			6
2024.05.15	00:23:54.065	0.98070	0.98070			6
2024.05.15	00:23:59.536	0.98069	0.98069			6
2024.05.15	00:24:00.141	0.98068	0.98068			6
2024.05.15	00:24:01.836	0.98069	0.98069			6
2024.05.15	00:24:02.174	0.98068	0.98068			6
2024.05.15	00:24:03.818	0.98070	0.98070			6
2024.05.15	00:24:04.442	0.98071	0.98071			6
2024.05.15	00:24:10.058	0.98070	0.98070			6
2024.05.15	00:24:16.918	0.98073	0.98073			6
2024.05.15	00:24:17.181	0.98074	0.98074			6
2024.05.15	00:24:17.811	0.98075	0.98075			6
2024.05.15	00:24:18.819	0.98074	0.98074			6
2024.05.15	00:24:19.653	0.98075	0.98075			6
2024.05.15	00:24:19.713	0.98074	0.98074			6
2024.05.15	00:24:20.381	0.98071	0.98071			6
2024.05.15	00:24:20.410	0.98072	0.98072			6
2024.05.15	00:24:21.918	0.98077	0.98077			6
2024.05.15	00:24:22.718	0.98075	0.98075			6
2024.05.15	00:24:24.342	0.98074	0.98074			6
2024.05.15	00:24:25.571	0.98076	0.98076			6
2024.05.15	00:24:25.680	0.98077	0.98077			6
2024.05.15	00:24:27.809	0.98075	0.98075			6
2024.05.15	00:24:29.212	0.98073	0.98073			6
2024.05.15	00:24:30.569	0.98077	0.98077			6
2024.05.15	00:24:31.277	0.98074	0.98074			6
2024.05.15	00:24:33.503	0.98078	0.98078			6
2024.05.15	00:24:33.534	0.98076	0.98076			6
2024.05.15	00:24:33.816	0.98077	0.98077			6
2024.05.15	00:24:35.608	0.98074	0.98074			6
2024.05.15	00:24:35.918	0.98077	0.98077			6
2024.05.15	00:24:38.545	0.98076	0.98076			6
2024.05.15	00:24:38.689	0.98077	0.98077			6
2024.05.15	00:24:44.887	0.98076	0.98076			6
2024.05.15	00:24:56.561	0.98075	0.98075			6
2024.05.15	00:24:56.591	0.98076	0.98076			6
2024.05.15	00:24:57.287	0.98074	0.98074			6
2024.05.15	00:24:58.612	0.98075	0.98075			6
2024.05.15	00:24:59.180	0.98078	0.98078			6
2024.05.15	00:24:59.331	0.98077	0.98077			6
2024.05.15	00:24:59.570	0.98076	0.98076			6
2024.05.15	00:25:01.088	0.98066	0.98066			6
2024.05.15	00:25:01.148	0.98067	0.98067			6
2024.05.15	00:25:01.179	0.98069	0.98069			6
2024.05.15	00:25:01.595	0.98071	0.98071			6
2024.05.15	00:25:08.382	0.98069	0.98069			6
2024.05.15	00:25:13.057	0.98071	0.98071			6
2024.05.15	00:25:15.572	0.98072	0.98072			6
2024.05.15	00:25:16.658	0.98069	0.98069			6
2024.05.15	00:25:17.160	0.98070	0.98070			6
2024.05.15	00:25:17.580	0.98072	0.98072			6
2024.05.15	00:25:17.656	0.98071	0.98071			6
2024.05.15	00:25:20.210	0.98070	0.98070			6
2024.05.15	00:25:20.528	0.98066	0.98066			6
2024.05.15	00:25:21.687	0.98067	0.98067			6
2024.05.15	00:25:21.718	0.98066	0.98066			6
2024.05.15	00:25:24.524	0.98067	0.98067			6
2024.05.15	00:25:26.811	0.98066	0.98066			6
2024.05.15	00:25:27.240	0.98063	0.98063			6
2024.05.15	00:25:30.611	0.98067	0.98067			6
2024.05.15	00:25:31.366	0.98063	0.98063			6
2024.05.15	00:25:31.900	0.98064	0.98064			6
2024.05.15	00:25:32.081	0.98066	0.98066			6
2024.05.15	00:25:32.110	0.98064	0.98064			6
2024.05.15	00:25:32.218	0.98063	0.98063			6
2024.05.15	00:25:35.934	0.98064	0.98064			6
2024.05.15	00:25:39.870	0.98063	0.98063			6
2024.05.15	00:25:41.897	0.98064	0.98064			6
2024.05.15	00:25:43.770	0.98066	0.98066			6
2024.05.15	00:25:45.564	0.98068	0.98068			6
2024.05.15	00:25:45.624	0.98069	0.98069			6
2024.05.15	00:25:45.774	0.98068	0.98068			6
2024.05.15	00:25:45.960	0.98071	0.98071			6
2024.05.15	00:25:47.194	0.98070	0.98070			6
2024.05.15	00:25:48.808	0.98071	0.98071			6
2024.05.15	00:25:49.217	0.98073	0.98073			6
2024.05.15	00:25:49.309	0.98065	0.98065			6
2024.05.15	00:25:56.246	0.98066	0.98066			6
2024.05.15	00:25:58.463	0.98064	0.98064			6
2024.05.15	00:26:02.087	0.98065	0.98065			6
2024.05.15	00:26:03.041	0.98064	0.98064			6
2024.05.15	00:26:11.030	0.98066	0.98066			6
2024.05.15	00:26:11.098	0.98065	0.98065			6
2024.05.15	00:26:11.416	0.98066	0.98066			6
2024.05.15	00:26:14.495	0.98068	0.98068			6
2024.05.15	00:26:22.264	0.98070	0.98070			6
2024.05.15	00:26:24.462	0.98071	0.98071			6
2024.05.15	00:26:35.811	0.98070	0.98070			6
2024.05.15	00:26:36.374	0.98071	0.98071			6
2024.05.15	00:26:36.435	0.98070	0.98070			6
2024.05.15	00:26:36.495	0.98071	0.98071			6
2024.05.15	00:26:37.427	0.98072	0.98072			6
2024.05.15	00:26:42.661	0.98073	0.98073			6
2024.05.15	00:26:42.693	0.98075	0.98075			6
2024.05.15	00:26:42.722	0.98069	0.98069			6
2024.05.15	00:26:47.542	0.98066	0.98066			6
2024.05.15	00:26:59.047	0.98067	0.98067			6
2024.05.15	00:27:00.953	0.98068	0.98068			6
2024.05.15	00:27:02.002	0.98070	0.98070			6
2024.05.15	00:27:03.525	0.98072	0.98072			6
2024.05.15	00:27:05.719	0.98065	0.98065			6
2024.05.15	00:27:05.780	0.98068	0.98068			6
2024.05.15	00:27:12.765	0.98067	0.98067			6
2024.05.15	00:27:12.793	0.98066	0.98066			6
2024.05.15	00:27:21.818	0.98068	0.98068			6
2024.05.15	00:27:22.610	0.98077	0.98077			6
2024.05.15	00:27:22.669	0.98078	0.98078			6
2024.05.15	00:27:22.730	0.98079	0.98079			6
2024.05.15	00:27:22.820	0.98078	0.98078			6
2024.05.15	00:27:23.010	0.98079	0.98079			6
2024.05.15	00:27:23.496	0.98080	0.98080			6
2024.05.15	00:27:24.037	0.98079	0.98079			6
2024.05.15	00:27:24.096	0.98080	0.98080			6
2024.05.15	00:27:24.246	0.98081	0.98081			6
2024.05.15	00:27:25.399	0.98082	0.98082			6
2024.05.15	00:27:25.429	0.98081	0.98081			6
2024.05.15	00:27:28.386	0.98083	0.98083			6
2024.05.15	00:27:28.417	0.98081	0.98081			6
2024.05.15	00:27:28.696	0.98079	0.98079			6
2024.05.15	00:27:29.067	0.98080	0.98080			6
2024.05.15	00:27:29.128	0.98078	0.98078			6
2024.05.15	00:27:29.157	0.98077	0.98077			6
2024.05.15	00:27:30.094	0.98078	0.98078			6
2024.05.15	00:27:30.350	0.98081	0.98081			6
2024.05.15	00:27:30.381	0.98080	0.98080			6
2024.05.15	00:27:30.410	0.98079	0.98079			6
2024.05.15	00:27:30.440	0.98077	0.98077			6
2024.05.15	00:27:33.354	0.98078	0.98078			6
2024.05.15	00:27:33.725	0.98079	0.98079			6
2024.05.15	00:27:33.785	0.98084	0.98084			6
2024.05.15	00:27:33.816	0.98081	0.98081			6
2024.05.15	00:27:33.846	0.98077	0.98077			6
2024.05.15	00:27:35.256	0.98078	0.98078			6
2024.05.15	00:27:36.058	0.98081	0.98081			6
2024.05.15	00:27:36.117	0.98079	0.98079			6
2024.05.15	00:27:36.270	0.98078	0.98078			6
2024.05.15	00:27:36.300	0.98079	0.98079			6
2024.05.15	00:27:36.360	0.98078	0.98078			6
2024.05.15	00:27:36.390	0.98079	0.98079			6
2024.05.15	00:27:36.451	0.98077	0.98077			6
2024.05.15	00:27:36.482	0.98079	0.98079			6
2024.05.15	00:27:36.594	0.98078	0.98078			6
2024.05.15	00:27:36.654	0.98079	0.98079			6
2024.05.15	00:27:36.714	0.98078	0.98078			6
2024.05.15	00:27:36.744	0.98079	0.98079			6
2024.05.15	00:27:36.835	0.98078	0.98078			6
2024.05.15	00:27:36.894	0.98079	0.98079			6
2024.05.15	00:27:36.925	0.98078	0.98078			6
2024.05.15	00:27:36.954	0.98080	0.98080			6
2024.05.15	00:27:37.014	0.98079	0.98079			6
2024.05.15	00:27:37.044	0.98080	0.98080			6
2024.05.15	00:27:37.073	0.98079	0.98079			6
2024.05.15	00:27:37.284	0.98078	0.98078			6
2024.05.15	00:27:37.314	0.98079	0.98079			6
2024.05.15	00:27:37.344	0.98078	0.98078			6
2024.05.15	00:27:37.374	0.98079	0.98079			6
2024.05.15	00:27:37.493	0.98078	0.98078			6
2024.05.15	00:27:37.523	0.98080	0.98080			6
2024.05.15	00:27:39.490	0.98081	0.98081			6
2024.05.15	00:27:39.549	0.98086	0.98086			6
2024.05.15	00:27:39.579	0.98080	0.98080			6
2024.05.15	00:27:40.041	0.98081	0.98081			6
2024.05.15	00:27:40.102	0.98080	0.98080			6
2024.05.15	00:27:40.132	0.98082	0.98082			6
2024.05.15	00:27:40.162	0.98081	0.98081			6
2024.05.15	00:27:40.222	0.98082	0.98082			6
2024.05.15	00:27:40.314	0.98081	0.98081			6
2024.05.15	00:27:40.344	0.98080	0.98080			6
2024.05.15	00:27:40.374	0.98079	0.98079			6
2024.05.15	00:27:40.587	0.98078	0.98078			6
2024.05.15	00:27:40.617	0.98079	0.98079			6
2024.05.15	00:27:40.797	0.98080	0.98080			6
2024.05.15	00:27:40.828	0.98079	0.98079			6
2024.05.15	00:27:41.008	0.98080	0.98080			6
2024.05.15	00:27:41.038	0.98081	0.98081			6
2024.05.15	00:27:41.069	0.98083	0.98083			6
2024.05.15	00:27:41.098	0.98084	0.98084			6
2024.05.15	00:27:41.159	0.98080	0.98080			6
2024.05.15	00:27:41.372	0.98085	0.98085			6
2024.05.15	00:27:41.401	0.98084	0.98084			6
2024.05.15	00:27:41.700	0.98081	0.98081			6
2024.05.15	00:27:41.731	0.98084	0.98084			6
2024.05.15	00:27:41.882	0.98085	0.98085			6
2024.05.15	00:27:41.912	0.98078	0.98078			6
2024.05.15	00:27:41.942	0.98080	0.98080			6
2024.05.15	00:27:41.971	0.98084	0.98084			6
2024.05.15	00:27:42.341	0.98082	0.98082			6
2024.05.15	00:27:42.371	0.98085	0.98085			6
2024.05.15	00:27:42.401	0.98080	0.98080			6
2024.05.15	00:27:44.871	0.98081	0.98081			6
2024.05.15	00:27:44.960	0.98080	0.98080			6
2024.05.15	00:27:44.990	0.98077	0.98077			6
2024.05.15	00:27:45.021	0.98080	0.98080			6
2024.05.15	00:27:45.050	0.98078	0.98078			6
2024.05.15	00:27:45.080	0.98079	0.98079			6
2024.05.15	00:27:50.534	0.98080	0.98080			6
2024.05.15	00:27:50.564	0.98087	0.98087			6
2024.05.15	00:27:50.594	0.98083	0.98083			6
2024.05.15	00:27:50.653	0.98081	0.98081			6
2024.05.15	00:27:53.082	0.98079	0.98079			6
2024.05.15	00:28:00.051	0.98080	0.98080			6
2024.05.15	00:28:07.949	0.98079	0.98079			6
2024.05.15	00:28:09.901	0.98078	0.98078			6
2024.05.15	00:28:09.931	0.98083	0.98083			6
2024.05.15	00:28:09.961	0.98082	0.98082			6
2024.05.15	00:28:10.021	0.98083	0.98083			6
2024.05.15	00:28:10.050	0.98081	0.98081			6
2024.05.15	00:28:10.231	0.98084	0.98084			6
2024.05.15	00:28:10.380	0.98090	0.98090			6
2024.05.15	00:28:10.410	0.98085	0.98085			6
2024.05.15	00:28:10.440	0.98089	0.98089			6
2024.05.15	00:28:10.470	0.98084	0.98084			6
2024.05.15	00:28:10.834	0.98081	0.98081			6
2024.05.15	00:28:10.894	0.98080	0.98080			6
2024.05.15	00:28:10.924	0.98084	0.98084			6
2024.05.15	00:28:10.954	0.98079	0.98079			6
2024.05.15	00:28:15.362	0.98080	0.98080			6
2024.05.15	00:28:33.483	0.98081	0.98081			6
2024.05.15	00:28:34.187	0.98082	0.98082			6
2024.05.15	00:28:34.218	0.98084	0.98084			6
2024.05.15	00:28:34.458	0.98083	0.98083			6
2024.05.15	00:28:34.488	0.98084	0.98084			6
2024.05.15	00:28:35.378	0.98083	0.98083			6
2024.05.15	00:28:35.408	0.98084	0.98084			6
2024.05.15	00:28:35.561	0.98083	0.98083			6
2024.05.15	00:28:35.620	0.98081	0.98081			6
2024.05.15	00:28:35.650	0.98084	0.98084			6
2024.05.15	00:28:36.012	0.98083	0.98083			6
2024.05.15	00:28:36.041	0.98081	0.98081			6
2024.05.15	00:28:38.911	0.98082	0.98082			6
2024.05.15	00:28:38.941	0.98083	0.98083			6
2024.05.15	00:28:38.971	0.98091	0.98091			6
2024.05.15	00:28:39.001	0.98086	0.98086			6
2024.05.15	00:28:39.095	0.98083	0.98083			6
2024.05.15	00:28:40.019	0.98084	0.98084			6
2024.05.15	00:28:40.049	0.98085	0.98085			6
2024.05.15	00:28:40.139	0.98086	0.98086			6
2024.05.15	00:28:40.170	0.98084	0.98084			6
2024.05.15	00:28:40.200	0.98083	0.98083			6
2024.05.15	00:28:40.229	0.98084	0.98084			6
2024.05.15	00:28:40.290	0.98083	0.98083			6
2024.05.15	00:28:41.180	0.98086	0.98086			6
2024.05.15	00:28:41.240	0.98085	0.98085			6
2024.05.15	00:28:41.525	0.98086	0.98086			6
2024.05.15	00:28:41.615	0.98084	0.98084			6
2024.05.15	00:28:41.646	0.98082	0.98082			6
2024.05.15	00:28:41.677	0.98086	0.98086			6
2024.05.15	00:28:41.767	0.98085	0.98085			6
2024.05.15	00:28:41.796	0.98084	0.98084			6
2024.05.15	00:28:41.888	0.98085	0.98085			6
2024.05.15	00:28:41.980	0.98087	0.98087			6
2024.05.15	00:28:42.282	0.98085	0.98085			6
2024.05.15	00:28:42.312	0.98083	0.98083			6
2024.05.15	00:28:42.342	0.98087	0.98087			6
2024.05.15	00:28:42.372	0.98082	0.98082			6
2024.05.15	00:28:42.401	0.98087	0.98087			6
2024.05.15	00:28:42.431	0.98085	0.98085			6
2024.05.15	00:28:42.461	0.98083	0.98083			6
2024.05.15	00:28:42.492	0.98087	0.98087			6
2024.05.15	00:28:42.702	0.98085	0.98085			6
2024.05.15	00:28:42.733	0.98087	0.98087			6
2024.05.15	00:28:42.962	0.98084	0.98084			6
2024.05.15	00:28:43.023	0.98091	0.98091			6
2024.05.15	00:28:43.053	0.98083	0.98083			6
2024.05.15	00:28:43.083	0.98082	0.98082			6
2024.05.15	00:28:46.580	0.98083	0.98083			6
2024.05.15	00:29:03.608	0.98084	0.98084			6
2024.05.15	00:30:00.042	0.98085	0.98085			6
2024.05.15	00:30:00.071	0.98084	0.98084			6
2024.05.15	00:30:00.100	0.98085	0.98085			6
2024.05.15	00:30:01.341	0.98084	0.98084			6
2024.05.15	00:30:05.153	0.98085	0.98085			6
2024.05.15	00:30:17.152	0.98084	0.98084			6
2024.05.15	00:30:25.879	0.98085	0.98085			6
2024.05.15	00:30:27.433	0.98084	0.98084			6
2024.05.15	00:30:27.722	0.98083	0.98083			6
2024.05.15	00:30:30.679	0.98084	0.98084			6
2024.05.15	00:30:40.117	0.98092	0.98092			6
2024.05.15	00:30:40.222	0.98087	0.98087			6
2024.05.15	00:30:40.252	0.98085	0.98085			6
2024.05.15	00:30:40.284	0.98087	0.98087			6
2024.05.15	00:30:40.315	0.98086	0.98086			6
2024.05.15	00:30:40.404	0.98087	0.98087			6
2024.05.15	00:30:40.435	0.98086	0.98086			6
2024.05.15	00:30:40.464	0.98087	0.98087			6
2024.05.15	00:30:42.783	0.98088	0.98088			6
2024.05.15	00:30:42.813	0.98093	0.98093			6
2024.05.15	00:30:42.874	0.98092	0.98092			6
2024.05.15	00:30:43.911	0.98089	0.98089			6
2024.05.15	00:30:43.940	0.98088	0.98088			6
2024.05.15	00:30:48.087	0.98085	0.98085			6
2024.05.15	00:30:48.178	0.98086	0.98086			6
2024.05.15	00:30:48.311	0.98087	0.98087			6
2024.05.15	00:30:53.663	0.98089	0.98089			6
2024.05.15	00:30:53.693	0.98085	0.98085			6
2024.05.15	00:30:53.753	0.98086	0.98086			6
2024.05.15	00:30:54.050	0.98089	0.98089			6
2024.05.15	00:31:13.786	0.98088	0.98088			6
2024.05.15	00:31:30.664	0.98089	0.98089			6
2024.05.15	00:31:44.911	0.98088	0.98088			6
2024.05.15	00:31:45.976	0.98087	0.98087			6
2024.05.15	00:31:47.452	0.98088	0.98088			6
2024.05.15	00:32:17.457	0.98087	0.98087			6
2024.05.15	00:32:21.086	0.98086	0.98086			6
2024.05.15	00:32:22.559	0.98085	0.98085			6
2024.05.15	00:32:44.880	0.98086	0.98086			6
2024.05.15	00:32:45.185	0.98085	0.98085			6
2024.05.15	00:33:33.687	0.98086	0.98086			6
2024.05.15	00:33:42.531	0.98085	0.98085			6
2024.05.15	00:33:42.839	0.98086	0.98086			6
2024.05.15	00:33:46.436	0.98087	0.98087			6
2024.05.15	00:33:49.292	0.98086	0.98086			6
2024.05.15	00:33:49.324	0.98087	0.98087			6
2024.05.15	00:34:46.565	0.98086	0.98086			6
2024.05.15	00:34:59.333	0.98087	0.98087			6
2024.05.15	00:35:30.293	0.98086	0.98086			6
2024.05.15	00:35:30.352	0.98087	0.98087			6
2024.05.15	00:35:30.831	0.98086	0.98086			6
2024.05.15	00:35:35.936	0.98087	0.98087			6
2024.05.15	00:35:36.955	0.98086	0.98086			6
2024.05.15	00:35:38.531	0.98087	0.98087			6
2024.05.15	00:35:48.681	0.98086	0.98086			6
2024.05.15	00:36:00.038	0.98087	0.98087			6
2024.05.15	00:36:00.637	0.98086	0.98086			6
2024.05.15	00:36:01.859	0.98087	0.98087			6
2024.05.15	00:36:25.939	0.98086	0.98086			6
2024.05.15	00:36:27.952	0.98087	0.98087			6
2024.05.15	00:36:31.847	0.98086	0.98086			6
2024.05.15	00:36:33.469	0.98085	0.98085			6
2024.05.15	00:36:33.830	0.98086	0.98086			6
2024.05.15	00:36:44.152	0.98085	0.98085			6
2024.05.15	00:36:50.364	0.98086	0.98086			6
2024.05.15	00:36:55.528	0.98085	0.98085			6
2024.05.15	00:36:56.079	0.98086	0.98086			6
2024.05.15	00:36:57.079	0.98085	0.98085			6
2024.05.15	00:36:58.524	0.98086	0.98086			6
2024.05.15	00:37:03.392	0.98087	0.98087			6
2024.05.15	00:37:23.656	0.98086	0.98086			6
2024.05.15	00:37:25.709	0.98087	0.98087			6
2024.05.15	00:37:25.739	0.98086	0.98086			6
2024.05.15	00:37:26.161	0.98087	0.98087			6
2024.05.15	00:37:42.653	0.98086	0.98086			6
2024.05.15	00:37:48.475	0.98087	0.98087			6
2024.05.15	00:37:48.535	0.98086	0.98086			6
2024.05.15	00:39:48.891	0.98087	0.98087			6
2024.05.15	00:39:49.447	0.98086	0.98086			6
2024.05.15	00:39:50.856	0.98087	0.98087			6
2024.05.15	00:39:55.049	0.98085	0.98085			6
2024.05.15	00:39:55.123	0.98086	0.98086			6
2024.05.15	00:39:55.255	0.98085	0.98085			6
2024.05.15	00:40:03.514	0.98086	0.98086			6
2024.05.15	00:40:06.685	0.98087	0.98087			6
2024.05.15	00:40:09.857	0.98086	0.98086			6
2024.05.15	00:40:18.686	0.98087	0.98087			6
2024.05.15	00:40:45.204	0.98088	0.98088			6
2024.05.15	00:40:47.180	0.98087	0.98087			6
2024.05.15	00:40:58.884	0.98086	0.98086			6
2024.05.15	00:41:00.675	0.98087	0.98087			6
2024.05.15	00:41:00.764	0.98086	0.98086			6
2024.05.15	00:41:01.850	0.98087	0.98087			6
2024.05.15	00:41:09.522	0.98086	0.98086			6
2024.05.15	00:41:09.552	0.98085	0.98085			6
2024.05.15	00:41:09.613	0.98086	0.98086			6
2024.05.15	00:41:11.462	0.98087	0.98087			6
2024.05.15	00:41:15.091	0.98088	0.98088			6
2024.05.15	00:41:15.994	0.98087	0.98087			6
2024.05.15	00:41:19.078	0.98088	0.98088			6
2024.05.15	00:41:20.270	0.98086	0.98086			6
2024.05.15	00:41:23.731	0.98087	0.98087			6
2024.05.15	00:41:39.365	0.98088	0.98088			6
2024.05.15	00:41:40.965	0.98087	0.98087			6
2024.05.15	00:41:47.655	0.98086	0.98086			6
2024.05.15	00:41:54.386	0.98087	0.98087			6
2024.05.15	00:41:59.945	0.98088	0.98088			6
2024.05.15	00:42:00.666	0.98087	0.98087			6
2024.05.15	00:42:00.695	0.98088	0.98088			6
2024.05.15	00:42:02.745	0.98087	0.98087			6
2024.05.15	00:42:16.854	0.98086	0.98086			6
2024.05.15	00:42:19.334	0.98087	0.98087			6
2024.05.15	00:42:19.363	0.98088	0.98088			6
2024.05.15	00:42:19.393	0.98087	0.98087			6
2024.05.15	00:42:19.424	0.98088	0.98088			6
2024.05.15	00:42:21.393	0.98087	0.98087			6
2024.05.15	00:42:24.755	0.98086	0.98086			6
2024.05.15	00:42:24.786	0.98087	0.98087			6
2024.05.15	00:42:33.340	0.98086	0.98086			6
2024.05.15	00:42:45.096	0.98087	0.98087			6
2024.05.15	00:42:47.279	0.98086	0.98086			6
2024.05.15	00:42:53.272	0.98087	0.98087			6
2024.05.15	00:42:55.722	0.98088	0.98088			6
2024.05.15	00:43:00.558	0.98087	0.98087			6
2024.05.15	00:43:09.245	0.98086	0.98086			6
2024.05.15	00:43:10.389	0.98087	0.98087			6
2024.05.15	00:43:12.469	0.98086	0.98086			6
2024.05.15	00:43:12.620	0.98087	0.98087			6
2024.05.15	00:43:14.668	0.98086	0.98086			6
2024.05.15	00:43:16.344	0.98085	0.98085			6
2024.05.15	00:43:24.866	0.98086	0.98086			6
2024.05.15	00:43:24.895	0.98087	0.98087			6
2024.05.15	00:43:30.477	0.98085	0.98085			6
2024.05.15	00:43:39.876	0.98086	0.98086			6
2024.05.15	00:43:42.054	0.98087	0.98087			6
2024.05.15	00:43:43.930	0.98086	0.98086			6
2024.05.15	00:43:43.990	0.98087	0.98087			6
2024.05.15	00:43:45.670	0.98086	0.98086			6
2024.05.15	00:43:49.233	0.98085	0.98085			6
2024.05.15	00:43:55.235	0.98084	0.98084			6
2024.05.15	00:43:55.560	0.98085	0.98085			6
2024.05.15	00:44:22.898	0.98086	0.98086			6
2024.05.15	00:44:26.762	0.98084	0.98084			6
2024.05.15	00:44:27.953	0.98085	0.98085			6
2024.05.15	00:44:35.250	0.98084	0.98084			6
2024.05.15	00:44:35.280	0.98085	0.98085			6
2024.05.15	00:44:40.993	0.98086	0.98086			6
2024.05.15	00:44:41.054	0.98085	0.98085			6
2024.05.15	00:44:46.292	0.98083	0.98083			6
2024.05.15	00:44:47.938	0.98084	0.98084			6
2024.05.15	00:44:47.998	0.98085	0.98085			6
2024.05.15	00:44:57.720	0.98084	0.98084			6
2024.05.15	00:45:00.042	0.98083	0.98083			6
2024.05.15	00:45:00.073	0.98084	0.98084			6
2024.05.15	00:45:00.389	0.98085	0.98085			6
2024.05.15	00:45:00.419	0.98091	0.98091			6
2024.05.15	00:45:02.623	0.98090	0.98090			6
2024.05.15	00:45:09.787	0.98091	0.98091			6
2024.05.15	00:45:13.809	0.98090	0.98090			6
2024.05.15	00:45:14.397	0.98091	0.98091			6
2024.05.15	00:45:15.228	0.98090	0.98090			6
2024.05.15	00:45:37.518	0.98091	0.98091			6
2024.05.15	00:45:37.549	0.98090	0.98090			6
2024.05.15	00:45:37.579	0.98091	0.98091			6
2024.05.15	00:45:37.609	0.98090	0.98090			6
2024.05.15	00:45:52.694	0.98091	0.98091			6
2024.05.15	00:45:52.754	0.98090	0.98090			6
2024.05.15	00:46:17.519	0.98091	0.98091			6
2024.05.15	00:46:17.549	0.98090	0.98090			6
2024.05.15	00:46:17.579	0.98095	0.98095			6
2024.05.15	00:46:17.609	0.98097	0.98097			6
2024.05.15	00:46:17.729	0.98093	0.98093			6
2024.05.15	00:46:17.891	0.98091	0.98091			6
2024.05.15	00:46:17.951	0.98097	0.98097			6
2024.05.15	00:46:17.982	0.98090	0.98090			6
2024.05.15	00:46:19.806	0.98091	0.98091			6
2024.05.15	00:46:20.574	0.98100	0.98100			6
2024.05.15	00:46:20.604	0.98103	0.98103			6
2024.05.15	00:46:20.664	0.98101	0.98101			6
2024.05.15	00:46:20.695	0.98100	0.98100			6
2024.05.15	00:46:20.905	0.98101	0.98101			6
2024.05.15	00:46:21.216	0.98100	0.98100			6
2024.05.15	00:46:21.336	0.98101	0.98101			6
2024.05.15	00:46:22.329	0.98100	0.98100			6
2024.05.15	00:46:23.375	0.98101	0.98101			6
2024.05.15	00:46:23.891	0.98100	0.98100			6
2024.05.15	00:46:24.464	0.98101	0.98101			6
2024.05.15	00:46:24.932	0.98100	0.98100			6
2024.05.15	00:46:27.953	0.98095	0.98095			6
2024.05.15	00:46:27.984	0.98090	0.98090			6
2024.05.15	00:46:28.045	0.98083	0.98083			6
2024.05.15	00:46:28.074	0.98081	0.98081			6
2024.05.15	00:46:28.105	0.98090	0.98090			6
2024.05.15	00:46:28.284	0.98095	0.98095			6
2024.05.15	00:46:28.506	0.98090	0.98090			6
2024.05.15	00:46:32.993	0.98093	0.98093			6
2024.05.15	00:46:33.023	0.98088	0.98088			6
2024.05.15	00:46:33.267	0.98086	0.98086			6
2024.05.15	00:46:33.297	0.98085	0.98085			6
2024.05.15	00:46:33.328	0.98088	0.98088			6
2024.05.15	00:46:38.345	0.98089	0.98089			6
2024.05.15	00:46:38.768	0.98091	0.98091			6
2024.05.15	00:46:43.283	0.98090	0.98090			6
2024.05.15	00:46:43.562	0.98091	0.98091			6
2024.05.15	00:46:43.665	0.98093	0.98093			6
2024.05.15	00:46:43.932	0.98091	0.98091			6
2024.05.15	00:46:44.407	0.98093	0.98093			6
2024.05.15	00:46:44.556	0.98094	0.98094			6
2024.05.15	00:46:45.297	0.98090	0.98090			6
2024.05.15	00:46:45.329	0.98093	0.98093			6
2024.05.15	00:46:45.358	0.98094	0.98094			6
2024.05.15	00:46:55.168	0.98093	0.98093			6
2024.05.15	00:46:55.691	0.98088	0.98088			6
2024.05.15	00:46:55.721	0.98091	0.98091			6
2024.05.15	00:46:55.751	0.98095	0.98095			6
2024.05.15	00:46:55.871	0.98093	0.98093			6
2024.05.15	00:46:56.040	0.98092	0.98092			6
2024.05.15	00:46:56.132	0.98093	0.98093			6
2024.05.15	00:46:56.191	0.98096	0.98096			6
2024.05.15	00:46:56.222	0.98095	0.98095			6
2024.05.15	00:46:56.343	0.98093	0.98093			6
2024.05.15	00:46:56.403	0.98094	0.98094			6
2024.05.15	00:46:56.434	0.98095	0.98095			6
2024.05.15	00:46:56.493	0.98093	0.98093			6
2024.05.15	00:46:56.524	0.98094	0.98094			6
2024.05.15	00:46:56.553	0.98095	0.98095			6
2024.05.15	00:46:56.654	0.98094	0.98094			6
2024.05.15	00:46:56.745	0.98095	0.98095			6
2024.05.15	00:46:56.775	0.98094	0.98094			6
2024.05.15	00:46:56.804	0.98093	0.98093			6
2024.05.15	00:46:56.865	0.98092	0.98092			6
2024.05.15	00:46:56.895	0.98091	0.98091			6
2024.05.15	00:46:57.248	0.98089	0.98089			6
2024.05.15	00:46:57.278	0.98090	0.98090			6
2024.05.15	00:46:57.738	0.98091	0.98091			6
2024.05.15	00:46:57.768	0.98092	0.98092			6
2024.05.15	00:46:57.888	0.98093	0.98093			6
2024.05.15	00:47:04.089	0.98094	0.98094			6
2024.05.15	00:47:04.601	0.98095	0.98095			6
2024.05.15	00:47:05.171	0.98094	0.98094			6
2024.05.15	00:47:05.200	0.98095	0.98095			6
2024.05.15	00:47:09.945	0.98089	0.98089			6
2024.05.15	00:47:09.974	0.98082	0.98082			6
2024.05.15	00:47:10.004	0.98087	0.98087			6
2024.05.15	00:47:10.034	0.98088	0.98088			6
2024.05.15	00:47:10.203	0.98090	0.98090			6
2024.05.15	00:47:10.268	0.98088	0.98088			6
2024.05.15	00:47:10.914	0.98090	0.98090			6
2024.05.15	00:47:11.885	0.98088	0.98088			6
2024.05.15	00:47:11.914	0.98090	0.98090			6
2024.05.15	00:47:12.251	0.98092	0.98092			6
2024.05.15	00:47:12.281	0.98090	0.98090			6
2024.05.15	00:47:13.280	0.98091	0.98091			6
2024.05.15	00:47:13.400	0.98092	0.98092			6
2024.05.15	00:47:13.460	0.98090	0.98090			6
2024.05.15	00:47:13.720	0.98092	0.98092			6
2024.05.15	00:47:15.239	0.98090	0.98090			6
2024.05.15	00:47:17.470	0.98091	0.98091			6
2024.05.15	00:47:17.530	0.98090	0.98090			6
2024.05.15	00:47:17.754	0.98092	0.98092			6
2024.05.15	00:47:18.203	0.98090	0.98090			6
2024.05.15	00:47:21.653	0.98093	0.98093			6
2024.05.15	00:47:23.531	0.98096	0.98096			6
2024.05.15	00:47:23.580	0.98095	0.98095			6
2024.05.15	00:47:23.730	0.98093	0.98093			6
2024.05.15	00:47:33.105	0.98096	0.98096			6
2024.05.15	00:47:33.225	0.98094	0.98094			6
2024.05.15	00:47:33.261	0.98093	0.98093			6
2024.05.15	00:47:34.376	0.98094	0.98094			6
2024.05.15	00:47:34.474	0.98093	0.98093			6
2024.05.15	00:47:34.747	0.98095	0.98095			6
2024.05.15	00:47:34.778	0.98093	0.98093			6
2024.05.15	00:47:35.514	0.98094	0.98094			6
2024.05.15	00:47:35.697	0.98093	0.98093			6
2024.05.15	00:47:39.044	0.98090	0.98090			6
2024.05.15	00:47:39.165	0.98093	0.98093			6
2024.05.15	00:47:39.229	0.98091	0.98091			6
2024.05.15	00:47:43.128	0.98089	0.98089			6
2024.05.15	00:47:43.416	0.98091	0.98091			6
2024.05.15	00:47:56.138	0.98087	0.98087			6
2024.05.15	00:47:57.220	0.98085	0.98085			6
2024.05.15	00:47:57.250	0.98087	0.98087			6
2024.05.15	00:47:57.489	0.98088	0.98088			6
2024.05.15	00:47:57.791	0.98087	0.98087			6
2024.05.15	00:47:57.851	0.98085	0.98085			6
2024.05.15	00:47:57.882	0.98086	0.98086			6
2024.05.15	00:48:01.230	0.98088	0.98088			6
2024.05.15	00:48:01.725	0.98087	0.98087			6
2024.05.15	00:48:05.253	0.98088	0.98088			6
2024.05.15	00:48:05.284	0.98091	0.98091			6
2024.05.15	00:48:05.313	0.98094	0.98094			6
2024.05.15	00:48:05.360	0.98093	0.98093			6
2024.05.15	00:48:05.654	0.98091	0.98091			6
2024.05.15	00:48:06.058	0.98090	0.98090			6
2024.05.15	00:48:07.475	0.98088	0.98088			6
2024.05.15	00:48:07.505	0.98091	0.98091			6
2024.05.15	00:48:09.368	0.98088	0.98088			6
2024.05.15	00:48:09.398	0.98090	0.98090			6
2024.05.15	00:48:10.230	0.98091	0.98091			6
2024.05.15	00:48:10.441	0.98088	0.98088			6
2024.05.15	00:48:10.471	0.98086	0.98086			6
2024.05.15	00:48:10.501	0.98089	0.98089			6
2024.05.15	00:48:10.531	0.98085	0.98085			6
2024.05.15	00:48:10.560	0.98089	0.98089			6
2024.05.15	00:48:16.858	0.98091	0.98091			6
2024.05.15	00:48:16.888	0.98088	0.98088			6
2024.05.15	00:48:18.568	0.98086	0.98086			6
2024.05.15	00:48:30.689	0.98091	0.98091			6
2024.05.15	00:48:30.718	0.98088	0.98088			6
2024.05.15	00:48:31.330	0.98087	0.98087			6
2024.05.15	00:48:31.576	0.98088	0.98088			6
2024.05.15	00:48:34.364	0.98089	0.98089			6
2024.05.15	00:48:34.424	0.98088	0.98088			6
2024.05.15	00:48:34.844	0.98089	0.98089			6
2024.05.15	00:48:34.874	0.98088	0.98088			6
2024.05.15	00:48:35.131	0.98089	0.98089			6
2024.05.15	00:48:35.757	0.98088	0.98088			6
2024.05.15	00:48:36.373	0.98090	0.98090			6
2024.05.15	00:48:36.494	0.98089	0.98089			6
2024.05.15	00:48:36.525	0.98088	0.98088			6
2024.05.15	00:48:36.555	0.98089	0.98089			6
2024.05.15	00:48:36.938	0.98090	0.98090			6
2024.05.15	00:48:37.066	0.98089	0.98089			6
2024.05.15	00:48:37.097	0.98090	0.98090			6
2024.05.15	00:48:37.478	0.98089	0.98089			6
2024.05.15	00:48:37.678	0.98087	0.98087			6
2024.05.15	00:48:38.143	0.98088	0.98088			6
2024.05.15	00:48:39.236	0.98090	0.98090			6
2024.05.15	00:48:39.268	0.98089	0.98089			6
2024.05.15	00:48:39.327	0.98087	0.98087			6
2024.05.15	00:48:40.178	0.98086	0.98086			6
2024.05.15	00:48:40.208	0.98087	0.98087			6
2024.05.15	00:48:43.859	0.98086	0.98086			6
2024.05.15	00:48:45.838	0.98087	0.98087			6
2024.05.15	00:48:54.177	0.98086	0.98086			6
2024.05.15	00:49:01.883	0.98087	0.98087			6
2024.05.15	00:49:02.053	0.98086	0.98086			6
2024.05.15	00:49:02.371	0.98087	0.98087			6
2024.05.15	00:49:02.431	0.98086	0.98086			6
2024.05.15	00:49:02.462	0.98087	0.98087			6
2024.05.15	00:49:02.571	0.98086	0.98086			6
2024.05.15	00:49:05.244	0.98087	0.98087			6
2024.05.15	00:49:05.660	0.98086	0.98086			6
2024.05.15	00:49:05.690	0.98087	0.98087			6
2024.05.15	00:49:18.065	0.98088	0.98088			6
2024.05.15	00:49:18.095	0.98089	0.98089			6
2024.05.15	00:49:32.543	0.98088	0.98088			6
2024.05.15	00:49:35.458	0.98087	0.98087			6
2024.05.15	00:49:35.655	0.98088	0.98088			6
2024.05.15	00:49:38.737	0.98087	0.98087			6
2024.05.15	00:49:39.955	0.98088	0.98088			6
2024.05.15	00:49:41.174	0.98087	0.98087			6
2024.05.15	00:49:43.562	0.98088	0.98088			6
2024.05.15	00:49:54.157	0.98089	0.98089			6
2024.05.15	00:49:55.563	0.98090	0.98090			6
2024.05.15	00:49:55.961	0.98089	0.98089			6
2024.05.15	00:49:56.792	0.98086	0.98086			6
2024.05.15	00:49:57.778	0.98085	0.98085			6
2024.05.15	00:49:57.838	0.98087	0.98087			6
2024.05.15	00:49:58.955	0.98088	0.98088			6
2024.05.15	00:49:59.118	0.98087	0.98087			6
2024.05.15	00:49:59.148	0.98084	0.98084			6
2024.05.15	00:49:59.220	0.98085	0.98085			6
2024.05.15	00:49:59.547	0.98084	0.98084			6
2024.05.15	00:50:00.245	0.98085	0.98085			6
2024.05.15	00:50:03.648	0.98086	0.98086			6
2024.05.15	00:50:05.574	0.98085	0.98085			6
2024.05.15	00:50:20.117	0.98086	0.98086			6
2024.05.15	00:50:20.177	0.98087	0.98087			6
2024.05.15	00:50:22.277	0.98086	0.98086			6
2024.05.15	00:50:22.336	0.98087	0.98087			6
2024.05.15	00:50:23.344	0.98086	0.98086			6
2024.05.15	00:50:23.814	0.98087	0.98087			6
2024.05.15	00:50:24.256	0.98088	0.98088			6
2024.05.15	00:50:28.153	0.98089	0.98089			6
2024.05.15	00:50:30.651	0.98088	0.98088			6
2024.05.15	00:50:32.108	0.98089	0.98089			6
2024.05.15	00:50:32.137	0.98088	0.98088			6
2024.05.15	00:50:32.230	0.98089	0.98089			6
2024.05.15	00:50:34.113	0.98090	0.98090			6
2024.05.15	00:50:34.143	0.98089	0.98089			6
2024.05.15	00:50:36.392	0.98088	0.98088			6
2024.05.15	00:50:38.553	0.98089	0.98089			6
2024.05.15	00:50:38.583	0.98088	0.98088			6
2024.05.15	00:50:42.014	0.98094	0.98094			6
2024.05.15	00:50:42.045	0.98090	0.98090			6
2024.05.15	00:50:42.336	0.98091	0.98091			6
2024.05.15	00:50:42.476	0.98090	0.98090			6
2024.05.15	00:50:43.958	0.98091	0.98091			6
2024.05.15	00:50:45.279	0.98090	0.98090			6
2024.05.15	00:50:45.533	0.98091	0.98091			6
2024.05.15	00:50:46.537	0.98090	0.98090			6
2024.05.15	00:50:46.720	0.98091	0.98091			6
2024.05.15	00:50:47.897	0.98090	0.98090			6
2024.05.15	00:50:47.928	0.98091	0.98091			6
2024.05.15	00:50:49.337	0.98090	0.98090			6
2024.05.15	00:50:50.312	0.98091	0.98091			6
2024.05.15	00:50:53.513	0.98090	0.98090			6
2024.05.15	00:50:53.812	0.98091	0.98091			6
2024.05.15	00:50:55.306	0.98090	0.98090			6
2024.05.15	00:50:56.392	0.98089	0.98089			6
2024.05.15	00:51:00.114	0.98090	0.98090			6
2024.05.15	00:51:00.364	0.98089	0.98089			6
2024.05.15	00:51:00.743	0.98086	0.98086			6
2024.05.15	00:51:04.224	0.98087	0.98087			6
2024.05.15	00:51:04.280	0.98086	0.98086			6
2024.05.15	00:51:04.310	0.98087	0.98087			6
2024.05.15	00:51:04.339	0.98086	0.98086			6
2024.05.15	00:51:09.152	0.98087	0.98087			6
2024.05.15	00:51:10.922	0.98086	0.98086			6
2024.05.15	00:51:12.048	0.98087	0.98087			6
2024.05.15	00:51:13.752	0.98086	0.98086			6
2024.05.15	00:51:14.096	0.98087	0.98087			6
2024.05.15	00:51:17.441	0.98086	0.98086			6
2024.05.15	00:51:17.584	0.98087	0.98087			6
2024.05.15	00:51:17.955	0.98086	0.98086			6
2024.05.15	00:51:17.991	0.98087	0.98087			6
2024.05.15	00:51:40.528	0.98093	0.98093			6
2024.05.15	00:51:40.559	0.98088	0.98088			6
2024.05.15	00:51:40.589	0.98089	0.98089			6
2024.05.15	00:51:40.713	0.98094	0.98094			6
2024.05.15	00:51:40.835	0.98093	0.98093			6
2024.05.15	00:51:40.925	0.98094	0.98094			6
2024.05.15	00:51:41.104	0.98093	0.98093			6
2024.05.15	00:51:45.936	0.98094	0.98094			6
2024.05.15	00:51:45.996	0.98093	0.98093			6
2024.05.15	00:51:47.234	0.98094	0.98094			6
2024.05.15	00:51:47.294	0.98093	0.98093			6
2024.05.15	00:51:48.806	0.98092	0.98092			6
2024.05.15	00:51:48.896	0.98093	0.98093			6
2024.05.15	00:51:49.867	0.98094	0.98094			6
2024.05.15	00:51:49.896	0.98093	0.98093			6
2024.05.15	00:51:49.926	0.98092	0.98092			6
2024.05.15	00:51:49.957	0.98093	0.98093			6
2024.05.15	00:51:54.921	0.98092	0.98092			6
2024.05.15	00:51:54.951	0.98087	0.98087			6
2024.05.15	00:51:55.102	0.98086	0.98086			6
2024.05.15	00:51:55.661	0.98085	0.98085			6
2024.05.15	00:51:55.834	0.98086	0.98086			6
2024.05.15	00:51:56.168	0.98085	0.98085			6
2024.05.15	00:51:56.407	0.98084	0.98084			6
2024.05.15	00:51:58.106	0.98086	0.98086			6
2024.05.15	00:51:58.136	0.98083	0.98083			6
2024.05.15	00:51:58.166	0.98086	0.98086			6
2024.05.15	00:51:58.420	0.98084	0.98084			6
2024.05.15	00:51:58.450	0.98083	0.98083			6
2024.05.15	00:51:58.514	0.98084	0.98084			6
2024.05.15	00:51:58.614	0.98085	0.98085			6
2024.05.15	00:51:58.643	0.98086	0.98086			6
2024.05.15	00:51:58.766	0.98087	0.98087			6
2024.05.15	00:51:59.076	0.98084	0.98084			6
2024.05.15	00:51:59.227	0.98082	0.98082			6
2024.05.15	00:51:59.287	0.98084	0.98084			6
2024.05.15	00:51:59.317	0.98082	0.98082			6
2024.05.15	00:51:59.377	0.98084	0.98084			6
2024.05.15	00:51:59.407	0.98083	0.98083			6
2024.05.15	00:51:59.439	0.98084	0.98084			6
2024.05.15	00:51:59.468	0.98083	0.98083			6
2024.05.15	00:52:01.612	0.98088	0.98088			6
2024.05.15	00:52:01.642	0.98090	0.98090			6
2024.05.15	00:52:01.732	0.98091	0.98091			6
2024.05.15	00:52:01.803	0.98093	0.98093			6
2024.05.15	00:52:01.906	0.98090	0.98090			6
2024.05.15	00:52:01.935	0.98093	0.98093			6
2024.05.15	00:52:02.137	0.98094	0.98094			6
2024.05.15	00:52:02.256	0.98096	0.98096			6
2024.05.15	00:52:02.287	0.98095	0.98095			6
2024.05.15	00:52:02.317	0.98093	0.98093			6
2024.05.15	00:52:04.177	0.98092	0.98092			6
2024.05.15	00:52:04.699	0.98093	0.98093			6
2024.05.15	00:52:05.016	0.98091	0.98091			6
2024.05.15	00:52:05.297	0.98094	0.98094			6
2024.05.15	00:52:05.356	0.98098	0.98098			6
2024.05.15	00:52:06.946	0.98097	0.98097			6
2024.05.15	00:52:06.976	0.98098	0.98098			6
2024.05.15	00:52:07.748	0.98099	0.98099			6
2024.05.15	00:52:07.808	0.98098	0.98098			6
2024.05.15	00:52:07.854	0.98099	0.98099			6
2024.05.15	00:52:07.956	0.98098	0.98098			6
2024.05.15	00:52:07.985	0.98099	0.98099			6
2024.05.15	00:52:08.076	0.98098	0.98098			6
2024.05.15	00:52:08.166	0.98099	0.98099			6
2024.05.15	00:52:08.256	0.98098	0.98098			6
2024.05.15	00:52:08.317	0.98099	0.98099			6
2024.05.15	00:52:08.436	0.98098	0.98098			6
2024.05.15	00:52:08.496	0.98099	0.98099			6
2024.05.15	00:52:08.592	0.98098	0.98098			6
2024.05.15	00:52:08.690	0.98099	0.98099			6
2024.05.15	00:52:08.750	0.98098	0.98098			6
2024.05.15	00:52:08.781	0.98099	0.98099			6
2024.05.15	00:52:09.375	0.98098	0.98098			6
2024.05.15	00:52:09.645	0.98099	0.98099			6
2024.05.15	00:52:11.597	0.98100	0.98100			6
2024.05.15	00:52:12.466	0.98099	0.98099			6
2024.05.15	00:52:12.497	0.98100	0.98100			6
2024.05.15	00:52:12.903	0.98099	0.98099			6
2024.05.15	00:52:13.144	0.98100	0.98100			6
2024.05.15	00:52:13.410	0.98099	0.98099			6
2024.05.15	00:52:13.440	0.98100	0.98100			6
2024.05.15	00:52:20.244	0.98099	0.98099			6
2024.05.15	00:52:20.274	0.98100	0.98100			6
2024.05.15	00:52:20.462	0.98099	0.98099			6
2024.05.15	00:52:20.551	0.98098	0.98098			6
2024.05.15	00:52:20.611	0.98100	0.98100			6
2024.05.15	00:52:23.025	0.98099	0.98099			6
2024.05.15	00:52:23.234	0.98100	0.98100			6
2024.05.15	00:52:23.505	0.98099	0.98099			6
2024.05.15	00:52:23.534	0.98100	0.98100			6
2024.05.15	00:52:24.216	0.98101	0.98101			6
2024.05.15	00:52:24.276	0.98100	0.98100			6
2024.05.15	00:52:24.336	0.98101	0.98101			6
2024.05.15	00:52:24.396	0.98100	0.98100			6
2024.05.15	00:52:24.606	0.98097	0.98097			6
2024.05.15	00:52:24.636	0.98096	0.98096			6
2024.05.15	00:52:24.818	0.98095	0.98095			6
2024.05.15	00:52:25.030	0.98094	0.98094			6
2024.05.15	00:52:25.223	0.98095	0.98095			6
2024.05.15	00:52:25.413	0.98093	0.98093			6
2024.05.15	00:52:25.733	0.98091	0.98091			6
2024.05.15	00:52:25.763	0.98093	0.98093			6
2024.05.15	00:52:26.023	0.98092	0.98092			6
2024.05.15	00:52:29.312	0.98090	0.98090			6
2024.05.15	00:52:29.343	0.98084	0.98084			6
2024.05.15	00:52:29.373	0.98083	0.98083			6
2024.05.15	00:52:29.814	0.98081	0.98081			6
2024.05.15	00:52:29.873	0.98083	0.98083			6
2024.05.15	00:52:30.125	0.98081	0.98081			6
2024.05.15	00:52:30.245	0.98083	0.98083			6
2024.05.15	00:52:30.307	0.98085	0.98085			6
2024.05.15	00:52:30.336	0.98084	0.98084			6
2024.05.15	00:52:30.426	0.98083	0.98083			6
2024.05.15	00:52:30.456	0.98084	0.98084			6
2024.05.15	00:52:30.554	0.98083	0.98083			6
2024.05.15	00:52:31.862	0.98081	0.98081			6
2024.05.15	00:52:31.984	0.98082	0.98082			6
2024.05.15	00:52:32.013	0.98083	0.98083			6
2024.05.15	00:52:32.106	0.98084	0.98084			6
2024.05.15	00:52:32.135	0.98088	0.98088			6
2024.05.15	00:52:32.505	0.98089	0.98089			6
2024.05.15	00:52:32.534	0.98090	0.98090			6
2024.05.15	00:52:32.564	0.98088	0.98088			6
2024.05.15	00:52:32.694	0.98090	0.98090			6
2024.05.15	00:52:33.253	0.98091	0.98091			6
2024.05.15	00:52:33.529	0.98088	0.98088			6
2024.05.15	00:52:33.559	0.98089	0.98089			6
2024.05.15	00:52:33.589	0.98092	0.98092			6
2024.05.15	00:52:33.649	0.98093	0.98093			6
2024.05.15	00:52:34.953	0.98092	0.98092			6
2024.05.15	00:52:36.167	0.98091	0.98091			6
2024.05.15	00:52:36.801	0.98084	0.98084			6
2024.05.15	00:52:36.982	0.98082	0.98082			6
2024.05.15	00:52:37.114	0.98081	0.98081			6
2024.05.15	00:52:37.174	0.98082	0.98082			6
2024.05.15	00:52:37.204	0.98081	0.98081			6
2024.05.15	00:52:37.297	0.98083	0.98083			6
2024.05.15	00:52:37.784	0.98082	0.98082			6
2024.05.15	00:52:37.813	0.98079	0.98079			6
2024.05.15	00:52:37.877	0.98076	0.98076			6
2024.05.15	00:52:37.906	0.98078	0.98078			6
2024.05.15	00:52:38.027	0.98081	0.98081			6
2024.05.15	00:52:38.057	0.98079	0.98079			6
2024.05.15	00:52:38.088	0.98081	0.98081			6
2024.05.15	00:52:38.118	0.98077	0.98077			6
2024.05.15	00:52:38.148	0.98079	0.98079			6
2024.05.15	00:52:39.325	0.98082	0.98082			6
2024.05.15	00:52:39.355	0.98081	0.98081			6
2024.05.15	00:52:39.414	0.98084	0.98084			6
2024.05.15	00:52:39.444	0.98086	0.98086			6
2024.05.15	00:52:40.730	0.98087	0.98087			6
2024.05.15	00:52:40.760	0.98083	0.98083			6
2024.05.15	00:52:40.909	0.98081	0.98081			6
2024.05.15	00:52:40.940	0.98083	0.98083			6
2024.05.15	00:52:41.062	0.98081	0.98081			6
2024.05.15	00:52:41.123	0.98080	0.98080			6
2024.05.15	00:52:41.214	0.98081	0.98081			6
2024.05.15	00:52:41.244	0.98079	0.98079			6
2024.05.15	00:52:41.971	0.98081	0.98081			6
2024.05.15	00:52:42.002	0.98082	0.98082			6
2024.05.15	00:52:42.032	0.98079	0.98079			6
2024.05.15	00:52:42.061	0.98081	0.98081			6
2024.05.15	00:52:42.159	0.98083	0.98083			6
2024.05.15	00:52:42.314	0.98080	0.98080			6
2024.05.15	00:52:44.271	0.98079	0.98079			6
2024.05.15	00:52:44.845	0.98083	0.98083			6
2024.05.15	00:52:45.319	0.98081	0.98081			6
2024.05.15	00:52:45.440	0.98083	0.98083			6
2024.05.15	00:52:45.470	0.98081	0.98081			6
2024.05.15	00:52:45.501	0.98083	0.98083			6
2024.05.15	00:52:45.532	0.98081	0.98081			6
2024.05.15	00:52:45.561	0.98083	0.98083			6
2024.05.15	00:52:49.277	0.98082	0.98082			6
2024.05.15	00:52:51.937	0.98089	0.98089			6
2024.05.15	00:52:51.966	0.98091	0.98091			6
2024.05.15	00:52:52.026	0.98090	0.98090			6
2024.05.15	00:52:52.086	0.98091	0.98091			6
2024.05.15	00:52:52.307	0.98090	0.98090			6
2024.05.15	00:52:54.059	0.98092	0.98092			6
2024.05.15	00:52:54.753	0.98093	0.98093			6
2024.05.15	00:52:54.783	0.98098	0.98098			6
2024.05.15	00:52:54.813	0.98097	0.98097			6
2024.05.15	00:52:54.843	0.98098	0.98098			6
2024.05.15	00:52:55.153	0.98099	0.98099			6
2024.05.15	00:52:57.177	0.98098	0.98098			6
2024.05.15	00:52:57.902	0.98099	0.98099			6
2024.05.15	00:52:57.932	0.98098	0.98098			6
2024.05.15	00:52:57.963	0.98099	0.98099			6
2024.05.15	00:52:59.007	0.98098	0.98098			6
2024.05.15	00:52:59.038	0.98099	0.98099			6
2024.05.15	00:53:00.306	0.98098	0.98098			6
2024.05.15	00:53:00.453	0.98099	0.98099			6
2024.05.15	00:53:00.648	0.98094	0.98094			6
2024.05.15	00:53:00.678	0.98096	0.98096			6
2024.05.15	00:53:00.798	0.98097	0.98097			6
2024.05.15	00:53:00.921	0.98098	0.98098			6
2024.05.15	00:53:01.818	0.98097	0.98097			6
2024.05.15	00:53:01.847	0.98098	0.98098			6
2024.05.15	00:53:06.079	0.98100	0.98100			6
2024.05.15	00:53:06.261	0.98102	0.98102			6
2024.05.15	00:53:06.320	0.98101	0.98101			6
2024.05.15	00:53:07.543	0.98100	0.98100			6
2024.05.15	00:53:10.162	0.98099	0.98099			6
2024.05.15	00:53:10.252	0.98098	0.98098			6
2024.05.15	00:53:11.169	0.98099	0.98099			6
2024.05.15	00:53:11.514	0.98100	0.98100			6
2024.05.15	00:53:15.944	0.98099	0.98099			6
2024.05.15	00:53:16.124	0.98100	0.98100			6
2024.05.15	00:53:16.246	0.98099	0.98099			6
2024.05.15	00:53:16.487	0.98098	0.98098			6
2024.05.15	00:53:17.014	0.98099	0.98099			6
2024.05.15	00:53:17.490	0.98098	0.98098			6
2024.05.15	00:53:17.946	0.98099	0.98099			6
2024.05.15	00:53:18.875	0.98100	0.98100			6
2024.05.15	00:53:19.418	0.98099	0.98099			6
2024.05.15	00:53:19.759	0.98098	0.98098			6
2024.05.15	00:53:19.819	0.98100	0.98100			6
2024.05.15	00:53:20.155	0.98098	0.98098			6
2024.05.15	00:53:20.245	0.98100	0.98100			6
2024.05.15	00:53:20.606	0.98098	0.98098			6
2024.05.15	00:53:20.874	0.98100	0.98100			6
2024.05.15	00:53:21.407	0.98099	0.98099			6
2024.05.15	00:53:21.437	0.98100	0.98100			6
2024.05.15	00:53:21.557	0.98099	0.98099			6
2024.05.15	00:53:21.588	0.98100	0.98100			6
2024.05.15	00:53:22.717	0.98099	0.98099			6
2024.05.15	00:53:22.836	0.98100	0.98100			6
2024.05.15	00:53:22.956	0.98099	0.98099			6
2024.05.15	00:53:23.046	0.98100	0.98100			6
2024.05.15	00:53:23.228	0.98098	0.98098			6
2024.05.15	00:53:23.318	0.98100	0.98100			6
2024.05.15	00:53:26.020	0.98098	0.98098			6
2024.05.15	00:53:26.521	0.98100	0.98100			6
2024.05.15	00:53:27.498	0.98098	0.98098			6
2024.05.15	00:53:27.528	0.98099	0.98099			6
2024.05.15	00:53:27.558	0.98100	0.98100			6
2024.05.15	00:53:27.619	0.98099	0.98099			6
2024.05.15	00:53:27.648	0.98098	0.98098			6
2024.05.15	00:53:27.678	0.98100	0.98100			6
2024.05.15	00:53:28.008	0.98098	0.98098			6
2024.05.15	00:53:29.882	0.98099	0.98099			6
2024.05.15	00:53:31.236	0.98098	0.98098			6
2024.05.15	00:53:31.266	0.98099	0.98099			6
2024.05.15	00:53:32.523	0.98098	0.98098			6
2024.05.15	00:53:32.582	0.98099	0.98099			6
2024.05.15	00:53:32.853	0.98100	0.98100			6
2024.05.15	00:53:33.520	0.98099	0.98099			6
2024.05.15	00:53:34.013	0.98098	0.98098			6
2024.05.15	00:53:34.236	0.98099	0.98099			6
2024.05.15	00:53:34.447	0.98100	0.98100			6
2024.05.15	00:53:37.638	0.98099	0.98099			6
2024.05.15	00:53:38.673	0.98100	0.98100			6
2024.05.15	00:53:39.703	0.98099	0.98099			6
2024.05.15	00:53:40.850	0.98100	0.98100			6
2024.05.15	00:53:40.971	0.98099	0.98099			6
2024.05.15	00:53:41.090	0.98100	0.98100			6
2024.05.15	00:53:42.006	0.98099	0.98099			6
2024.05.15	00:53:42.036	0.98098	0.98098			6
2024.05.15	00:53:42.126	0.98099	0.98099			6
2024.05.15	00:53:42.783	0.98100	0.98100			6
2024.05.15	00:53:42.882	0.98099	0.98099			6
2024.05.15	00:53:42.912	0.98100	0.98100			6
2024.05.15	00:53:43.522	0.98098	0.98098			6
2024.05.15	00:53:43.582	0.98099	0.98099			6
2024.05.15	00:53:44.008	0.98098	0.98098			6
2024.05.15	00:53:45.067	0.98099	0.98099			6
2024.05.15	00:53:45.613	0.98100	0.98100			6
2024.05.15	00:53:45.745	0.98099	0.98099			6
2024.05.15	00:53:46.228	0.98100	0.98100			6
2024.05.15	00:53:48.364	0.98099	0.98099			6
2024.05.15	00:53:48.394	0.98100	0.98100			6
2024.05.15	00:53:48.604	0.98099	0.98099			6
2024.05.15	00:53:48.634	0.98100	0.98100			6
2024.05.15	00:53:49.906	0.98098	0.98098			6
2024.05.15	00:53:49.936	0.98099	0.98099			6
2024.05.15	00:53:50.193	0.98100	0.98100			6
2024.05.15	00:53:50.283	0.98099	0.98099			6
2024.05.15	00:53:50.410	0.98100	0.98100			6
2024.05.15	00:53:50.440	0.98099	0.98099			6
2024.05.15	00:53:50.470	0.98098	0.98098			6
2024.05.15	00:53:50.966	0.98097	0.98097			6
2024.05.15	00:53:51.437	0.98098	0.98098			6
2024.05.15	00:53:54.781	0.98101	0.98101			6
2024.05.15	00:53:56.481	0.98100	0.98100			6
2024.05.15	00:53:56.998	0.98101	0.98101			6
2024.05.15	00:53:57.452	0.98100	0.98100			6
2024.05.15	00:53:57.581	0.98098	0.98098			6
2024.05.15	00:53:57.611	0.98100	0.98100			6
2024.05.15	00:54:00.476	0.98101	0.98101			6
2024.05.15	00:54:00.689	0.98100	0.98100			6
2024.05.15	00:54:00.778	0.98101	0.98101			6
2024.05.15	00:54:00.869	0.98100	0.98100			6
2024.05.15	00:54:01.594	0.98101	0.98101			6
2024.05.15	00:54:02.941	0.98100	0.98100			6
2024.05.15	00:54:02.971	0.98101	0.98101			6
2024.05.15	00:54:09.529	0.98102	0.98102			6
2024.05.15	00:54:10.806	0.98101	0.98101			6
2024.05.15	00:54:14.009	0.98102	0.98102			6
2024.05.15	00:54:14.519	0.98101	0.98101			6
2024.05.15	00:54:15.944	0.98100	0.98100			6
2024.05.15	00:54:15.973	0.98101	0.98101			6
2024.05.15	00:54:19.511	0.98100	0.98100			6
2024.05.15	00:54:19.572	0.98101	0.98101			6
2024.05.15	00:54:20.965	0.98099	0.98099			6
2024.05.15	00:54:21.087	0.98101	0.98101			6
2024.05.15	00:54:29.271	0.98102	0.98102			6
2024.05.15	00:54:35.627	0.98101	0.98101			6
2024.05.15	00:54:39.960	0.98100	0.98100			6
2024.05.15	00:54:41.745	0.98097	0.98097			6
2024.05.15	00:54:41.775	0.98096	0.98096			6
2024.05.15	00:54:41.805	0.98095	0.98095			6
2024.05.15	00:54:41.834	0.98094	0.98094			6
2024.05.15	00:54:41.865	0.98095	0.98095			6
2024.05.15	00:54:41.924	0.98090	0.98090			6
2024.05.15	00:54:42.024	0.98088	0.98088			6
2024.05.15	00:54:42.053	0.98089	0.98089			6
2024.05.15	00:54:42.174	0.98090	0.98090			6
2024.05.15	00:54:42.204	0.98089	0.98089			6
2024.05.15	00:54:42.326	0.98088	0.98088			6
2024.05.15	00:54:42.965	0.98089	0.98089			6
2024.05.15	00:54:43.026	0.98087	0.98087			6
2024.05.15	00:54:43.116	0.98088	0.98088			6
2024.05.15	00:54:45.194	0.98086	0.98086			6
2024.05.15	00:54:45.224	0.98082	0.98082			6
2024.05.15	00:54:45.255	0.98084	0.98084			6
2024.05.15	00:54:45.315	0.98082	0.98082			6
2024.05.15	00:54:45.345	0.98079	0.98079			6
2024.05.15	00:54:45.376	0.98080	0.98080			6
2024.05.15	00:54:45.405	0.98079	0.98079			6
2024.05.15	00:54:45.436	0.98077	0.98077			6
2024.05.15	00:54:45.465	0.98080	0.98080			6
2024.05.15	00:54:45.495	0.98085	0.98085			6
2024.05.15	00:54:45.616	0.98084	0.98084			6
2024.05.15	00:54:45.725	0.98080	0.98080			6
2024.05.15	00:54:45.755	0.98081	0.98081			6
2024.05.15	00:54:46.405	0.98080	0.98080			6
2024.05.15	00:54:46.466	0.98081	0.98081			6
2024.05.15	00:54:46.557	0.98082	0.98082			6
2024.05.15	00:54:46.588	0.98083	0.98083			6
2024.05.15	00:54:46.707	0.98081	0.98081			6
2024.05.15	00:54:46.736	0.98082	0.98082			6
2024.05.15	00:54:47.051	0.98083	0.98083			6
2024.05.15	00:54:47.373	0.98081	0.98081			6
2024.05.15	00:54:47.403	0.98082	0.98082			6
2024.05.15	00:54:47.433	0.98081	0.98081			6
2024.05.15	00:54:47.492	0.98080	0.98080			6
2024.05.15	00:54:47.523	0.98081	0.98081			6
2024.05.15	00:54:47.806	0.98083	0.98083			6
2024.05.15	00:54:47.873	0.98082	0.98082			6
2024.05.15	00:54:48.373	0.98083	0.98083			6
2024.05.15	00:54:48.544	0.98082	0.98082			6
2024.05.15	00:54:48.574	0.98083	0.98083			6
2024.05.15	00:54:49.251	0.98082	0.98082			6
2024.05.15	00:54:50.976	0.98081	0.98081			6
2024.05.15	00:55:03.766	0.98080	0.98080			6
2024.05.15	00:55:03.860	0.98081	0.98081			6
2024.05.15	00:55:03.891	0.98084	0.98084			6
2024.05.15	00:55:03.920	0.98086	0.98086			6
2024.05.15	00:55:03.980	0.98088	0.98088			6
2024.05.15	00:55:04.010	0.98087	0.98087			6
2024.05.15	00:55:04.477	0.98090	0.98090			6
2024.05.15	00:55:04.506	0.98088	0.98088			6
2024.05.15	00:55:06.781	0.98090	0.98090			6
2024.05.15	00:55:07.812	0.98092	0.98092			6
2024.05.15	00:55:07.902	0.98094	0.98094			6
2024.05.15	00:55:07.962	0.98095	0.98095			6
2024.05.15	00:55:07.994	0.98096	0.98096			6
2024.05.15	00:55:08.054	0.98095	0.98095			6
2024.05.15	00:55:08.085	0.98096	0.98096			6
2024.05.15	00:55:08.264	0.98097	0.98097			6
2024.05.15	00:55:08.324	0.98096	0.98096			6
2024.05.15	00:55:08.534	0.98097	0.98097			6
2024.05.15	00:55:08.564	0.98096	0.98096			6
2024.05.15	00:55:08.624	0.98095	0.98095			6
2024.05.15	00:55:08.806	0.98096	0.98096			6
2024.05.15	00:55:09.164	0.98097	0.98097			6
2024.05.15	00:55:09.193	0.98098	0.98098			6
2024.05.15	00:55:09.989	0.98097	0.98097			6
2024.05.15	00:55:10.378	0.98098	0.98098			6
2024.05.15	00:55:10.672	0.98096	0.98096			6
2024.05.15	00:55:11.705	0.98097	0.98097			6
2024.05.15	00:55:11.750	0.98096	0.98096			6
2024.05.15	00:55:12.363	0.98097	0.98097			6
2024.05.15	00:55:12.676	0.98096	0.98096			6
2024.05.15	00:55:13.675	0.98095	0.98095			6
2024.05.15	00:55:14.677	0.98096	0.98096			6
2024.05.15	00:55:15.673	0.98098	0.98098			6
2024.05.15	00:55:15.733	0.98099	0.98099			6
2024.05.15	00:55:15.762	0.98101	0.98101			6
2024.05.15	00:55:15.883	0.98102	0.98102			6
2024.05.15	00:55:16.045	0.98101	0.98101			6
2024.05.15	00:55:17.091	0.98102	0.98102			6
2024.05.15	00:55:18.876	0.98100	0.98100			6
2024.05.15	00:55:18.908	0.98099	0.98099			6
2024.05.15	00:55:19.087	0.98100	0.98100			6
2024.05.15	00:55:19.116	0.98099	0.98099			6
2024.05.15	00:55:19.657	0.98098	0.98098			6
2024.05.15	00:55:19.687	0.98099	0.98099			6
2024.05.15	00:55:21.413	0.98098	0.98098			6
2024.05.15	00:55:21.472	0.98099	0.98099			6
2024.05.15	00:55:23.134	0.98098	0.98098			6
2024.05.15	00:55:23.192	0.98097	0.98097			6
2024.05.15	00:55:25.566	0.98098	0.98098			6
2024.05.15	00:55:26.573	0.98097	0.98097			6
2024.05.15	00:55:31.226	0.98096	0.98096			6
2024.05.15	00:55:31.890	0.98095	0.98095			6
2024.05.15	00:55:34.023	0.98094	0.98094			6
2024.05.15	00:55:34.383	0.98095	0.98095			6
2024.05.15	00:55:42.419	0.98094	0.98094			6
2024.05.15	00:55:42.450	0.98095	0.98095			6
2024.05.15	00:55:52.059	0.98093	0.98093			6
2024.05.15	00:55:52.541	0.98092	0.98092			6
2024.05.15	00:55:52.571	0.98093	0.98093			6
2024.05.15	00:55:53.093	0.98094	0.98094			6
2024.05.15	00:55:53.335	0.98093	0.98093			6
2024.05.15	00:55:53.366	0.98094	0.98094			6
2024.05.15	00:55:53.756	0.98093	0.98093			6
2024.05.15	00:55:57.603	0.98092	0.98092			6
2024.05.15	00:55:57.635	0.98090	0.98090			6
2024.05.15	00:55:57.664	0.98093	0.98093			6
2024.05.15	00:55:57.753	0.98092	0.98092			6
2024.05.15	00:55:57.784	0.98093	0.98093			6
2024.05.15	00:55:58.251	0.98092	0.98092			6
2024.05.15	00:55:58.311	0.98093	0.98093			6
2024.05.15	00:56:01.682	0.98091	0.98091			6
2024.05.15	00:56:01.712	0.98088	0.98088			6
2024.05.15	00:56:01.752	0.98091	0.98091			6
2024.05.15	00:56:01.812	0.98088	0.98088			6
2024.05.15	00:56:01.843	0.98090	0.98090			6
2024.05.15	00:56:01.903	0.98087	0.98087			6
2024.05.15	00:56:03.301	0.98086	0.98086			6
2024.05.15	00:56:03.331	0.98090	0.98090			6
2024.05.15	00:56:03.466	0.98085	0.98085			6
2024.05.15	00:56:03.496	0.98087	0.98087			6
2024.05.15	00:56:03.525	0.98085	0.98085			6
2024.05.15	00:56:03.585	0.98084	0.98084			6
2024.05.15	00:56:03.753	0.98087	0.98087			6
2024.05.15	00:56:03.783	0.98090	0.98090			6
2024.05.15	00:56:03.875	0.98088	0.98088			6
2024.05.15	00:56:03.904	0.98084	0.98084			6
2024.05.15	00:56:03.935	0.98087	0.98087			6
2024.05.15	00:56:04.055	0.98085	0.98085			6
2024.05.15	00:56:04.085	0.98084	0.98084			6
2024.05.15	00:56:04.144	0.98086	0.98086			6
2024.05.15	00:56:04.175	0.98084	0.98084			6
2024.05.15	00:56:04.204	0.98087	0.98087			6
2024.05.15	00:56:04.235	0.98084	0.98084			6
2024.05.15	00:56:04.264	0.98087	0.98087			6
2024.05.15	00:56:04.294	0.98084	0.98084			6
2024.05.15	00:56:04.324	0.98087	0.98087			6
2024.05.15	00:56:04.355	0.98083	0.98083			6
2024.05.15	00:56:04.385	0.98085	0.98085			6
2024.05.15	00:56:04.415	0.98084	0.98084			6
2024.05.15	00:56:04.445	0.98086	0.98086			6
2024.05.15	00:56:04.475	0.98087	0.98087			6
2024.05.15	00:56:04.535	0.98085	0.98085			6
2024.05.15	00:56:04.628	0.98087	0.98087			6
2024.05.15	00:56:04.688	0.98085	0.98085			6
2024.05.15	00:56:04.719	0.98087	0.98087			6
2024.05.15	00:56:05.029	0.98086	0.98086			6
2024.05.15	00:56:05.059	0.98087	0.98087			6
2024.05.15	00:56:05.180	0.98088	0.98088			6
2024.05.15	00:56:05.210	0.98089	0.98089			6
2024.05.15	00:56:05.240	0.98088	0.98088			6
2024.05.15	00:56:05.270	0.98086	0.98086			6
2024.05.15	00:56:05.299	0.98087	0.98087			6
2024.05.15	00:56:05.329	0.98086	0.98086			6
2024.05.15	00:56:05.484	0.98088	0.98088			6
2024.05.15	00:56:05.515	0.98086	0.98086			6
2024.05.15	00:56:05.545	0.98088	0.98088			6
2024.05.15	00:56:05.575	0.98086	0.98086			6
2024.05.15	00:56:05.605	0.98087	0.98087			6
2024.05.15	00:56:05.640	0.98086	0.98086			6
2024.05.15	00:56:05.671	0.98088	0.98088			6
2024.05.15	00:56:05.730	0.98087	0.98087			6
2024.05.15	00:56:05.790	0.98086	0.98086			6
2024.05.15	00:56:05.820	0.98087	0.98087			6
2024.05.15	00:56:05.948	0.98084	0.98084			6
2024.05.15	00:56:05.979	0.98087	0.98087			6
2024.05.15	00:56:06.008	0.98084	0.98084			6
2024.05.15	00:56:06.038	0.98087	0.98087			6
2024.05.15	00:56:06.155	0.98084	0.98084			6
2024.05.15	00:56:06.185	0.98088	0.98088			6
2024.05.15	00:56:06.244	0.98087	0.98087			6
2024.05.15	00:56:06.275	0.98083	0.98083			6
2024.05.15	00:56:06.424	0.98082	0.98082			6
2024.05.15	00:56:06.485	0.98083	0.98083			6
2024.05.15	00:56:06.514	0.98082	0.98082			6
2024.05.15	00:56:06.544	0.98084	0.98084			6
2024.05.15	00:56:06.574	0.98082	0.98082			6
2024.05.15	00:56:06.604	0.98079	0.98079			6
2024.05.15	00:56:06.724	0.98076	0.98076			6
2024.05.15	00:56:06.785	0.98078	0.98078			6
2024.05.15	00:56:06.814	0.98077	0.98077			6
2024.05.15	00:56:06.845	0.98076	0.98076			6
2024.05.15	00:56:06.875	0.98075	0.98075			6
2024.05.15	00:56:06.995	0.98077	0.98077			6
2024.05.15	00:56:07.064	0.98078	0.98078			6
2024.05.15	00:56:07.093	0.98079	0.98079			6
2024.05.15	00:56:07.154	0.98078	0.98078			6
2024.05.15	00:56:07.402	0.98079	0.98079			6
2024.05.15	00:56:07.930	0.98078	0.98078			6
2024.05.15	00:56:08.555	0.98080	0.98080			6
2024.05.15	00:56:08.615	0.98079	0.98079			6
2024.05.15	00:56:08.644	0.98080	0.98080			6
2024.05.15	00:56:08.704	0.98078	0.98078			6
2024.05.15	00:56:08.775	0.98079	0.98079			6
2024.05.15	00:56:08.994	0.98080	0.98080			6
2024.05.15	00:56:11.345	0.98086	0.98086			6
2024.05.15	00:56:11.376	0.98088	0.98088			6
2024.05.15	00:56:11.585	0.98090	0.98090			6
2024.05.15	00:56:12.429	0.98091	0.98091			6
2024.05.15	00:56:12.459	0.98089	0.98089			6
2024.05.15	00:56:15.802	0.98093	0.98093			6
2024.05.15	00:56:15.832	0.98095	0.98095			6
2024.05.15	00:56:17.150	0.98094	0.98094			6
2024.05.15	00:56:17.181	0.98088	0.98088			6
2024.05.15	00:56:18.290	0.98087	0.98087			6
2024.05.15	00:56:18.413	0.98088	0.98088			6
2024.05.15	00:56:18.444	0.98093	0.98093			6
2024.05.15	00:56:18.535	0.98094	0.98094			6
2024.05.15	00:56:20.807	0.98086	0.98086			6
2024.05.15	00:56:20.836	0.98092	0.98092			6
2024.05.15	00:56:20.896	0.98091	0.98091			6
2024.05.15	00:56:20.927	0.98092	0.98092			6
2024.05.15	00:56:20.957	0.98091	0.98091			6
2024.05.15	00:56:21.136	0.98092	0.98092			6
2024.05.15	00:56:21.166	0.98091	0.98091			6
2024.05.15	00:56:22.235	0.98092	0.98092			6
2024.05.15	00:56:22.294	0.98091	0.98091			6
2024.05.15	00:56:22.325	0.98090	0.98090			6
2024.05.15	00:56:22.456	0.98091	0.98091			6
2024.05.15	00:56:22.515	0.98088	0.98088			6
2024.05.15	00:56:22.546	0.98091	0.98091			6
2024.05.15	00:56:22.606	0.98089	0.98089			6
2024.05.15	00:56:22.725	0.98090	0.98090			6
2024.05.15	00:56:22.785	0.98091	0.98091			6
2024.05.15	00:56:22.816	0.98090	0.98090			6
2024.05.15	00:56:23.775	0.98091	0.98091			6
2024.05.15	00:56:23.805	0.98090	0.98090			6
2024.05.15	00:56:23.835	0.98091	0.98091			6
2024.05.15	00:56:23.895	0.98090	0.98090			6
2024.05.15	00:56:23.985	0.98091	0.98091			6
2024.05.15	00:56:24.016	0.98090	0.98090			6
2024.05.15	00:56:24.045	0.98091	0.98091			6
2024.05.15	00:56:24.076	0.98090	0.98090			6
2024.05.15	00:56:24.213	0.98091	0.98091			6
2024.05.15	00:56:24.272	0.98089	0.98089			6
2024.05.15	00:56:24.364	0.98090	0.98090			6
2024.05.15	00:56:24.424	0.98089	0.98089			6
2024.05.15	00:56:24.762	0.98090	0.98090			6
2024.05.15	00:56:25.062	0.98089	0.98089			6
2024.05.15	00:56:25.092	0.98086	0.98086			6
2024.05.15	00:56:25.181	0.98088	0.98088			6
2024.05.15	00:56:25.212	0.98086	0.98086			6
2024.05.15	00:56:25.242	0.98087	0.98087			6
2024.05.15	00:56:25.362	0.98086	0.98086			6
2024.05.15	00:56:25.392	0.98085	0.98085			6
2024.05.15	00:56:25.422	0.98087	0.98087			6
2024.05.15	00:56:25.675	0.98086	0.98086			6
2024.05.15	00:56:26.070	0.98087	0.98087			6
2024.05.15	00:56:26.396	0.98086	0.98086			6
2024.05.15	00:56:26.825	0.98087	0.98087			6
2024.05.15	00:56:26.915	0.98086	0.98086			6
2024.05.15	00:56:26.945	0.98088	0.98088			6
2024.05.15	00:56:27.241	0.98090	0.98090			6
2024.05.15	00:56:27.301	0.98091	0.98091			6
2024.05.15	00:56:27.332	0.98088	0.98088			6
2024.05.15	00:56:27.363	0.98085	0.98085			6
2024.05.15	00:56:27.392	0.98086	0.98086			6
2024.05.15	00:56:27.464	0.98087	0.98087			6
2024.05.15	00:56:27.779	0.98086	0.98086			6
2024.05.15	00:56:27.809	0.98087	0.98087			6
2024.05.15	00:56:27.902	0.98086	0.98086			6
2024.05.15	00:56:27.933	0.98089	0.98089			6
2024.05.15	00:56:27.962	0.98086	0.98086			6
2024.05.15	00:56:28.273	0.98089	0.98089			6
2024.05.15	00:56:28.302	0.98087	0.98087			6
2024.05.15	00:56:28.362	0.98089	0.98089			6
2024.05.15	00:56:28.459	0.98088	0.98088			6
2024.05.15	00:56:28.638	0.98086	0.98086			6
2024.05.15	00:56:28.916	0.98087	0.98087			6
2024.05.15	00:56:28.976	0.98091	0.98091			6
2024.05.15	00:56:29.006	0.98090	0.98090			6
2024.05.15	00:56:29.075	0.98089	0.98089			6
2024.05.15	00:56:29.105	0.98090	0.98090			6
2024.05.15	00:56:29.267	0.98089	0.98089			6
2024.05.15	00:56:29.327	0.98088	0.98088			6
2024.05.15	00:56:29.386	0.98089	0.98089			6
2024.05.15	00:56:29.416	0.98088	0.98088			6
2024.05.15	00:56:30.075	0.98089	0.98089			6
2024.05.15	00:56:30.105	0.98088	0.98088			6
2024.05.15	00:56:30.301	0.98090	0.98090			6
2024.05.15	00:56:30.331	0.98091	0.98091			6
2024.05.15	00:56:30.451	0.98090	0.98090			6
2024.05.15	00:56:30.543	0.98088	0.98088			6
2024.05.15	00:56:32.179	0.98090	0.98090			6
2024.05.15	00:56:32.247	0.98088	0.98088			6
2024.05.15	00:56:32.430	0.98089	0.98089			6
2024.05.15	00:56:32.460	0.98091	0.98091			6
2024.05.15	00:56:32.490	0.98090	0.98090			6
2024.05.15	00:56:32.549	0.98091	0.98091			6
2024.05.15	00:56:32.699	0.98089	0.98089			6
2024.05.15	00:56:32.913	0.98090	0.98090			6
2024.05.15	00:56:33.083	0.98089	0.98089			6
2024.05.15	00:56:33.114	0.98090	0.98090			6
2024.05.15	00:56:33.390	0.98089	0.98089			6
2024.05.15	00:56:33.532	0.98087	0.98087			6
2024.05.15	00:56:33.561	0.98089	0.98089			6
2024.05.15	00:56:33.622	0.98090	0.98090			6
2024.05.15	00:56:33.653	0.98089	0.98089			6
2024.05.15	00:56:33.923	0.98087	0.98087			6
2024.05.15	00:56:33.983	0.98086	0.98086			6
2024.05.15	00:56:34.013	0.98089	0.98089			6
2024.05.15	00:56:34.104	0.98090	0.98090			6
2024.05.15	00:56:34.193	0.98089	0.98089			6
2024.05.15	00:56:34.253	0.98090	0.98090			6
2024.05.15	00:56:34.584	0.98089	0.98089			6
2024.05.15	00:56:34.644	0.98090	0.98090			6
2024.05.15	00:56:34.884	0.98089	0.98089			6
2024.05.15	00:56:34.913	0.98090	0.98090			6
2024.05.15	00:56:35.133	0.98088	0.98088			6
2024.05.15	00:56:35.283	0.98090	0.98090			6
2024.05.15	00:56:35.436	0.98088	0.98088			6
2024.05.15	00:56:35.528	0.98090	0.98090			6
2024.05.15	00:56:35.585	0.98089	0.98089			6
2024.05.15	00:56:35.616	0.98088	0.98088			6
2024.05.15	00:56:36.053	0.98090	0.98090			6
2024.05.15	00:56:38.190	0.98089	0.98089			6
2024.05.15	00:56:38.221	0.98088	0.98088			6
2024.05.15	00:56:38.251	0.98089	0.98089			6
2024.05.15	00:56:38.355	0.98090	0.98090			6
2024.05.15	00:56:38.672	0.98089	0.98089			6
2024.05.15	00:56:39.088	0.98087	0.98087			6
2024.05.15	00:56:39.117	0.98082	0.98082			6
2024.05.15	00:56:39.237	0.98083	0.98083			6
2024.05.15	00:56:39.306	0.98081	0.98081			6
2024.05.15	00:56:39.463	0.98080	0.98080			6
2024.05.15	00:56:40.428	0.98079	0.98079			6
2024.05.15	00:56:40.706	0.98078	0.98078			6
2024.05.15	00:56:40.744	0.98079	0.98079			6
2024.05.15	00:56:41.330	0.98077	0.98077			6
2024.05.15	00:56:42.081	0.98078	0.98078			6
2024.05.15	00:56:43.791	0.98077	0.98077			6
2024.05.15	00:56:43.853	0.98082	0.98082			6
2024.05.15	00:56:44.212	0.98081	0.98081			6
2024.05.15	00:56:44.243	0.98082	0.98082			6
2024.05.15	00:56:46.400	0.98081	0.98081			6
2024.05.15	00:56:47.100	0.98080	0.98080			6
2024.05.15	00:56:47.237	0.98078	0.98078			6
2024.05.15	00:56:47.296	0.98080	0.98080			6
2024.05.15	00:56:47.759	0.98078	0.98078			6
2024.05.15	00:56:47.818	0.98077	0.98077			6
2024.05.15	00:56:47.864	0.98080	0.98080			6
2024.05.15	00:56:47.933	0.98078	0.98078			6
2024.05.15	00:56:47.964	0.98080	0.98080			6
2024.05.15	00:56:47.993	0.98078	0.98078			6
2024.05.15	00:56:48.068	0.98082	0.98082			6
2024.05.15	00:56:48.129	0.98081	0.98081			6
2024.05.15	00:56:48.265	0.98082	0.98082			6
2024.05.15	00:56:48.296	0.98081	0.98081			6
2024.05.15	00:56:48.565	0.98083	0.98083			6
2024.05.15	00:56:48.595	0.98088	0.98088			6
2024.05.15	00:56:48.625	0.98091	0.98091			6
2024.05.15	00:56:48.776	0.98090	0.98090			6
2024.05.15	00:56:48.806	0.98091	0.98091			6
2024.05.15	00:56:48.835	0.98089	0.98089			6
2024.05.15	00:56:48.865	0.98090	0.98090			6
2024.05.15	00:56:48.896	0.98084	0.98084			6
2024.05.15	00:56:48.925	0.98082	0.98082			6
2024.05.15	00:56:48.956	0.98081	0.98081			6
2024.05.15	00:56:49.417	0.98082	0.98082			6
2024.05.15	00:56:49.447	0.98084	0.98084			6
2024.05.15	00:56:49.508	0.98083	0.98083			6
2024.05.15	00:56:49.687	0.98089	0.98089			6
2024.05.15	00:56:49.718	0.98088	0.98088			6
2024.05.15	00:56:49.982	0.98087	0.98087			6
2024.05.15	00:56:50.012	0.98088	0.98088			6
2024.05.15	00:56:50.243	0.98087	0.98087			6
2024.05.15	00:56:50.273	0.98088	0.98088			6
2024.05.15	00:56:50.952	0.98090	0.98090			6
2024.05.15	00:56:51.577	0.98091	0.98091			6
2024.05.15	00:56:51.683	0.98092	0.98092			6
2024.05.15	00:56:51.713	0.98096	0.98096			6
2024.05.15	00:56:52.409	0.98095	0.98095			6
2024.05.15	00:56:52.715	0.98094	0.98094			6
2024.05.15	00:56:52.805	0.98095	0.98095			6
2024.05.15	00:56:53.212	0.98093	0.98093			6
2024.05.15	00:56:53.716	0.98094	0.98094			6
2024.05.15	00:56:53.806	0.98095	0.98095			6
2024.05.15	00:56:53.837	0.98094	0.98094			6
2024.05.15	00:56:53.935	0.98093	0.98093			6
2024.05.15	00:56:54.604	0.98094	0.98094			6
2024.05.15	00:56:55.028	0.98093	0.98093			6
2024.05.15	00:56:55.059	0.98094	0.98094			6
2024.05.15	00:56:55.088	0.98095	0.98095			6
2024.05.15	00:56:55.276	0.98094	0.98094			6
2024.05.15	00:56:55.305	0.98095	0.98095			6
2024.05.15	00:56:55.335	0.98094	0.98094			6
2024.05.15	00:56:55.425	0.98095	0.98095			6
2024.05.15	00:56:55.455	0.98094	0.98094			6
2024.05.15	00:56:55.485	0.98095	0.98095			6
2024.05.15	00:56:55.548	0.98094	0.98094			6
2024.05.15	00:56:55.636	0.98095	0.98095			6
2024.05.15	00:56:56.271	0.98094	0.98094			6
2024.05.15	00:56:56.301	0.98095	0.98095			6
2024.05.15	00:56:56.482	0.98094	0.98094			6
2024.05.15	00:56:56.694	0.98093	0.98093			6
2024.05.15	00:56:57.207	0.98095	0.98095			6
2024.05.15	00:56:57.627	0.98093	0.98093			6
2024.05.15	00:56:57.808	0.98094	0.98094			6
2024.05.15	00:56:58.478	0.98093	0.98093			6
2024.05.15	00:56:58.569	0.98094	0.98094			6
2024.05.15	00:56:58.858	0.98095	0.98095			6
2024.05.15	00:56:59.224	0.98094	0.98094			6
2024.05.15	00:56:59.710	0.98095	0.98095			6
2024.05.15	00:57:00.160	0.98094	0.98094			6
2024.05.15	00:57:00.495	0.98095	0.98095			6
2024.05.15	00:57:00.525	0.98094	0.98094			6
2024.05.15	00:57:00.556	0.98093	0.98093			6
2024.05.15	00:57:00.615	0.98095	0.98095			6
2024.05.15	00:57:00.946	0.98093	0.98093			6
2024.05.15	00:57:01.198	0.98094	0.98094			6
2024.05.15	00:57:01.667	0.98090	0.98090			6
2024.05.15	00:57:01.907	0.98089	0.98089			6
2024.05.15	00:57:01.937	0.98090	0.98090			6
2024.05.15	00:57:02.057	0.98089	0.98089			6
2024.05.15	00:57:02.117	0.98090	0.98090			6
2024.05.15	00:57:02.360	0.98089	0.98089			6
2024.05.15	00:57:02.390	0.98090	0.98090			6
2024.05.15	00:57:03.938	0.98093	0.98093			6
2024.05.15	00:57:03.969	0.98090	0.98090			6
2024.05.15	00:57:04.359	0.98093	0.98093			6
2024.05.15	00:57:04.539	0.98091	0.98091			6
2024.05.15	00:57:05.707	0.98090	0.98090			6
2024.05.15	00:57:05.826	0.98091	0.98091			6
2024.05.15	00:57:06.021	0.98090	0.98090			6
2024.05.15	00:57:07.074	0.98091	0.98091			6
2024.05.15	00:57:07.302	0.98090	0.98090			6
2024.05.15	00:57:07.332	0.98091	0.98091			6
2024.05.15	00:57:07.480	0.98090	0.98090			6
2024.05.15	00:57:07.511	0.98091	0.98091			6
2024.05.15	00:57:07.572	0.98090	0.98090			6
2024.05.15	00:57:07.730	0.98091	0.98091			6
2024.05.15	00:57:07.759	0.98090	0.98090			6
2024.05.15	00:57:08.008	0.98091	0.98091			6
2024.05.15	00:57:12.159	0.98090	0.98090			6
2024.05.15	00:57:12.259	0.98091	0.98091			6
2024.05.15	00:57:15.476	0.98092	0.98092			6
2024.05.15	00:57:15.625	0.98091	0.98091			6
2024.05.15	00:57:15.835	0.98092	0.98092			6
2024.05.15	00:57:17.561	0.98084	0.98084			6
2024.05.15	00:57:17.590	0.98090	0.98090			6
2024.05.15	00:57:17.681	0.98087	0.98087			6
2024.05.15	00:57:17.712	0.98083	0.98083			6
2024.05.15	00:57:18.388	0.98082	0.98082			6
2024.05.15	00:57:18.736	0.98081	0.98081			6
2024.05.15	00:57:18.968	0.98088	0.98088			6
2024.05.15	00:57:18.997	0.98089	0.98089			6
2024.05.15	00:57:19.027	0.98091	0.98091			6
2024.05.15	00:57:19.147	0.98092	0.98092			6
2024.05.15	00:57:20.629	0.98091	0.98091			6
2024.05.15	00:57:21.156	0.98092	0.98092			6
2024.05.15	00:57:21.245	0.98093	0.98093			6
2024.05.15	00:57:22.077	0.98092	0.98092			6
2024.05.15	00:57:27.069	0.98095	0.98095			6
2024.05.15	00:57:27.161	0.98096	0.98096			6
2024.05.15	00:57:27.303	0.98095	0.98095			6
2024.05.15	00:57:27.363	0.98081	0.98081			6
2024.05.15	00:57:27.393	0.98083	0.98083			6
2024.05.15	00:57:27.423	0.98091	0.98091			6
2024.05.15	00:57:27.453	0.98090	0.98090			6
2024.05.15	00:57:27.483	0.98088	0.98088			6
2024.05.15	00:57:27.514	0.98081	0.98081			6
2024.05.15	00:57:27.752	0.98084	0.98084			6
2024.05.15	00:57:27.907	0.98083	0.98083			6
2024.05.15	00:57:28.414	0.98082	0.98082			6
2024.05.15	00:57:28.652	0.98081	0.98081			6
2024.05.15	00:57:28.741	0.98090	0.98090			6
2024.05.15	00:57:28.771	0.98092	0.98092			6
2024.05.15	00:57:28.844	0.98096	0.98096			6
2024.05.15	00:57:30.875	0.98095	0.98095			6
2024.05.15	00:57:34.829	0.98094	0.98094			6
2024.05.15	00:57:37.958	0.98093	0.98093			6
2024.05.15	00:57:48.802	0.98094	0.98094			6
2024.05.15	00:57:49.276	0.98096	0.98096			6
2024.05.15	00:57:51.355	0.98095	0.98095			6
2024.05.15	00:57:51.385	0.98096	0.98096			6
2024.05.15	00:57:53.751	0.98095	0.98095			6
2024.05.15	00:57:56.750	0.98094	0.98094			6
2024.05.15	00:57:56.993	0.98088	0.98088			6
2024.05.15	00:57:57.023	0.98079	0.98079			6
2024.05.15	00:57:57.055	0.98080	0.98080			6
2024.05.15	00:57:57.174	0.98079	0.98079			6
2024.05.15	00:57:57.204	0.98082	0.98082			6
2024.05.15	00:57:57.234	0.98079	0.98079			6
2024.05.15	00:57:57.294	0.98081	0.98081			6
2024.05.15	00:57:57.324	0.98079	0.98079			6
2024.05.15	00:57:57.413	0.98081	0.98081			6
2024.05.15	00:57:57.833	0.98080	0.98080			6
2024.05.15	00:57:58.013	0.98078	0.98078			6
2024.05.15	00:57:58.193	0.98077	0.98077			6
2024.05.15	00:57:58.253	0.98081	0.98081			6
2024.05.15	00:57:58.314	0.98082	0.98082			6
2024.05.15	00:57:58.343	0.98090	0.98090			6
2024.05.15	00:57:58.372	0.98092	0.98092			6
2024.05.15	00:57:59.888	0.98091	0.98091			6
2024.05.15	00:57:59.918	0.98092	0.98092			6
2024.05.15	00:57:59.948	0.98091	0.98091			6
2024.05.15	00:58:01.019	0.98090	0.98090			6
2024.05.15	00:58:01.358	0.98089	0.98089			6
2024.05.15	00:58:01.974	0.98090	0.98090			6
2024.05.15	00:58:03.090	0.98088	0.98088			6
2024.05.15	00:58:03.268	0.98089	0.98089			6
2024.05.15	00:58:03.980	0.98087	0.98087			6
2024.05.15	00:58:04.010	0.98080	0.98080			6
2024.05.15	00:58:06.780	0.98081	0.98081			6
2024.05.15	00:58:08.450	0.98080	0.98080			6
2024.05.15	00:58:09.990	0.98075	0.98075			6
2024.05.15	00:58:10.282	0.98076	0.98076			6
2024.05.15	00:58:11.620	0.98079	0.98079			6
2024.05.15	00:58:11.650	0.98089	0.98089			6
2024.05.15	00:58:11.711	0.98090	0.98090			6
2024.05.15	00:58:11.741	0.98091	0.98091			6
2024.05.15	00:58:12.816	0.98089	0.98089			6
2024.05.15	00:58:13.103	0.98086	0.98086			6
2024.05.15	00:58:13.312	0.98087	0.98087			6
2024.05.15	00:58:13.482	0.98086	0.98086			6
2024.05.15	00:58:13.512	0.98088	0.98088			6
2024.05.15	00:58:13.541	0.98093	0.98093			6
2024.05.15	00:58:14.764	0.98092	0.98092			6
2024.05.15	00:58:16.614	0.98093	0.98093			6
2024.05.15	00:58:19.605	0.98092	0.98092			6
2024.05.15	00:58:21.919	0.98095	0.98095			6
2024.05.15	00:58:25.135	0.98091	0.98091			6
2024.05.15	00:58:25.165	0.98092	0.98092			6
2024.05.15	00:58:25.316	0.98096	0.98096			6
2024.05.15	00:58:25.345	0.98097	0.98097			6
2024.05.15	00:58:25.377	0.98096	0.98096			6
2024.05.15	00:58:25.467	0.98097	0.98097			6
2024.05.15	00:58:25.587	0.98096	0.98096			6
2024.05.15	00:58:25.617	0.98095	0.98095			6
2024.05.15	00:58:25.707	0.98094	0.98094			6
2024.05.15	00:58:25.737	0.98095	0.98095			6
2024.05.15	00:58:26.233	0.98094	0.98094			6
2024.05.15	00:58:26.323	0.98095	0.98095			6
2024.05.15	00:58:26.676	0.98094	0.98094			6
2024.05.15	00:58:27.250	0.98095	0.98095			6
2024.05.15	00:58:27.280	0.98091	0.98091			6
2024.05.15	00:58:28.210	0.98090	0.98090			6
2024.05.15	00:58:28.240	0.98093	0.98093			6
2024.05.15	00:58:29.255	0.98090	0.98090			6
2024.05.15	00:58:31.582	0.98089	0.98089			6
2024.05.15	00:58:31.843	0.98094	0.98094			6
2024.05.15	00:58:31.873	0.98093	0.98093			6
2024.05.15	00:58:31.903	0.98094	0.98094			6
2024.05.15	00:58:31.932	0.98092	0.98092			6
2024.05.15	00:58:31.963	0.98093	0.98093			6
2024.05.15	00:58:31.993	0.98094	0.98094			6
2024.05.15	00:58:32.052	0.98093	0.98093			6
2024.05.15	00:58:32.083	0.98092	0.98092			6
2024.05.15	00:58:32.112	0.98094	0.98094			6
2024.05.15	00:58:32.173	0.98093	0.98093			6
2024.05.15	00:58:33.151	0.98091	0.98091			6
2024.05.15	00:58:33.182	0.98093	0.98093			6
2024.05.15	00:58:33.241	0.98094	0.98094			6
2024.05.15	00:58:33.432	0.98093	0.98093			6
2024.05.15	00:58:34.071	0.98090	0.98090			6
2024.05.15	00:58:34.758	0.98088	0.98088			6
2024.05.15	00:58:35.052	0.98094	0.98094			6
2024.05.15	00:58:35.082	0.98093	0.98093			6
2024.05.15	00:58:35.112	0.98092	0.98092			6
2024.05.15	00:58:35.173	0.98094	0.98094			6
2024.05.15	00:58:35.233	0.98095	0.98095			6
2024.05.15	00:58:35.263	0.98093	0.98093			6
2024.05.15	00:58:35.762	0.98092	0.98092			6
2024.05.15	00:58:36.315	0.98091	0.98091			6
2024.05.15	00:58:36.591	0.98089	0.98089			6
2024.05.15	00:58:41.119	0.98093	0.98093			6
2024.05.15	00:58:41.149	0.98094	0.98094			6
2024.05.15	00:58:41.180	0.98093	0.98093			6
2024.05.15	00:58:41.209	0.98095	0.98095			6
2024.05.15	00:58:41.240	0.98093	0.98093			6
2024.05.15	00:58:41.270	0.98092	0.98092			6
2024.05.15	00:58:41.300	0.98094	0.98094			6
2024.05.15	00:58:41.330	0.98093	0.98093			6
2024.05.15	00:58:41.779	0.98092	0.98092			6
2024.05.15	00:58:41.808	0.98090	0.98090			6
2024.05.15	00:58:41.838	0.98094	0.98094			6
2024.05.15	00:58:41.867	0.98093	0.98093			6
2024.05.15	00:58:42.323	0.98092	0.98092			6
2024.05.15	00:58:42.815	0.98093	0.98093			6
2024.05.15	00:58:42.845	0.98090	0.98090			6
2024.05.15	00:58:42.903	0.98094	0.98094			6
2024.05.15	00:58:42.964	0.98093	0.98093			6
2024.05.15	00:58:42.994	0.98092	0.98092			6
2024.05.15	00:58:43.476	0.98091	0.98091			6
2024.05.15	00:58:43.625	0.98093	0.98093			6
2024.05.15	00:58:43.686	0.98092	0.98092			6
2024.05.15	00:58:43.746	0.98093	0.98093			6
2024.05.15	00:58:43.776	0.98091	0.98091			6
2024.05.15	00:58:43.807	0.98092	0.98092			6
2024.05.15	00:58:43.837	0.98091	0.98091			6
2024.05.15	00:58:43.867	0.98093	0.98093			6
2024.05.15	00:58:44.016	0.98092	0.98092			6
2024.05.15	00:58:44.227	0.98093	0.98093			6
2024.05.15	00:58:44.376	0.98091	0.98091			6
2024.05.15	00:58:44.406	0.98093	0.98093			6
2024.05.15	00:58:44.436	0.98092	0.98092			6
2024.05.15	00:58:44.466	0.98093	0.98093			6
2024.05.15	00:58:44.496	0.98092	0.98092			6
2024.05.15	00:58:44.587	0.98093	0.98093			6
2024.05.15	00:58:44.713	0.98094	0.98094			6
2024.05.15	00:58:44.772	0.98093	0.98093			6
2024.05.15	00:58:44.832	0.98095	0.98095			6
2024.05.15	00:58:44.862	0.98094	0.98094			6
2024.05.15	00:58:44.923	0.98095	0.98095			6
2024.05.15	00:58:44.953	0.98094	0.98094			6
2024.05.15	00:58:45.014	0.98095	0.98095			6
2024.05.15	00:58:45.073	0.98093	0.98093			6
2024.05.15	00:58:45.163	0.98094	0.98094			6
2024.05.15	00:58:45.223	0.98095	0.98095			6
2024.05.15	00:58:45.252	0.98094	0.98094			6
2024.05.15	00:58:45.314	0.98095	0.98095			6
2024.05.15	00:58:45.344	0.98094	0.98094			6
2024.05.15	00:58:45.373	0.98093	0.98093			6
2024.05.15	00:58:45.403	0.98095	0.98095			6
2024.05.15	00:58:45.494	0.98094	0.98094			6
2024.05.15	00:58:45.524	0.98095	0.98095			6
2024.05.15	00:58:45.585	0.98094	0.98094			6
2024.05.15	00:58:45.675	0.98093	0.98093			6
2024.05.15	00:58:45.705	0.98095	0.98095			6
2024.05.15	00:58:45.735	0.98093	0.98093			6
2024.05.15	00:58:45.794	0.98095	0.98095			6
2024.05.15	00:58:45.928	0.98093	0.98093			6
2024.05.15	00:58:46.004	0.98095	0.98095			6
2024.05.15	00:58:46.035	0.98094	0.98094			6
2024.05.15	00:58:46.064	0.98095	0.98095			6
2024.05.15	00:58:46.124	0.98093	0.98093			6
2024.05.15	00:58:46.244	0.98094	0.98094			6
2024.05.15	00:58:46.420	0.98092	0.98092			6
2024.05.15	00:58:46.480	0.98093	0.98093			6
2024.05.15	00:58:46.570	0.98094	0.98094			6
2024.05.15	00:58:46.629	0.98092	0.98092			6
2024.05.15	00:58:46.660	0.98093	0.98093			6
2024.05.15	00:58:46.867	0.98092	0.98092			6
2024.05.15	00:58:46.928	0.98094	0.98094			6
2024.05.15	00:58:46.958	0.98093	0.98093			6
2024.05.15	00:58:47.047	0.98094	0.98094			6
2024.05.15	00:58:47.107	0.98093	0.98093			6
2024.05.15	00:58:47.138	0.98092	0.98092			6
2024.05.15	00:58:47.374	0.98091	0.98091			6
2024.05.15	00:58:47.434	0.98093	0.98093			6
2024.05.15	00:58:47.524	0.98094	0.98094			6
2024.05.15	00:58:47.584	0.98093	0.98093			6
2024.05.15	00:58:47.813	0.98092	0.98092			6
2024.05.15	00:58:47.843	0.98094	0.98094			6
2024.05.15	00:58:47.872	0.98093	0.98093			6
2024.05.15	00:58:47.934	0.98094	0.98094			6
2024.05.15	00:58:48.206	0.98093	0.98093			6
2024.05.15	00:58:48.297	0.98094	0.98094			6
2024.05.15	00:58:48.416	0.98093	0.98093			6
2024.05.15	00:58:48.506	0.98094	0.98094			6
2024.05.15	00:58:48.635	0.98093	0.98093			6
2024.05.15	00:58:49.129	0.98091	0.98091			6
2024.05.15	00:58:50.641	0.98090	0.98090			6
2024.05.15	00:58:51.254	0.98083	0.98083			6
2024.05.15	00:58:53.843	0.98091	0.98091			6
2024.05.15	00:58:53.934	0.98092	0.98092			6
2024.05.15	00:58:54.927	0.98091	0.98091			6
2024.05.15	00:58:56.173	0.98092	0.98092			6
2024.05.15	00:58:56.204	0.98093	0.98093			6
2024.05.15	00:58:56.237	0.98094	0.98094			6
2024.05.15	00:58:56.397	0.98095	0.98095			6
2024.05.15	00:58:57.669	0.98094	0.98094			6
2024.05.15	00:59:00.036	0.98093	0.98093			6
2024.05.15	00:59:00.072	0.98092	0.98092			6
2024.05.15	00:59:00.102	0.98093	0.98093			6
2024.05.15	00:59:00.192	0.98094	0.98094			6
2024.05.15	00:59:00.282	0.98095	0.98095			6
2024.05.15	00:59:00.602	0.98094	0.98094			6
2024.05.15	00:59:00.729	0.98095	0.98095			6
2024.05.15	00:59:00.849	0.98094	0.98094			6
2024.05.15	00:59:00.880	0.98093	0.98093			6
2024.05.15	00:59:00.909	0.98094	0.98094			6
2024.05.15	00:59:01.157	0.98093	0.98093			6
2024.05.15	00:59:04.096	0.98092	0.98092			6
2024.05.15	00:59:04.126	0.98093	0.98093			6
2024.05.15	00:59:04.807	0.98092	0.98092			6
2024.05.15	00:59:05.141	0.98093	0.98093			6
2024.05.15	00:59:05.650	0.98092	0.98092			6
2024.05.15	00:59:05.679	0.98093	0.98093			6
2024.05.15	00:59:06.556	0.98092	0.98092			6
2024.05.15	00:59:06.645	0.98091	0.98091			6
2024.05.15	00:59:06.675	0.98092	0.98092			6
2024.05.15	00:59:06.790	0.98093	0.98093			6
2024.05.15	00:59:07.001	0.98092	0.98092			6
2024.05.15	00:59:07.062	0.98093	0.98093			6
2024.05.15	00:59:07.183	0.98092	0.98092			6
2024.05.15	00:59:07.272	0.98093	0.98093			6
2024.05.15	00:59:08.034	0.98092	0.98092			6
2024.05.15	00:59:08.377	0.98093	0.98093			6
2024.05.15	00:59:08.568	0.98092	0.98092			6
2024.05.15	00:59:08.629	0.98093	0.98093			6
2024.05.15	00:59:10.201	0.98092	0.98092			6
2024.05.15	00:59:10.411	0.98093	0.98093			6
2024.05.15	00:59:10.532	0.98092	0.98092			6
2024.05.15	00:59:10.562	0.98093	0.98093			6
2024.05.15	00:59:10.681	0.98092	0.98092			6
2024.05.15	00:59:10.771	0.98093	0.98093			6
2024.05.15	00:59:11.102	0.98094	0.98094			6
2024.05.15	00:59:11.248	0.98093	0.98093			6
2024.05.15	00:59:11.278	0.98092	0.98092			6
2024.05.15	00:59:11.308	0.98093	0.98093			6
2024.05.15	00:59:11.337	0.98092	0.98092			6
2024.05.15	00:59:11.367	0.98093	0.98093			6
2024.05.15	00:59:11.397	0.98092	0.98092			6
2024.05.15	00:59:11.427	0.98093	0.98093			6
2024.05.15	00:59:12.218	0.98092	0.98092			6
2024.05.15	00:59:12.766	0.98093	0.98093			6
2024.05.15	00:59:13.025	0.98092	0.98092			6
2024.05.15	00:59:13.056	0.98093	0.98093			6
2024.05.15	00:59:13.182	0.98092	0.98092			6
2024.05.15	00:59:13.212	0.98093	0.98093			6
2024.05.15	00:59:13.565	0.98092	0.98092			6
2024.05.15	00:59:13.655	0.98093	0.98093			6
2024.05.15	00:59:13.745	0.98092	0.98092			6
2024.05.15	00:59:13.987	0.98093	0.98093			6
2024.05.15	00:59:14.140	0.98092	0.98092			6
2024.05.15	00:59:15.153	0.98093	0.98093			6
2024.05.15	00:59:15.229	0.98092	0.98092			6
2024.05.15	00:59:15.475	0.98093	0.98093			6
2024.05.15	00:59:16.215	0.98089	0.98089			6
2024.05.15	00:59:16.305	0.98090	0.98090			6
2024.05.15	00:59:16.481	0.98092	0.98092			6
2024.05.15	00:59:16.511	0.98091	0.98091			6
2024.05.15	00:59:16.572	0.98089	0.98089			6
2024.05.15	00:59:16.602	0.98087	0.98087			6
2024.05.15	00:59:16.661	0.98086	0.98086			6
2024.05.15	00:59:18.961	0.98085	0.98085			6
2024.05.15	00:59:19.110	0.98086	0.98086			6
2024.05.15	00:59:19.233	0.98081	0.98081			6
2024.05.15	00:59:19.263	0.98086	0.98086			6
2024.05.15	00:59:19.293	0.98085	0.98085			6
2024.05.15	00:59:19.796	0.98084	0.98084			6
2024.05.15	00:59:19.825	0.98086	0.98086			6
2024.05.15	00:59:19.855	0.98084	0.98084			6
2024.05.15	00:59:19.916	0.98080	0.98080			6
2024.05.15	00:59:19.945	0.98084	0.98084			6
2024.05.15	00:59:20.005	0.98082	0.98082			6
2024.05.15	00:59:20.035	0.98084	0.98084			6
2024.05.15	00:59:20.719	0.98082	0.98082			6
2024.05.15	00:59:20.899	0.98086	0.98086			6
2024.05.15	00:59:21.111	0.98083	0.98083			6
2024.05.15	00:59:21.291	0.98081	0.98081			6
2024.05.15	00:59:21.381	0.98084	0.98084			6
2024.05.15	00:59:22.465	0.98086	0.98086			6
2024.05.15	00:59:24.060	0.98082	0.98082			6
2024.05.15	00:59:24.091	0.98084	0.98084			6
2024.05.15	00:59:25.365	0.98086	0.98086			6
2024.05.15	00:59:26.112	0.98084	0.98084			6
2024.05.15	00:59:26.601	0.98086	0.98086			6
2024.05.15	00:59:27.894	0.98085	0.98085			6
2024.05.15	00:59:28.194	0.98086	0.98086			6
2024.05.15	00:59:29.265	0.98084	0.98084			6
2024.05.15	00:59:29.925	0.98086	0.98086			6
2024.05.15	00:59:30.299	0.98085	0.98085			6
2024.05.15	00:59:31.644	0.98086	0.98086			6
2024.05.15	00:59:31.703	0.98083	0.98083			6
2024.05.15	00:59:31.857	0.98086	0.98086			6
2024.05.15	00:59:34.692	0.98087	0.98087			6
2024.05.15	00:59:35.180	0.98088	0.98088			6
2024.05.15	00:59:35.557	0.98089	0.98089			6
2024.05.15	00:59:35.616	0.98084	0.98084			6
2024.05.15	00:59:35.646	0.98091	0.98091			6
2024.05.15	00:59:35.708	0.98084	0.98084			6
2024.05.15	00:59:35.738	0.98091	0.98091			6
2024.05.15	00:59:35.768	0.98092	0.98092			6
2024.05.15	00:59:35.797	0.98084	0.98084			6
2024.05.15	00:59:37.065	0.98085	0.98085			6
2024.05.15	00:59:37.095	0.98092	0.98092			6
2024.05.15	00:59:37.849	0.98091	0.98091			6
2024.05.15	00:59:38.270	0.98089	0.98089			6
2024.05.15	00:59:38.301	0.98092	0.98092			6
2024.05.15	00:59:38.360	0.98083	0.98083			6
2024.05.15	00:59:39.543	0.98092	0.98092			6
2024.05.15	00:59:45.573	0.98089	0.98089			6
2024.05.15	00:59:45.602	0.98087	0.98087			6
2024.05.15	00:59:45.695	0.98086	0.98086			6
2024.05.15	00:59:54.079	0.98087	0.98087			6
2024.05.15	00:59:54.416	0.98086	0.98086			6
2024.05.15	00:59:54.657	0.98087	0.98087			6
2024.05.15	00:59:55.905	0.98085	0.98085			6
2024.05.15	00:59:55.935	0.98087	0.98087			6
2024.05.15	00:59:56.116	0.98085	0.98085			6
2024.05.15	00:59:59.321	0.98084	0.98084			6
2024.05.15	01:00:00.055	0.98073	0.98073			6
2024.05.15	01:00:00.088	0.98085	0.98085			6
2024.05.15	01:00:00.206	0.98078	0.98078			6
2024.05.15	01:00:00.236	0.98077	0.98077			6
2024.05.15	01:00:00.267	0.98086	0.98086			6
2024.05.15	01:00:00.303	0.98081	0.98081			6
2024.05.15	01:00:00.326	0.98083	0.98083			6
2024.05.15	01:00:00.416	0.98072	0.98072			6
2024.05.15	01:00:00.445	0.98070	0.98070			6
2024.05.15	01:00:00.476	0.98071	0.98071			6
2024.05.15	01:00:00.506	0.98072	0.98072			6
2024.05.15	01:00:00.597	0.98073	0.98073			6
2024.05.15	01:00:00.627	0.98072	0.98072			6
2024.05.15	01:00:00.745	0.98074	0.98074			6
2024.05.15	01:00:00.776	0.98081	0.98081			6
2024.05.15	01:00:00.868	0.98079	0.98079			6
2024.05.15	01:00:01.112	0.98080	0.98080			6
2024.05.15	01:00:01.201	0.98081	0.98081			6
2024.05.15	01:00:01.382	0.98082	0.98082			6
2024.05.15	01:00:01.652	0.98081	0.98081			6
2024.05.15	01:00:01.742	0.98083	0.98083			6
2024.05.15	01:00:01.833	0.98080	0.98080			6
2024.05.15	01:00:01.863	0.98084	0.98084			6
2024.05.15	01:00:01.922	0.98083	0.98083			6
2024.05.15	01:00:02.073	0.98078	0.98078			6
2024.05.15	01:00:02.103	0.98080	0.98080			6
2024.05.15	01:00:02.282	0.98084	0.98084			6
2024.05.15	01:00:02.342	0.98083	0.98083			6
2024.05.15	01:00:02.673	0.98084	0.98084			6
2024.05.15	01:00:02.853	0.98079	0.98079			6
2024.05.15	01:00:02.884	0.98084	0.98084			6
2024.05.15	01:00:03.065	0.98079	0.98079			6
2024.05.15	01:00:03.094	0.98083	0.98083			6
2024.05.15	01:00:03.459	0.98080	0.98080			6
2024.05.15	01:00:03.490	0.98082	0.98082			6
2024.05.15	01:00:03.579	0.98081	0.98081			6
2024.05.15	01:00:03.610	0.98083	0.98083			6
2024.05.15	01:00:03.935	0.98084	0.98084			6
2024.05.15	01:00:04.299	0.98079	0.98079			6
2024.05.15	01:00:05.147	0.98083	0.98083			6
2024.05.15	01:00:07.104	0.98084	0.98084			6
2024.05.15	01:00:08.782	0.98085	0.98085			6
2024.05.15	01:00:09.805	0.98084	0.98084			6
2024.05.15	01:00:10.083	0.98083	0.98083			6
2024.05.15	01:00:10.324	0.98084	0.98084			6
2024.05.15	01:00:11.246	0.98083	0.98083			6
2024.05.15	01:00:11.276	0.98084	0.98084			6
2024.05.15	01:00:11.714	0.98085	0.98085			6
2024.05.15	01:00:11.745	0.98086	0.98086			6
2024.05.15	01:00:12.367	0.98085	0.98085			6
2024.05.15	01:00:12.517	0.98082	0.98082			6
2024.05.15	01:00:12.637	0.98085	0.98085			6
2024.05.15	01:00:12.943	0.98083	0.98083			6
2024.05.15	01:00:13.003	0.98081	0.98081			6
2024.05.15	01:00:13.583	0.98083	0.98083			6
2024.05.15	01:00:14.707	0.98084	0.98084			6
2024.05.15	01:00:17.780	0.98077	0.98077			6
2024.05.15	01:00:17.810	0.98079	0.98079			6
2024.05.15	01:00:17.869	0.98081	0.98081			6
2024.05.15	01:00:18.233	0.98080	0.98080			6
2024.05.15	01:00:18.324	0.98079	0.98079			6
2024.05.15	01:00:18.384	0.98078	0.98078			6
2024.05.15	01:00:18.415	0.98077	0.98077			6
2024.05.15	01:00:18.472	0.98076	0.98076			6
2024.05.15	01:00:18.564	0.98074	0.98074			6
2024.05.15	01:00:18.593	0.98073	0.98073			6
2024.05.15	01:00:18.624	0.98075	0.98075			6
2024.05.15	01:00:18.743	0.98074	0.98074			6
2024.05.15	01:00:20.907	0.98075	0.98075			6
2024.05.15	01:00:20.938	0.98074	0.98074			6
2024.05.15	01:00:26.606	0.98075	0.98075			6
2024.05.15	01:00:26.696	0.98077	0.98077			6
2024.05.15	01:00:26.779	0.98076	0.98076			6
2024.05.15	01:00:34.065	0.98077	0.98077			6
2024.05.15	01:00:35.453	0.98076	0.98076			6
2024.05.15	01:00:35.572	0.98077	0.98077			6
2024.05.15	01:00:36.024	0.98078	0.98078			6
2024.05.15	01:00:53.451	0.98077	0.98077			6
2024.05.15	01:01:08.764	0.98078	0.98078			6
2024.05.15	01:01:11.482	0.98077	0.98077			6
2024.05.15	01:01:14.375	0.98076	0.98076			6
2024.05.15	01:01:14.620	0.98077	0.98077			6
2024.05.15	01:01:26.151	0.98079	0.98079			6
2024.05.15	01:01:35.112	0.98078	0.98078			6
2024.05.15	01:01:36.809	0.98079	0.98079			6
2024.05.15	01:01:36.839	0.98080	0.98080			6
2024.05.15	01:01:37.989	0.98079	0.98079			6
2024.05.15	01:01:40.601	0.98078	0.98078			6
2024.05.15	01:01:40.631	0.98079	0.98079			6
2024.05.15	01:01:41.360	0.98078	0.98078			6
2024.05.15	01:01:42.005	0.98077	0.98077			6
2024.05.15	01:01:43.037	0.98078	0.98078			6
2024.05.15	01:01:53.469	0.98079	0.98079			6
2024.05.15	01:02:00.503	0.98078	0.98078			6
2024.05.15	01:02:01.066	0.98076	0.98076			6
2024.05.15	01:02:01.704	0.98077	0.98077			6
2024.05.15	01:02:02.274	0.98078	0.98078			6
2024.05.15	01:02:08.708	0.98077	0.98077			6
2024.05.15	01:02:11.776	0.98078	0.98078			6
2024.05.15	01:02:14.926	0.98076	0.98076			6
2024.05.15	01:02:15.082	0.98077	0.98077			6
2024.05.15	01:02:28.829	0.98078	0.98078			6
2024.05.15	01:02:29.769	0.98077	0.98077			6
2024.05.15	01:02:30.378	0.98078	0.98078			6
2024.05.15	01:02:31.830	0.98077	0.98077			6
2024.05.15	01:02:34.066	0.98078	0.98078			6
2024.05.15	01:02:45.155	0.98077	0.98077			6
2024.05.15	01:02:50.370	0.98076	0.98076			6
2024.05.15	01:02:50.431	0.98075	0.98075			6
2024.05.15	01:02:50.863	0.98073	0.98073			6
2024.05.15	01:02:51.206	0.98074	0.98074			6
2024.05.15	01:02:53.680	0.98075	0.98075			6
2024.05.15	01:03:00.570	0.98075				2
2024.05.15	01:03:04.035	0.98073	0.98073			6
2024.05.15	01:03:07.795	0.98074	0.98074			6
2024.05.15	01:03:09.528	0.98075	0.98075			6
2024.05.15	01:03:11.202	0.98074	0.98074			6
2024.05.15	01:03:11.300	0.98075	0.98075			6
2024.05.15	01:03:16.041	0.98074	0.98074			6
2024.05.15	01:03:37.781	0.98075	0.98075			6
2024.05.15	01:03:44.879	0.98074	0.98074			6
