<DATE>	<TIME>	<BID>	<ASK>	<LAST>	<VOLUME>	<FLAGS>
2024.01.25	00:00:03.502	0.93922	0.93922			6
2024.01.25	00:00:22.440	0.93935	0.93935			6
2024.01.25	00:00:50.541	0.93941	0.93941			6
2024.01.25	00:01:15.984	0.93935	0.93935			6
2024.01.25	00:02:43.480	0.93936	0.93936			6
2024.01.25	00:02:47.101	0.93935	0.93935			6
2024.01.25	00:03:44.182	0.93936	0.93936			6
2024.01.25	00:04:17.474	0.93939	0.93939			6
2024.01.25	00:04:17.535	0.93935	0.93935			6
2024.01.25	00:05:04.527	0.93941	0.93941			6
2024.01.25	00:05:05.070	0.93942	0.93942			6
2024.01.25	00:05:05.130	0.93940	0.93940			6
2024.01.25	00:06:10.690	0.93938	0.93938			6
2024.01.25	00:06:13.407	0.93940	0.93940			6
2024.01.25	00:06:41.579	0.93937	0.93937			6
2024.01.25	00:06:41.819	0.93938	0.93938			6
2024.01.25	00:06:55.442	0.93937	0.93937			6
2024.01.25	00:06:58.981	0.93932	0.93932			6
2024.01.25	00:06:59.431	0.93933	0.93933			6
2024.01.25	00:06:59.701	0.93938	0.93938			6
2024.01.25	00:07:13.670	0.93939	0.93939			6
2024.01.25	00:07:54.489	0.93938	0.93938			6
2024.01.25	00:07:58.076	0.93933	0.93933			6
2024.01.25	00:07:58.107	0.93932	0.93932			6
2024.01.25	00:08:53.017	0.93931	0.93931			6
2024.01.25	00:11:16.948	0.93932	0.93932			6
2024.01.25	00:11:21.772	0.93935	0.93935			6
2024.01.25	00:11:42.551	0.93939	0.93939			6
2024.01.25	00:11:49.169	0.93937	0.93937			6
2024.01.25	00:11:49.199	0.93939	0.93939			6
2024.01.25	00:11:58.104	0.93943	0.93943			6
2024.01.25	00:16:16.987	0.93943	0.93943			6
2024.01.25	00:16:17.207	0.93942	0.93942			6
2024.01.25	00:16:17.268	0.93943	0.93943			6
2024.01.25	00:16:21.484	0.93942	0.93942			6
2024.01.25	00:16:31.046	0.93943	0.93943			6
2024.01.25	00:16:32.307	0.93942	0.93942			6
2024.01.25	00:16:34.248	0.93943	0.93943			6
2024.01.25	00:16:35.398	0.93942	0.93942			6
2024.01.25	00:16:48.088	0.93943	0.93943			6
2024.01.25	00:16:49.365	0.93942	0.93942			6
2024.01.25	00:16:51.354	0.93951	0.93951			6
2024.01.25	00:16:51.877	0.93952	0.93952			6
2024.01.25	00:16:52.348	0.93953	0.93953			6
2024.01.25	00:17:00.028	0.93943	0.93943			6
2024.01.25	00:17:00.768	0.93953	0.93953			6
2024.01.25	00:17:07.448	0.93951	0.93951			6
2024.01.25	00:17:07.568	0.93953	0.93953			6
2024.01.25	00:17:07.627	0.93951	0.93951			6
2024.01.25	00:17:07.767	0.93953	0.93953			6
2024.01.25	00:17:07.857	0.93951	0.93951			6
2024.01.25	00:17:07.959	0.93953	0.93953			6
2024.01.25	00:17:08.076	0.93951	0.93951			6
2024.01.25	00:17:08.166	0.93953	0.93953			6
2024.01.25	00:17:08.278	0.93951	0.93951			6
2024.01.25	00:17:08.377	0.93953	0.93953			6
2024.01.25	00:17:08.489	0.93951	0.93951			6
2024.01.25	00:17:08.598	0.93953	0.93953			6
2024.01.25	00:17:35.057	0.93947	0.93947			6
2024.01.25	00:17:36.220	0.93948	0.93948			6
2024.01.25	00:17:39.330	0.93947	0.93947			6
2024.01.25	00:17:42.529	0.93945	0.93945			6
2024.01.25	00:18:02.519	0.93943	0.93943			6
2024.01.25	00:18:06.030	0.93946	0.93946			6
2024.01.25	00:18:07.425	0.93945	0.93945			6
2024.01.25	00:18:08.187	0.93946	0.93946			6
2024.01.25	00:18:11.130	0.93943	0.93943			6
2024.01.25	00:18:12.541	0.93939	0.93939			6
2024.01.25	00:18:13.078	0.93940	0.93940			6
2024.01.25	00:18:17.578	0.93939	0.93939			6
2024.01.25	00:18:19.598	0.93941	0.93941			6
2024.01.25	00:18:23.219	0.93944	0.93944			6
2024.01.25	00:18:24.340	0.93946	0.93946			6
2024.01.25	00:18:25.085	0.93948	0.93948			6
2024.01.25	00:18:27.081	0.93947	0.93947			6
2024.01.25	00:18:28.629	0.93945	0.93945			6
2024.01.25	00:18:44.939	0.93944	0.93944			6
2024.01.25	00:18:44.997	0.93945	0.93945			6
2024.01.25	00:18:46.028	0.93943	0.93943			6
2024.01.25	00:18:52.358	0.93942	0.93942			6
2024.01.25	00:19:04.078	0.93943	0.93943			6
2024.01.25	00:19:05.039	0.93942	0.93942			6
2024.01.25	00:19:07.268	0.93943	0.93943			6
2024.01.25	00:19:07.519	0.93942	0.93942			6
2024.01.25	00:19:08.052	0.93943	0.93943			6
2024.01.25	00:19:10.127	0.93944	0.93944			6
2024.01.25	00:19:11.667	0.93943	0.93943			6
2024.01.25	00:19:12.604	0.93942	0.93942			6
2024.01.25	00:19:13.730	0.93943	0.93943			6
2024.01.25	00:19:15.849	0.93944	0.93944			6
2024.01.25	00:19:17.038	0.93943	0.93943			6
2024.01.25	00:19:27.031	0.93944	0.93944			6
2024.01.25	00:19:35.566	0.93943	0.93943			6
2024.01.25	00:19:36.330	0.93942	0.93942			6
2024.01.25	00:19:37.519	0.93943	0.93943			6
2024.01.25	00:19:50.188	0.93942	0.93942			6
2024.01.25	00:19:51.316	0.93943	0.93943			6
2024.01.25	00:20:00.989	0.93935	0.93935			6
2024.01.25	00:20:01.019	0.93934	0.93934			6
2024.01.25	00:20:05.987	0.93932	0.93932			6
2024.01.25	00:20:06.016	0.93934	0.93934			6
2024.01.25	00:20:12.497	0.93935	0.93935			6
2024.01.25	00:20:24.137	0.93934	0.93934			6
2024.01.25	00:20:27.088	0.93935	0.93935			6
2024.01.25	00:20:27.209	0.93934	0.93934			6
2024.01.25	00:20:35.943	0.93933	0.93933			6
2024.01.25	00:20:43.417	0.93932	0.93932			6
2024.01.25	00:20:51.859	0.93934	0.93934			6
2024.01.25	00:20:51.889	0.93933	0.93933			6
2024.01.25	00:20:59.255	0.93934	0.93934			6
2024.01.25	00:20:59.315	0.93933	0.93933			6
2024.01.25	00:20:59.345	0.93934	0.93934			6
2024.01.25	00:20:59.376	0.93933	0.93933			6
2024.01.25	00:20:59.892	0.93934	0.93934			6
2024.01.25	00:21:04.218	0.93935	0.93935			6
2024.01.25	00:21:13.140	0.93934	0.93934			6
2024.01.25	00:21:13.170	0.93933	0.93933			6
2024.01.25	00:21:16.935	0.93932	0.93932			6
2024.01.25	00:21:44.709	0.93936	0.93936			6
2024.01.25	00:22:07.910	0.93937	0.93937			6
2024.01.25	00:22:45.598	0.93936	0.93936			6
2024.01.25	00:23:19.936	0.93937	0.93937			6
2024.01.25	00:23:30.957	0.93938	0.93938			6
2024.01.25	00:24:01.026	0.93937	0.93937			6
2024.01.25	00:24:19.489	0.93938	0.93938			6
2024.01.25	00:24:23.507	0.93939	0.93939			6
2024.01.25	00:24:34.648	0.93938	0.93938			6
2024.01.25	00:24:37.547	0.93939	0.93939			6
2024.01.25	00:24:47.916	0.93938	0.93938			6
2024.01.25	00:24:49.175	0.93939	0.93939			6
2024.01.25	00:25:02.345	0.93936	0.93936			6
2024.01.25	00:25:03.598	0.93938	0.93938			6
2024.01.25	00:25:07.471	0.93937	0.93937			6
2024.01.25	00:25:08.627	0.93938	0.93938			6
2024.01.25	00:25:11.883	0.93937	0.93937			6
2024.01.25	00:25:15.209	0.93938	0.93938			6
2024.01.25	00:25:16.207	0.93937	0.93937			6
2024.01.25	00:25:32.758	0.93938	0.93938			6
2024.01.25	00:25:32.789	0.93937	0.93937			6
2024.01.25	00:25:33.587	0.93936	0.93936			6
2024.01.25	00:25:48.267	0.93937	0.93937			6
2024.01.25	00:25:49.498	0.93938	0.93938			6
2024.01.25	00:26:00.137	0.93937	0.93937			6
2024.01.25	00:26:16.714	0.93938	0.93938			6
2024.01.25	00:26:16.745	0.93939	0.93939			6
2024.01.25	00:26:24.077	0.93938	0.93938			6
2024.01.25	00:26:25.487	0.93939	0.93939			6
2024.01.25	00:26:26.778	0.93938	0.93938			6
2024.01.25	00:26:26.867	0.93939	0.93939			6
2024.01.25	00:26:26.897	0.93938	0.93938			6
2024.01.25	00:26:26.928	0.93939	0.93939			6
2024.01.25	00:26:26.958	0.93938	0.93938			6
2024.01.25	00:26:27.919	0.93939	0.93939			6
2024.01.25	00:26:29.119	0.93938	0.93938			6
2024.01.25	00:26:29.150	0.93939	0.93939			6
2024.01.25	00:26:31.728	0.93938	0.93938			6
2024.01.25	00:26:47.738	0.93939	0.93939			6
2024.01.25	00:26:47.827	0.93938	0.93938			6
2024.01.25	00:26:47.857	0.93939	0.93939			6
2024.01.25	00:26:47.949	0.93938	0.93938			6
2024.01.25	00:26:48.042	0.93939	0.93939			6
2024.01.25	00:26:54.077	0.93938	0.93938			6
2024.01.25	00:26:54.107	0.93939	0.93939			6
2024.01.25	00:27:04.237	0.93938	0.93938			6
2024.01.25	00:27:04.267	0.93939	0.93939			6
2024.01.25	00:27:05.399	0.93938	0.93938			6
2024.01.25	00:27:05.429	0.93939	0.93939			6
2024.01.25	00:27:05.459	0.93938	0.93938			6
2024.01.25	00:27:05.519	0.93939	0.93939			6
2024.01.25	00:27:05.549	0.93938	0.93938			6
2024.01.25	00:27:05.620	0.93939	0.93939			6
2024.01.25	00:27:05.680	0.93938	0.93938			6
2024.01.25	00:27:08.028	0.93939	0.93939			6
2024.01.25	00:27:08.057	0.93938	0.93938			6
2024.01.25	00:27:09.077	0.93939	0.93939			6
2024.01.25	00:27:09.107	0.93938	0.93938			6
2024.01.25	00:27:16.527	0.93939	0.93939			6
2024.01.25	00:27:16.557	0.93938	0.93938			6
2024.01.25	00:27:16.773	0.93939	0.93939			6
2024.01.25	00:27:16.803	0.93938	0.93938			6
2024.01.25	00:27:25.231	0.93937	0.93937			6
2024.01.25	00:27:26.020	0.93938	0.93938			6
2024.01.25	00:27:26.397	0.93937	0.93937			6
2024.01.25	00:27:26.487	0.93938	0.93938			6
2024.01.25	00:27:26.637	0.93939	0.93939			6
2024.01.25	00:27:27.857	0.93938	0.93938			6
2024.01.25	00:27:28.318	0.93939	0.93939			6
2024.01.25	00:27:28.348	0.93938	0.93938			6
2024.01.25	00:27:29.846	0.93939	0.93939			6
2024.01.25	00:27:29.999	0.93938	0.93938			6
2024.01.25	00:27:30.920	0.93939	0.93939			6
2024.01.25	00:27:30.950	0.93938	0.93938			6
2024.01.25	00:27:32.621	0.93939	0.93939			6
2024.01.25	00:27:34.138	0.93938	0.93938			6
2024.01.25	00:27:35.247	0.93939	0.93939			6
2024.01.25	00:27:35.277	0.93938	0.93938			6
2024.01.25	00:27:42.620	0.93939	0.93939			6
2024.01.25	00:27:42.650	0.93938	0.93938			6
2024.01.25	00:27:43.627	0.93939	0.93939			6
2024.01.25	00:27:44.956	0.93938	0.93938			6
2024.01.25	00:27:47.121	0.93939	0.93939			6
2024.01.25	00:27:48.626	0.93938	0.93938			6
2024.01.25	00:27:48.818	0.93939	0.93939			6
2024.01.25	00:27:48.848	0.93938	0.93938			6
2024.01.25	00:27:51.628	0.93939	0.93939			6
2024.01.25	00:27:51.659	0.93938	0.93938			6
2024.01.25	00:27:53.227	0.93939	0.93939			6
2024.01.25	00:27:53.257	0.93938	0.93938			6
2024.01.25	00:27:53.618	0.93939	0.93939			6
2024.01.25	00:27:53.647	0.93938	0.93938			6
2024.01.25	00:28:23.927	0.93939	0.93939			6
2024.01.25	00:28:23.956	0.93938	0.93938			6
2024.01.25	00:28:24.097	0.93939	0.93939			6
2024.01.25	00:28:24.865	0.93938	0.93938			6
2024.01.25	00:28:30.579	0.93939	0.93939			6
2024.01.25	00:28:30.610	0.93938	0.93938			6
2024.01.25	00:28:30.699	0.93939	0.93939			6
2024.01.25	00:28:34.846	0.93937	0.93937			6
2024.01.25	00:28:35.428	0.93938	0.93938			6
2024.01.25	00:28:37.758	0.93937	0.93937			6
2024.01.25	00:28:42.727	0.93938	0.93938			6
2024.01.25	00:28:46.967	0.93937	0.93937			6
2024.01.25	00:28:47.877	0.93938	0.93938			6
2024.01.25	00:28:47.907	0.93937	0.93937			6
2024.01.25	00:28:48.472	0.93938	0.93938			6
2024.01.25	00:28:48.502	0.93937	0.93937			6
2024.01.25	00:28:48.532	0.93938	0.93938			6
2024.01.25	00:28:56.116	0.93937	0.93937			6
2024.01.25	00:29:00.309	0.93936	0.93936			6
2024.01.25	00:29:03.446	0.93937	0.93937			6
2024.01.25	00:29:03.476	0.93936	0.93936			6
2024.01.25	00:29:04.733	0.93937	0.93937			6
2024.01.25	00:29:12.306	0.93936	0.93936			6
2024.01.25	00:29:57.344	0.93935	0.93935			6
2024.01.25	00:29:58.430	0.93936	0.93936			6
2024.01.25	00:30:00.018	0.93936				2
2024.01.25	00:30:00.077	0.93937	0.93937			6
2024.01.25	00:30:00.108	0.93932	0.93932			6
2024.01.25	00:30:00.138	0.93933	0.93933			6
2024.01.25	00:30:01.136	0.93927	0.93927			6
2024.01.25	00:30:01.875	0.93931	0.93931			6
2024.01.25	00:30:06.124	0.93930	0.93930			6
2024.01.25	00:30:13.120	0.93931	0.93931			6
2024.01.25	00:30:14.618	0.93930	0.93930			6
2024.01.25	00:30:15.444	0.93931	0.93931			6
2024.01.25	00:30:16.352	0.93930	0.93930			6
2024.01.25	00:30:17.411	0.93929	0.93929			6
2024.01.25	00:30:17.443	0.93930	0.93930			6
2024.01.25	00:30:29.528	0.93929	0.93929			6
2024.01.25	00:30:38.068	0.93928	0.93928			6
2024.01.25	00:30:38.098	0.93929	0.93929			6
2024.01.25	00:30:42.027	0.93928	0.93928			6
2024.01.25	00:30:43.064	0.93929	0.93929			6
2024.01.25	00:30:46.170	0.93928	0.93928			6
2024.01.25	00:30:58.868	0.93929	0.93929			6
2024.01.25	00:30:59.198	0.93928	0.93928			6
2024.01.25	00:31:04.542	0.93929	0.93929			6
2024.01.25	00:31:07.273	0.93928	0.93928			6
2024.01.25	00:31:26.337	0.93927	0.93927			6
2024.01.25	00:31:39.465	0.93928	0.93928			6
2024.01.25	00:31:39.495	0.93927	0.93927			6
2024.01.25	00:31:39.592	0.93926	0.93926			6
2024.01.25	00:31:39.622	0.93927	0.93927			6
2024.01.25	00:31:39.716	0.93926	0.93926			6
2024.01.25	00:31:49.230	0.93927	0.93927			6
2024.01.25	00:31:49.266	0.93926	0.93926			6
2024.01.25	00:31:49.327	0.93927	0.93927			6
2024.01.25	00:31:51.366	0.93926	0.93926			6
2024.01.25	00:31:54.816	0.93927	0.93927			6
2024.01.25	00:31:55.287	0.93926	0.93926			6
2024.01.25	00:31:55.316	0.93927	0.93927			6
2024.01.25	00:31:55.346	0.93926	0.93926			6
2024.01.25	00:31:55.377	0.93927	0.93927			6
2024.01.25	00:31:58.228	0.93926	0.93926			6
2024.01.25	00:31:58.259	0.93927	0.93927			6
2024.01.25	00:31:58.559	0.93926	0.93926			6
2024.01.25	00:32:01.045	0.93927	0.93927			6
2024.01.25	00:32:01.612	0.93926	0.93926			6
2024.01.25	00:32:02.637	0.93927	0.93927			6
2024.01.25	00:32:03.628	0.93926	0.93926			6
2024.01.25	00:32:04.743	0.93927	0.93927			6
2024.01.25	00:32:04.803	0.93926	0.93926			6
2024.01.25	00:32:05.268	0.93927	0.93927			6
2024.01.25	00:32:06.752	0.93926	0.93926			6
2024.01.25	00:32:07.746	0.93927	0.93927			6
2024.01.25	00:32:07.947	0.93926	0.93926			6
2024.01.25	00:32:08.097	0.93927	0.93927			6
2024.01.25	00:32:08.555	0.93926	0.93926			6
2024.01.25	00:32:19.967	0.93927	0.93927			6
2024.01.25	00:32:20.431	0.93926	0.93926			6
2024.01.25	00:32:25.678	0.93927	0.93927			6
2024.01.25	00:32:25.708	0.93926	0.93926			6
2024.01.25	00:32:32.087	0.93927	0.93927			6
2024.01.25	00:32:32.117	0.93926	0.93926			6
2024.01.25	00:32:35.459	0.93929	0.93929			6
2024.01.25	00:32:48.087	0.93930	0.93930			6
2024.01.25	00:32:49.257	0.93933	0.93933			6
2024.01.25	00:32:49.317	0.93932	0.93932			6
2024.01.25	00:32:49.556	0.93931	0.93931			6
2024.01.25	00:32:49.627	0.93932	0.93932			6
2024.01.25	00:32:50.575	0.93931	0.93931			6
2024.01.25	00:32:50.605	0.93932	0.93932			6
2024.01.25	00:33:00.087	0.93931	0.93931			6
2024.01.25	00:33:00.117	0.93932	0.93932			6
2024.01.25	00:33:00.147	0.93931	0.93931			6
2024.01.25	00:33:02.126	0.93932	0.93932			6
2024.01.25	00:33:02.257	0.93931	0.93931			6
2024.01.25	00:33:02.287	0.93932	0.93932			6
2024.01.25	00:33:02.317	0.93931	0.93931			6
2024.01.25	00:33:02.348	0.93932	0.93932			6
2024.01.25	00:33:02.438	0.93931	0.93931			6
2024.01.25	00:33:09.746	0.93932	0.93932			6
2024.01.25	00:33:14.576	0.93933	0.93933			6
2024.01.25	00:33:14.637	0.93932	0.93932			6
2024.01.25	00:33:15.036	0.93930	0.93930			6
2024.01.25	00:33:15.067	0.93931	0.93931			6
2024.01.25	00:33:15.184	0.93932	0.93932			6
2024.01.25	00:33:15.214	0.93931	0.93931			6
2024.01.25	00:33:15.546	0.93930	0.93930			6
2024.01.25	00:33:16.348	0.93931	0.93931			6
2024.01.25	00:33:16.378	0.93930	0.93930			6
2024.01.25	00:33:17.577	0.93926	0.93926			6
2024.01.25	00:33:17.638	0.93924	0.93924			6
2024.01.25	00:33:17.758	0.93925	0.93925			6
2024.01.25	00:33:17.878	0.93926	0.93926			6
2024.01.25	00:33:17.907	0.93924	0.93924			6
2024.01.25	00:33:17.937	0.93925	0.93925			6
2024.01.25	00:33:19.286	0.93924	0.93924			6
2024.01.25	00:33:19.377	0.93925	0.93925			6
2024.01.25	00:33:19.876	0.93923	0.93923			6
2024.01.25	00:33:19.936	0.93924	0.93924			6
2024.01.25	00:33:20.308	0.93923	0.93923			6
2024.01.25	00:33:20.459	0.93922	0.93922			6
2024.01.25	00:33:20.518	0.93923	0.93923			6
2024.01.25	00:33:20.637	0.93924	0.93924			6
2024.01.25	00:33:20.698	0.93922	0.93922			6
2024.01.25	00:33:20.939	0.93923	0.93923			6
2024.01.25	00:33:21.476	0.93924	0.93924			6
2024.01.25	00:33:21.537	0.93922	0.93922			6
2024.01.25	00:33:21.596	0.93923	0.93923			6
2024.01.25	00:33:21.718	0.93922	0.93922			6
2024.01.25	00:33:21.748	0.93923	0.93923			6
2024.01.25	00:33:23.343	0.93921	0.93921			6
2024.01.25	00:33:23.420	0.93922	0.93922			6
2024.01.25	00:33:23.480	0.93921	0.93921			6
2024.01.25	00:33:23.540	0.93922	0.93922			6
2024.01.25	00:33:23.570	0.93921	0.93921			6
2024.01.25	00:33:23.895	0.93920	0.93920			6
2024.01.25	00:33:23.956	0.93922	0.93922			6
2024.01.25	00:33:23.985	0.93921	0.93921			6
2024.01.25	00:33:24.045	0.93922	0.93922			6
2024.01.25	00:33:24.075	0.93920	0.93920			6
2024.01.25	00:33:24.166	0.93921	0.93921			6
2024.01.25	00:33:24.196	0.93925	0.93925			6
2024.01.25	00:33:27.257	0.93924	0.93924			6
2024.01.25	00:33:27.287	0.93925	0.93925			6
2024.01.25	00:33:27.346	0.93926	0.93926			6
2024.01.25	00:33:27.407	0.93925	0.93925			6
2024.01.25	00:33:27.466	0.93924	0.93924			6
2024.01.25	00:33:27.526	0.93925	0.93925			6
2024.01.25	00:33:27.678	0.93924	0.93924			6
2024.01.25	00:33:27.736	0.93925	0.93925			6
2024.01.25	00:33:27.767	0.93924	0.93924			6
2024.01.25	00:33:27.797	0.93925	0.93925			6
2024.01.25	00:33:27.856	0.93924	0.93924			6
2024.01.25	00:33:27.887	0.93923	0.93923			6
2024.01.25	00:33:27.948	0.93924	0.93924			6
2024.01.25	00:33:27.977	0.93925	0.93925			6
2024.01.25	00:33:31.125	0.93926	0.93926			6
2024.01.25	00:33:31.174	0.93925	0.93925			6
2024.01.25	00:33:31.203	0.93926	0.93926			6
2024.01.25	00:33:33.649	0.93929	0.93929			6
2024.01.25	00:33:33.709	0.93931	0.93931			6
2024.01.25	00:33:35.457	0.93930	0.93930			6
2024.01.25	00:33:38.579	0.93931	0.93931			6
2024.01.25	00:33:38.610	0.93933	0.93933			6
2024.01.25	00:33:43.747	0.93932	0.93932			6
2024.01.25	00:33:45.345	0.93935	0.93935			6
2024.01.25	00:33:45.405	0.93936	0.93936			6
2024.01.25	00:33:45.569	0.93940	0.93940			6
2024.01.25	00:33:45.599	0.93942	0.93942			6
2024.01.25	00:33:46.066	0.93939	0.93939			6
2024.01.25	00:33:46.095	0.93936	0.93936			6
2024.01.25	00:33:49.997	0.93937	0.93937			6
2024.01.25	00:33:52.076	0.93938	0.93938			6
2024.01.25	00:33:52.196	0.93940	0.93940			6
2024.01.25	00:33:54.737	0.93941	0.93941			6
2024.01.25	00:33:54.767	0.93940	0.93940			6
2024.01.25	00:33:54.796	0.93941	0.93941			6
2024.01.25	00:34:03.670	0.93942	0.93942			6
2024.01.25	00:34:03.729	0.93941	0.93941			6
2024.01.25	00:34:03.788	0.93930	0.93930			6
2024.01.25	00:34:03.818	0.93927	0.93927			6
2024.01.25	00:34:04.198	0.93928	0.93928			6
2024.01.25	00:34:04.258	0.93929	0.93929			6
2024.01.25	00:34:04.616	0.93932	0.93932			6
2024.01.25	00:34:04.646	0.93933	0.93933			6
2024.01.25	00:34:04.676	0.93929	0.93929			6
2024.01.25	00:34:05.017	0.93939	0.93939			6
2024.01.25	00:34:05.046	0.93940	0.93940			6
2024.01.25	00:34:05.081	0.93939	0.93939			6
2024.01.25	00:34:05.113	0.93940	0.93940			6
2024.01.25	00:34:05.141	0.93941	0.93941			6
2024.01.25	00:34:05.171	0.93942	0.93942			6
2024.01.25	00:34:05.270	0.93945	0.93945			6
2024.01.25	00:34:05.300	0.93948	0.93948			6
2024.01.25	00:34:05.628	0.93944	0.93944			6
2024.01.25	00:34:05.658	0.93941	0.93941			6
2024.01.25	00:34:06.506	0.93939	0.93939			6
2024.01.25	00:34:06.536	0.93942	0.93942			6
2024.01.25	00:34:08.155	0.93939	0.93939			6
2024.01.25	00:34:08.185	0.93930	0.93930			6
2024.01.25	00:34:08.215	0.93935	0.93935			6
2024.01.25	00:34:08.245	0.93933	0.93933			6
2024.01.25	00:34:08.304	0.93932	0.93932			6
2024.01.25	00:34:08.334	0.93933	0.93933			6
2024.01.25	00:34:08.508	0.93932	0.93932			6
2024.01.25	00:34:08.577	0.93933	0.93933			6
2024.01.25	00:34:08.617	0.93935	0.93935			6
2024.01.25	00:34:08.647	0.93933	0.93933			6
2024.01.25	00:34:08.708	0.93930	0.93930			6
2024.01.25	00:34:08.827	0.93931	0.93931			6
2024.01.25	00:34:09.115	0.93930	0.93930			6
2024.01.25	00:34:09.176	0.93931	0.93931			6
2024.01.25	00:34:09.206	0.93930	0.93930			6
2024.01.25	00:34:09.711	0.93929	0.93929			6
2024.01.25	00:34:11.995	0.93927	0.93927			6
2024.01.25	00:34:12.026	0.93926	0.93926			6
2024.01.25	00:34:20.481	0.93925	0.93925			6
2024.01.25	00:34:22.402	0.93926	0.93926			6
2024.01.25	00:34:22.432	0.93927	0.93927			6
2024.01.25	00:34:28.210	0.93928	0.93928			6
2024.01.25	00:34:28.748	0.93929	0.93929			6
2024.01.25	00:34:32.247	0.93928	0.93928			6
2024.01.25	00:34:32.277	0.93927	0.93927			6
2024.01.25	00:34:32.523	0.93926	0.93926			6
2024.01.25	00:34:35.627	0.93925	0.93925			6
2024.01.25	00:34:37.665	0.93926	0.93926			6
2024.01.25	00:34:37.696	0.93928	0.93928			6
2024.01.25	00:34:37.846	0.93929	0.93929			6
2024.01.25	00:34:37.876	0.93928	0.93928			6
2024.01.25	00:34:37.937	0.93930	0.93930			6
2024.01.25	00:34:42.025	0.93929	0.93929			6
2024.01.25	00:34:42.366	0.93930	0.93930			6
2024.01.25	00:34:47.141	0.93928	0.93928			6
2024.01.25	00:34:47.172	0.93929	0.93929			6
2024.01.25	00:34:48.208	0.93932	0.93932			6
2024.01.25	00:34:48.237	0.93935	0.93935			6
2024.01.25	00:34:50.197	0.93934	0.93934			6
2024.01.25	00:35:00.122	0.93936	0.93936			6
2024.01.25	00:35:01.686	0.93934	0.93934			6
2024.01.25	00:35:05.746	0.93935	0.93935			6
2024.01.25	00:35:15.447	0.93934	0.93934			6
2024.01.25	00:35:16.019	0.93931	0.93931			6
2024.01.25	00:35:16.049	0.93933	0.93933			6
2024.01.25	00:35:19.453	0.93934	0.93934			6
2024.01.25	00:35:19.483	0.93935	0.93935			6
2024.01.25	00:35:19.741	0.93936	0.93936			6
2024.01.25	00:35:22.917	0.93931	0.93931			6
2024.01.25	00:35:27.775	0.93932	0.93932			6
2024.01.25	00:35:27.806	0.93935	0.93935			6
2024.01.25	00:35:30.136	0.93936	0.93936			6
2024.01.25	00:35:36.452	0.93937	0.93937			6
2024.01.25	00:35:37.724	0.93936	0.93936			6
2024.01.25	00:35:40.298	0.93937	0.93937			6
2024.01.25	00:35:44.417	0.93936	0.93936			6
2024.01.25	00:35:46.046	0.93935	0.93935			6
2024.01.25	00:35:53.106	0.93934	0.93934			6
2024.01.25	00:35:53.473	0.93935	0.93935			6
2024.01.25	00:35:54.595	0.93937	0.93937			6
2024.01.25	00:35:59.927	0.93936	0.93936			6
2024.01.25	00:36:05.065	0.93937	0.93937			6
2024.01.25	00:36:05.125	0.93936	0.93936			6
2024.01.25	00:36:09.735	0.93935	0.93935			6
2024.01.25	00:36:13.045	0.93936	0.93936			6
2024.01.25	00:36:15.462	0.93935	0.93935			6
2024.01.25	00:36:21.436	0.93934	0.93934			6
2024.01.25	00:36:21.466	0.93933	0.93933			6
2024.01.25	00:36:21.495	0.93934	0.93934			6
2024.01.25	00:36:21.617	0.93932	0.93932			6
2024.01.25	00:36:21.647	0.93927	0.93927			6
2024.01.25	00:36:22.023	0.93928	0.93928			6
2024.01.25	00:36:22.053	0.93927	0.93927			6
2024.01.25	00:36:22.084	0.93923	0.93923			6
2024.01.25	00:36:22.143	0.93924	0.93924			6
2024.01.25	00:36:22.173	0.93925	0.93925			6
2024.01.25	00:36:22.203	0.93931	0.93931			6
2024.01.25	00:36:22.468	0.93930	0.93930			6
2024.01.25	00:36:22.498	0.93932	0.93932			6
2024.01.25	00:36:23.131	0.93933	0.93933			6
2024.01.25	00:36:23.162	0.93931	0.93931			6
2024.01.25	00:36:23.227	0.93932	0.93932			6
2024.01.25	00:36:23.256	0.93933	0.93933			6
2024.01.25	00:36:23.436	0.93934	0.93934			6
2024.01.25	00:36:23.571	0.93936	0.93936			6
2024.01.25	00:36:23.601	0.93934	0.93934			6
2024.01.25	00:36:24.921	0.93935	0.93935			6
2024.01.25	00:36:24.981	0.93934	0.93934			6
2024.01.25	00:36:28.913	0.93932	0.93932			6
2024.01.25	00:36:29.093	0.93934	0.93934			6
2024.01.25	00:36:29.124	0.93933	0.93933			6
2024.01.25	00:36:29.215	0.93931	0.93931			6
2024.01.25	00:36:29.466	0.93929	0.93929			6
2024.01.25	00:36:29.496	0.93930	0.93930			6
2024.01.25	00:36:29.674	0.93926	0.93926			6
2024.01.25	00:36:31.462	0.93928	0.93928			6
2024.01.25	00:36:31.906	0.93927	0.93927			6
2024.01.25	00:36:32.507	0.93925	0.93925			6
2024.01.25	00:36:32.537	0.93924	0.93924			6
2024.01.25	00:36:32.597	0.93925	0.93925			6
2024.01.25	00:36:32.628	0.93926	0.93926			6
2024.01.25	00:36:32.747	0.93925	0.93925			6
2024.01.25	00:36:32.806	0.93927	0.93927			6
2024.01.25	00:36:32.868	0.93925	0.93925			6
2024.01.25	00:36:33.739	0.93926	0.93926			6
2024.01.25	00:36:33.894	0.93927	0.93927			6
2024.01.25	00:36:33.986	0.93926	0.93926			6
2024.01.25	00:36:34.016	0.93927	0.93927			6
2024.01.25	00:36:34.046	0.93925	0.93925			6
2024.01.25	00:36:34.077	0.93926	0.93926			6
2024.01.25	00:36:34.107	0.93925	0.93925			6
2024.01.25	00:36:34.167	0.93927	0.93927			6
2024.01.25	00:36:34.197	0.93925	0.93925			6
2024.01.25	00:36:34.227	0.93924	0.93924			6
2024.01.25	00:36:34.257	0.93926	0.93926			6
2024.01.25	00:36:34.349	0.93929	0.93929			6
2024.01.25	00:36:34.378	0.93925	0.93925			6
2024.01.25	00:36:34.532	0.93926	0.93926			6
2024.01.25	00:36:34.626	0.93927	0.93927			6
2024.01.25	00:36:34.716	0.93926	0.93926			6
2024.01.25	00:36:34.867	0.93927	0.93927			6
2024.01.25	00:36:34.926	0.93925	0.93925			6
2024.01.25	00:36:34.987	0.93927	0.93927			6
2024.01.25	00:36:39.057	0.93925	0.93925			6
2024.01.25	00:36:39.257	0.93926	0.93926			6
2024.01.25	00:36:39.317	0.93925	0.93925			6
2024.01.25	00:36:39.347	0.93926	0.93926			6
2024.01.25	00:36:42.026	0.93925	0.93925			6
2024.01.25	00:36:42.086	0.93924	0.93924			6
2024.01.25	00:36:42.197	0.93925	0.93925			6
2024.01.25	00:36:42.228	0.93926	0.93926			6
2024.01.25	00:36:42.349	0.93927	0.93927			6
2024.01.25	00:36:42.379	0.93926	0.93926			6
2024.01.25	00:36:42.641	0.93925	0.93925			6
2024.01.25	00:36:42.671	0.93928	0.93928			6
2024.01.25	00:36:42.700	0.93927	0.93927			6
2024.01.25	00:36:42.765	0.93926	0.93926			6
2024.01.25	00:36:49.516	0.93925	0.93925			6
2024.01.25	00:36:49.546	0.93926	0.93926			6
2024.01.25	00:36:49.576	0.93927	0.93927			6
2024.01.25	00:36:49.606	0.93928	0.93928			6
2024.01.25	00:36:49.696	0.93927	0.93927			6
2024.01.25	00:36:50.038	0.93926	0.93926			6
2024.01.25	00:36:50.073	0.93925	0.93925			6
2024.01.25	00:36:50.098	0.93926	0.93926			6
2024.01.25	00:36:50.129	0.93925	0.93925			6
2024.01.25	00:36:50.159	0.93927	0.93927			6
2024.01.25	00:36:51.020	0.93929	0.93929			6
2024.01.25	00:36:51.050	0.93925	0.93925			6
2024.01.25	00:36:52.563	0.93927	0.93927			6
2024.01.25	00:36:52.593	0.93925	0.93925			6
2024.01.25	00:36:52.675	0.93928	0.93928			6
2024.01.25	00:36:52.736	0.93927	0.93927			6
2024.01.25	00:36:52.922	0.93928	0.93928			6
2024.01.25	00:36:53.348	0.93929	0.93929			6
2024.01.25	00:36:53.378	0.93930	0.93930			6
2024.01.25	00:36:53.686	0.93929	0.93929			6
2024.01.25	00:36:53.716	0.93928	0.93928			6
2024.01.25	00:36:53.747	0.93929	0.93929			6
2024.01.25	00:36:53.777	0.93930	0.93930			6
2024.01.25	00:36:54.035	0.93927	0.93927			6
2024.01.25	00:36:54.126	0.93929	0.93929			6
2024.01.25	00:36:54.423	0.93928	0.93928			6
2024.01.25	00:36:54.489	0.93930	0.93930			6
2024.01.25	00:36:55.062	0.93927	0.93927			6
2024.01.25	00:36:55.091	0.93928	0.93928			6
2024.01.25	00:36:55.121	0.93929	0.93929			6
2024.01.25	00:36:55.433	0.93928	0.93928			6
2024.01.25	00:36:55.499	0.93930	0.93930			6
2024.01.25	00:36:56.074	0.93928	0.93928			6
2024.01.25	00:36:56.105	0.93927	0.93927			6
2024.01.25	00:36:56.134	0.93930	0.93930			6
2024.01.25	00:36:56.514	0.93931	0.93931			6
2024.01.25	00:37:06.620	0.93930	0.93930			6
2024.01.25	00:37:06.681	0.93931	0.93931			6
2024.01.25	00:37:06.989	0.93932	0.93932			6
2024.01.25	00:37:08.382	0.93933	0.93933			6
2024.01.25	00:37:09.136	0.93932	0.93932			6
2024.01.25	00:37:11.451	0.93933	0.93933			6
2024.01.25	00:37:14.855	0.93934	0.93934			6
2024.01.25	00:37:17.945	0.93933	0.93933			6
2024.01.25	00:37:17.975	0.93934	0.93934			6
2024.01.25	00:37:25.946	0.93933	0.93933			6
2024.01.25	00:37:27.626	0.93934	0.93934			6
2024.01.25	00:37:30.127	0.93935	0.93935			6
2024.01.25	00:37:38.117	0.93934	0.93934			6
2024.01.25	00:37:42.999	0.93933	0.93933			6
2024.01.25	00:37:43.029	0.93932	0.93932			6
2024.01.25	00:37:48.584	0.93931	0.93931			6
2024.01.25	00:37:48.614	0.93929	0.93929			6
2024.01.25	00:37:48.651	0.93930	0.93930			6
2024.01.25	00:37:48.681	0.93928	0.93928			6
2024.01.25	00:37:48.711	0.93930	0.93930			6
2024.01.25	00:37:48.817	0.93931	0.93931			6
2024.01.25	00:37:50.141	0.93930	0.93930			6
2024.01.25	00:37:50.200	0.93927	0.93927			6
2024.01.25	00:37:50.231	0.93930	0.93930			6
2024.01.25	00:37:50.261	0.93926	0.93926			6
2024.01.25	00:37:50.291	0.93928	0.93928			6
2024.01.25	00:37:50.322	0.93929	0.93929			6
2024.01.25	00:37:50.586	0.93930	0.93930			6
2024.01.25	00:38:01.226	0.93929	0.93929			6
2024.01.25	00:38:01.662	0.93930	0.93930			6
2024.01.25	00:38:01.691	0.93928	0.93928			6
2024.01.25	00:38:02.232	0.93927	0.93927			6
2024.01.25	00:38:02.996	0.93928	0.93928			6
2024.01.25	00:38:03.057	0.93930	0.93930			6
2024.01.25	00:38:03.556	0.93928	0.93928			6
2024.01.25	00:38:04.947	0.93930	0.93930			6
2024.01.25	00:38:04.976	0.93933	0.93933			6
2024.01.25	00:38:06.262	0.93931	0.93931			6
2024.01.25	00:38:06.292	0.93929	0.93929			6
2024.01.25	00:38:06.323	0.93927	0.93927			6
2024.01.25	00:38:06.353	0.93928	0.93928			6
2024.01.25	00:38:06.382	0.93930	0.93930			6
2024.01.25	00:38:06.758	0.93933	0.93933			6
2024.01.25	00:38:08.061	0.93932	0.93932			6
2024.01.25	00:38:09.749	0.93931	0.93931			6
2024.01.25	00:38:11.053	0.93929	0.93929			6
2024.01.25	00:38:11.082	0.93928	0.93928			6
2024.01.25	00:38:11.142	0.93927	0.93927			6
2024.01.25	00:38:11.172	0.93931	0.93931			6
2024.01.25	00:38:11.202	0.93929	0.93929			6
2024.01.25	00:38:11.546	0.93928	0.93928			6
2024.01.25	00:38:11.636	0.93927	0.93927			6
2024.01.25	00:38:11.666	0.93929	0.93929			6
2024.01.25	00:38:11.787	0.93930	0.93930			6
2024.01.25	00:38:11.847	0.93928	0.93928			6
2024.01.25	00:38:11.937	0.93927	0.93927			6
2024.01.25	00:38:13.111	0.93926	0.93926			6
2024.01.25	00:38:13.738	0.93927	0.93927			6
2024.01.25	00:38:13.768	0.93928	0.93928			6
2024.01.25	00:38:14.217	0.93930	0.93930			6
2024.01.25	00:38:14.896	0.93929	0.93929			6
2024.01.25	00:38:14.986	0.93928	0.93928			6
2024.01.25	00:38:15.016	0.93927	0.93927			6
2024.01.25	00:38:15.046	0.93928	0.93928			6
2024.01.25	00:38:15.107	0.93929	0.93929			6
2024.01.25	00:38:16.339	0.93928	0.93928			6
2024.01.25	00:38:16.430	0.93929	0.93929			6
2024.01.25	00:38:16.879	0.93928	0.93928			6
2024.01.25	00:38:18.131	0.93929	0.93929			6
2024.01.25	00:38:18.221	0.93928	0.93928			6
2024.01.25	00:38:18.575	0.93929	0.93929			6
2024.01.25	00:38:18.605	0.93928	0.93928			6
2024.01.25	00:38:21.062	0.93927	0.93927			6
2024.01.25	00:38:21.093	0.93928	0.93928			6
2024.01.25	00:38:21.285	0.93929	0.93929			6
2024.01.25	00:38:25.036	0.93928	0.93928			6
2024.01.25	00:38:25.329	0.93929	0.93929			6
2024.01.25	00:38:25.407	0.93928	0.93928			6
2024.01.25	00:38:26.337	0.93929	0.93929			6
2024.01.25	00:38:27.485	0.93933	0.93933			6
2024.01.25	00:38:27.515	0.93931	0.93931			6
2024.01.25	00:38:27.990	0.93930	0.93930			6
2024.01.25	00:38:33.306	0.93931	0.93931			6
2024.01.25	00:38:44.848	0.93932	0.93932			6
2024.01.25	00:38:44.878	0.93933	0.93933			6
2024.01.25	00:38:45.027	0.93932	0.93932			6
2024.01.25	00:38:45.928	0.93933	0.93933			6
2024.01.25	00:38:47.229	0.93932	0.93932			6
2024.01.25	00:38:52.675	0.93931	0.93931			6
2024.01.25	00:38:52.705	0.93932	0.93932			6
2024.01.25	00:38:53.196	0.93931	0.93931			6
2024.01.25	00:38:53.261	0.93929	0.93929			6
2024.01.25	00:38:53.291	0.93931	0.93931			6
2024.01.25	00:38:53.685	0.93928	0.93928			6
2024.01.25	00:38:53.775	0.93930	0.93930			6
2024.01.25	00:38:54.061	0.93928	0.93928			6
2024.01.25	00:38:54.121	0.93929	0.93929			6
2024.01.25	00:38:54.151	0.93931	0.93931			6
2024.01.25	00:38:54.562	0.93930	0.93930			6
2024.01.25	00:38:55.174	0.93931	0.93931			6
2024.01.25	00:38:55.203	0.93930	0.93930			6
2024.01.25	00:38:55.421	0.93927	0.93927			6
2024.01.25	00:38:55.482	0.93929	0.93929			6
2024.01.25	00:38:58.945	0.93931	0.93931			6
2024.01.25	00:38:58.974	0.93933	0.93933			6
2024.01.25	00:38:59.262	0.93932	0.93932			6
2024.01.25	00:38:59.436	0.93933	0.93933			6
2024.01.25	00:38:59.466	0.93932	0.93932			6
2024.01.25	00:39:01.885	0.93933	0.93933			6
2024.01.25	00:39:02.475	0.93934	0.93934			6
2024.01.25	00:39:03.196	0.93933	0.93933			6
2024.01.25	00:39:05.666	0.93934	0.93934			6
2024.01.25	00:39:18.201	0.93935	0.93935			6
2024.01.25	00:39:24.114	0.93934	0.93934			6
2024.01.25	00:39:28.077	0.93935	0.93935			6
2024.01.25	00:39:28.107	0.93934	0.93934			6
2024.01.25	00:39:28.197	0.93936	0.93936			6
2024.01.25	00:39:28.889	0.93934	0.93934			6
2024.01.25	00:39:29.105	0.93936	0.93936			6
2024.01.25	00:39:29.166	0.93934	0.93934			6
2024.01.25	00:39:29.619	0.93932	0.93932			6
2024.01.25	00:39:30.132	0.93933	0.93933			6
2024.01.25	00:39:33.894	0.93934	0.93934			6
2024.01.25	00:39:33.924	0.93936	0.93936			6
2024.01.25	00:39:33.954	0.93938	0.93938			6
2024.01.25	00:39:34.164	0.93936	0.93936			6
2024.01.25	00:39:34.388	0.93934	0.93934			6
2024.01.25	00:39:35.426	0.93935	0.93935			6
2024.01.25	00:39:35.456	0.93936	0.93936			6
2024.01.25	00:39:35.711	0.93937	0.93937			6
2024.01.25	00:39:35.741	0.93935	0.93935			6
2024.01.25	00:39:36.355	0.93936	0.93936			6
2024.01.25	00:39:36.641	0.93935	0.93935			6
2024.01.25	00:39:36.731	0.93938	0.93938			6
2024.01.25	00:39:36.793	0.93936	0.93936			6
2024.01.25	00:39:37.416	0.93935	0.93935			6
2024.01.25	00:39:39.659	0.93934	0.93934			6
2024.01.25	00:39:39.925	0.93936	0.93936			6
2024.01.25	00:39:40.157	0.93938	0.93938			6
2024.01.25	00:39:40.263	0.93936	0.93936			6
2024.01.25	00:39:40.383	0.93935	0.93935			6
2024.01.25	00:39:40.485	0.93936	0.93936			6
2024.01.25	00:39:41.165	0.93939	0.93939			6
2024.01.25	00:39:41.256	0.93936	0.93936			6
2024.01.25	00:39:41.345	0.93939	0.93939			6
2024.01.25	00:39:41.376	0.93936	0.93936			6
2024.01.25	00:39:41.992	0.93935	0.93935			6
2024.01.25	00:39:42.134	0.93938	0.93938			6
2024.01.25	00:39:42.241	0.93935	0.93935			6
2024.01.25	00:39:50.517	0.93938	0.93938			6
2024.01.25	00:39:50.698	0.93935	0.93935			6
2024.01.25	00:39:50.787	0.93936	0.93936			6
2024.01.25	00:40:14.057	0.93935	0.93935			6
2024.01.25	00:40:14.086	0.93936	0.93936			6
2024.01.25	00:40:14.447	0.93935	0.93935			6
2024.01.25	00:40:14.689	0.93936	0.93936			6
2024.01.25	00:40:16.710	0.93934	0.93934			6
2024.01.25	00:40:17.266	0.93935	0.93935			6
2024.01.25	00:40:17.296	0.93938	0.93938			6
2024.01.25	00:40:17.386	0.93934	0.93934			6
2024.01.25	00:40:20.726	0.93935	0.93935			6
2024.01.25	00:40:20.756	0.93934	0.93934			6
2024.01.25	00:40:23.198	0.93935	0.93935			6
2024.01.25	00:40:24.534	0.93934	0.93934			6
2024.01.25	00:40:24.645	0.93935	0.93935			6
2024.01.25	00:40:24.976	0.93934	0.93934			6
2024.01.25	00:40:25.065	0.93935	0.93935			6
2024.01.25	00:41:06.465	0.93934	0.93934			6
2024.01.25	00:41:17.497	0.93933	0.93933			6
2024.01.25	00:41:17.656	0.93934	0.93934			6
2024.01.25	00:41:18.065	0.93935	0.93935			6
2024.01.25	00:41:28.577	0.93934	0.93934			6
2024.01.25	00:41:28.892	0.93933	0.93933			6
2024.01.25	00:41:34.966	0.93934	0.93934			6
2024.01.25	00:41:50.096	0.93935	0.93935			6
2024.01.25	00:41:50.157	0.93934	0.93934			6
2024.01.25	00:42:00.115	0.93935	0.93935			6
2024.01.25	00:42:00.357	0.93933	0.93933			6
2024.01.25	00:42:00.567	0.93932	0.93932			6
2024.01.25	00:42:00.597	0.93930	0.93930			6
2024.01.25	00:42:00.626	0.93929	0.93929			6
2024.01.25	00:42:01.044	0.93928	0.93928			6
2024.01.25	00:42:01.105	0.93930	0.93930			6
2024.01.25	00:42:01.205	0.93928	0.93928			6
2024.01.25	00:42:01.234	0.93927	0.93927			6
2024.01.25	00:42:02.523	0.93930	0.93930			6
2024.01.25	00:42:02.554	0.93927	0.93927			6
2024.01.25	00:42:02.584	0.93926	0.93926			6
2024.01.25	00:42:03.036	0.93929	0.93929			6
2024.01.25	00:42:03.066	0.93926	0.93926			6
2024.01.25	00:42:03.538	0.93929	0.93929			6
2024.01.25	00:42:03.568	0.93926	0.93926			6
2024.01.25	00:42:30.575	0.93928	0.93928			6
2024.01.25	00:42:49.935	0.93929	0.93929			6
2024.01.25	00:42:55.597	0.93928	0.93928			6
2024.01.25	00:43:04.203	0.93930	0.93930			6
2024.01.25	00:43:04.233	0.93929	0.93929			6
2024.01.25	00:43:05.591	0.93928	0.93928			6
2024.01.25	00:43:05.622	0.93930	0.93930			6
2024.01.25	00:43:05.786	0.93928	0.93928			6
2024.01.25	00:43:07.836	0.93926	0.93926			6
2024.01.25	00:43:08.695	0.93925	0.93925			6
2024.01.25	00:43:10.127	0.93928	0.93928			6
2024.01.25	00:43:10.157	0.93926	0.93926			6
2024.01.25	00:43:14.393	0.93927	0.93927			6
2024.01.25	00:43:14.423	0.93926	0.93926			6
2024.01.25	00:43:21.807	0.93930	0.93930			6
2024.01.25	00:43:21.837	0.93926	0.93926			6
2024.01.25	00:43:24.638	0.93927	0.93927			6
2024.01.25	00:43:29.149	0.93926	0.93926			6
2024.01.25	00:43:39.212	0.93925	0.93925			6
2024.01.25	00:43:48.516	0.93927	0.93927			6
2024.01.25	00:43:48.545	0.93924	0.93924			6
2024.01.25	00:43:48.575	0.93926	0.93926			6
2024.01.25	00:44:00.648	0.93927	0.93927			6
2024.01.25	00:44:00.677	0.93925	0.93925			6
2024.01.25	00:44:09.010	0.93926	0.93926			6
2024.01.25	00:44:11.654	0.93925	0.93925			6
2024.01.25	00:44:14.569	0.93926	0.93926			6
2024.01.25	00:44:35.098	0.93925	0.93925			6
2024.01.25	00:44:45.043	0.93926	0.93926			6
2024.01.25	00:44:45.116	0.93925	0.93925			6
2024.01.25	00:44:45.151	0.93927	0.93927			6
2024.01.25	00:44:45.606	0.93925	0.93925			6
2024.01.25	00:44:48.454	0.93926	0.93926			6
2024.01.25	00:45:07.623	0.93925	0.93925			6
2024.01.25	00:45:22.214	0.93924	0.93924			6
2024.01.25	00:45:22.607	0.93925	0.93925			6
2024.01.25	00:45:22.667	0.93924	0.93924			6
2024.01.25	00:45:28.762	0.93925	0.93925			6
2024.01.25	00:45:32.755	0.93926	0.93926			6
2024.01.25	00:45:32.785	0.93925	0.93925			6
2024.01.25	00:45:42.692	0.93924	0.93924			6
2024.01.25	00:45:47.895	0.93925	0.93925			6
2024.01.25	00:45:47.924	0.93924	0.93924			6
2024.01.25	00:45:56.796	0.93926	0.93926			6
2024.01.25	00:46:24.120	0.93925	0.93925			6
2024.01.25	00:46:33.627	0.93924	0.93924			6
2024.01.25	00:46:37.476	0.93925	0.93925			6
2024.01.25	00:46:40.907	0.93926	0.93926			6
2024.01.25	00:46:40.938	0.93925	0.93925			6
2024.01.25	00:46:51.453	0.93924	0.93924			6
2024.01.25	00:46:51.484	0.93925	0.93925			6
2024.01.25	00:47:09.894	0.93924	0.93924			6
2024.01.25	00:47:09.985	0.93925	0.93925			6
2024.01.25	00:47:10.077	0.93924	0.93924			6
2024.01.25	00:47:10.107	0.93925	0.93925			6
2024.01.25	00:47:10.546	0.93924	0.93924			6
2024.01.25	00:47:10.636	0.93925	0.93925			6
2024.01.25	00:47:20.152	0.93924	0.93924			6
2024.01.25	00:47:20.182	0.93925	0.93925			6
2024.01.25	00:47:20.785	0.93926	0.93926			6
2024.01.25	00:47:23.576	0.93925	0.93925			6
2024.01.25	00:47:23.677	0.93924	0.93924			6
2024.01.25	00:47:24.968	0.93925	0.93925			6
2024.01.25	00:48:16.049	0.93924	0.93924			6
2024.01.25	00:48:19.230	0.93926	0.93926			6
2024.01.25	00:48:19.290	0.93925	0.93925			6
2024.01.25	00:48:39.548	0.93924	0.93924			6
2024.01.25	00:48:42.518	0.93925	0.93925			6
2024.01.25	00:48:43.207	0.93926	0.93926			6
2024.01.25	00:48:49.875	0.93925	0.93925			6
2024.01.25	00:48:57.386	0.93926	0.93926			6
2024.01.25	00:48:57.447	0.93925	0.93925			6
2024.01.25	00:49:00.575	0.93926	0.93926			6
2024.01.25	00:49:04.936	0.93925	0.93925			6
2024.01.25	00:49:25.796	0.93926	0.93926			6
2024.01.25	00:49:36.398	0.93925	0.93925			6
2024.01.25	00:50:42.047	0.93924	0.93924			6
2024.01.25	00:50:42.077	0.93925	0.93925			6
2024.01.25	00:51:14.551	0.93926	0.93926			6
2024.01.25	00:51:16.597	0.93925	0.93925			6
2024.01.25	00:51:17.543	0.93926	0.93926			6
2024.01.25	00:51:21.213	0.93925	0.93925			6
2024.01.25	00:51:30.057	0.93926	0.93926			6
2024.01.25	00:51:35.555	0.93925	0.93925			6
2024.01.25	00:52:10.683	0.93926	0.93926			6
2024.01.25	00:52:13.523	0.93925	0.93925			6
2024.01.25	00:52:14.634	0.93926	0.93926			6
2024.01.25	00:52:15.083	0.93925	0.93925			6
2024.01.25	00:52:45.005	0.93924	0.93924			6
2024.01.25	00:53:05.126	0.93925	0.93925			6
2024.01.25	00:53:15.643	0.93924	0.93924			6
2024.01.25	00:53:22.933	0.93925	0.93925			6
2024.01.25	00:53:34.119	0.93924	0.93924			6
2024.01.25	00:53:39.804	0.93925	0.93925			6
2024.01.25	00:53:44.993	0.93926	0.93926			6
2024.01.25	00:53:45.024	0.93925	0.93925			6
2024.01.25	00:53:55.103	0.93924	0.93924			6
2024.01.25	00:53:58.972	0.93925	0.93925			6
2024.01.25	00:54:04.604	0.93926	0.93926			6
2024.01.25	00:54:04.636	0.93920	0.93920			6
2024.01.25	00:54:04.822	0.93921	0.93921			6
2024.01.25	00:54:04.852	0.93930	0.93930			6
2024.01.25	00:54:04.882	0.93931	0.93931			6
2024.01.25	00:54:04.912	0.93929	0.93929			6
2024.01.25	00:54:05.155	0.93923	0.93923			6
2024.01.25	00:54:05.185	0.93921	0.93921			6
2024.01.25	00:54:13.227	0.93923	0.93923			6
2024.01.25	00:54:13.257	0.93921	0.93921			6
2024.01.25	00:54:14.981	0.93920	0.93920			6
2024.01.25	00:54:15.012	0.93921	0.93921			6
2024.01.25	00:54:16.470	0.93919	0.93919			6
2024.01.25	00:54:16.500	0.93921	0.93921			6
2024.01.25	00:54:19.513	0.93920	0.93920			6
2024.01.25	00:54:19.544	0.93924	0.93924			6
2024.01.25	00:54:24.335	0.93923	0.93923			6
2024.01.25	00:54:26.255	0.93922	0.93922			6
2024.01.25	00:54:26.314	0.93921	0.93921			6
2024.01.25	00:54:26.345	0.93922	0.93922			6
2024.01.25	00:54:27.609	0.93921	0.93921			6
2024.01.25	00:54:28.055	0.93922	0.93922			6
2024.01.25	00:54:31.333	0.93923	0.93923			6
2024.01.25	00:54:45.192	0.93924	0.93924			6
2024.01.25	00:54:45.764	0.93923	0.93923			6
2024.01.25	00:54:45.794	0.93924	0.93924			6
2024.01.25	00:54:53.280	0.93923	0.93923			6
2024.01.25	00:54:53.309	0.93924	0.93924			6
2024.01.25	00:54:55.486	0.93923	0.93923			6
2024.01.25	00:54:58.245	0.93924	0.93924			6
2024.01.25	00:55:05.557	0.93923	0.93923			6
2024.01.25	00:55:05.588	0.93924	0.93924			6
2024.01.25	00:55:06.340	0.93925	0.93925			6
2024.01.25	00:55:06.371	0.93927	0.93927			6
2024.01.25	00:55:06.431	0.93926	0.93926			6
2024.01.25	00:55:07.724	0.93925	0.93925			6
2024.01.25	00:55:09.290	0.93926	0.93926			6
2024.01.25	00:55:10.942	0.93925	0.93925			6
2024.01.25	00:55:11.174	0.93923	0.93923			6
2024.01.25	00:55:13.127	0.93927	0.93927			6
2024.01.25	00:55:13.157	0.93923	0.93923			6
2024.01.25	00:55:13.186	0.93926	0.93926			6
2024.01.25	00:55:13.337	0.93925	0.93925			6
2024.01.25	00:55:13.397	0.93924	0.93924			6
2024.01.25	00:55:13.635	0.93923	0.93923			6
2024.01.25	00:55:24.119	0.93922	0.93922			6
2024.01.25	00:55:24.148	0.93921	0.93921			6
2024.01.25	00:55:25.525	0.93920	0.93920			6
2024.01.25	00:55:25.604	0.93921	0.93921			6
2024.01.25	00:55:35.603	0.93922	0.93922			6
2024.01.25	00:56:14.626	0.93922				2
2024.01.25	00:56:27.783	0.93923	0.93923			6
2024.01.25	00:56:30.363	0.93922	0.93922			6
2024.01.25	00:57:10.543	0.93922				2
2024.01.25	00:57:15.261	0.93921	0.93921			6
2024.01.25	00:57:15.291	0.93920	0.93920			6
2024.01.25	00:57:15.621	0.93919	0.93919			6
2024.01.25	00:57:15.681	0.93921	0.93921			6
2024.01.25	00:57:15.741	0.93919	0.93919			6
2024.01.25	00:57:16.192	0.93921	0.93921			6
2024.01.25	00:57:16.281	0.93920	0.93920			6
2024.01.25	00:57:19.682	0.93921	0.93921			6
2024.01.25	00:57:26.634	0.93922	0.93922			6
2024.01.25	00:58:18.818	0.93923	0.93923			6
2024.01.25	00:58:28.784	0.93922	0.93922			6
2024.01.25	00:58:35.751	0.93923	0.93923			6
2024.01.25	00:58:35.811	0.93922	0.93922			6
2024.01.25	00:58:39.755	0.93923	0.93923			6
2024.01.25	00:58:39.785	0.93922	0.93922			6
2024.01.25	00:58:48.245	0.93921	0.93921			6
2024.01.25	00:59:31.704	0.93922	0.93922			6
2024.01.25	00:59:47.114	0.93921	0.93921			6
2024.01.25	00:59:47.405	0.93922	0.93922			6
2024.01.25	00:59:48.903	0.93921	0.93921			6
2024.01.25	00:59:48.963	0.93922	0.93922			6
2024.01.25	00:59:55.762	0.93921	0.93921			6
2024.01.25	00:59:55.853	0.93922	0.93922			6
2024.01.25	00:59:56.509	0.93923	0.93923			6
2024.01.25	00:59:56.539	0.93922	0.93922			6
2024.01.25	00:59:56.720	0.93923	0.93923			6
2024.01.25	00:59:57.495	0.93924	0.93924			6
2024.01.25	00:59:57.523	0.93923	0.93923			6
2024.01.25	01:00:00.030	0.93923				2
2024.01.25	01:00:00.061	0.93921	0.93921			6
2024.01.25	01:00:00.090	0.93922	0.93922			6
2024.01.25	01:00:00.178	0.93923	0.93923			6
2024.01.25	01:00:00.209	0.93921	0.93921			6
2024.01.25	01:00:00.452	0.93920	0.93920			6
2024.01.25	01:00:00.511	0.93921	0.93921			6
2024.01.25	01:00:00.541	0.93920	0.93920			6
2024.01.25	01:00:00.601	0.93919	0.93919			6
2024.01.25	01:00:00.662	0.93920	0.93920			6
2024.01.25	01:00:00.812	0.93919	0.93919			6
2024.01.25	01:00:00.872	0.93918	0.93918			6
2024.01.25	01:00:00.932	0.93917	0.93917			6
2024.01.25	01:00:00.962	0.93916	0.93916			6
2024.01.25	01:00:01.024	0.93917	0.93917			6
2024.01.25	01:00:01.113	0.93915	0.93915			6
2024.01.25	01:00:01.233	0.93916	0.93916			6
2024.01.25	01:00:01.263	0.93915	0.93915			6
2024.01.25	01:00:01.322	0.93914	0.93914			6
2024.01.25	01:00:01.443	0.93916	0.93916			6
2024.01.25	01:00:01.472	0.93917	0.93917			6
2024.01.25	01:00:01.503	0.93918	0.93918			6
2024.01.25	01:00:01.653	0.93920	0.93920			6
2024.01.25	01:00:01.683	0.93919	0.93919			6
2024.01.25	01:00:01.835	0.93918	0.93918			6
2024.01.25	01:00:01.865	0.93917	0.93917			6
2024.01.25	01:00:01.986	0.93918	0.93918			6
2024.01.25	01:00:02.015	0.93919	0.93919			6
2024.01.25	01:00:02.075	0.93918	0.93918			6
2024.01.25	01:00:02.104	0.93917	0.93917			6
2024.01.25	01:00:02.134	0.93918	0.93918			6
2024.01.25	01:00:02.226	0.93919	0.93919			6
2024.01.25	01:00:02.315	0.93918	0.93918			6
2024.01.25	01:00:02.436	0.93919	0.93919			6
2024.01.25	01:00:02.498	0.93918	0.93918			6
2024.01.25	01:00:02.559	0.93919	0.93919			6
2024.01.25	01:00:02.589	0.93921	0.93921			6
2024.01.25	01:00:02.649	0.93920	0.93920			6
2024.01.25	01:00:05.175	0.93928	0.93928			6
2024.01.25	01:00:05.265	0.93927	0.93927			6
2024.01.25	01:00:05.674	0.93926	0.93926			6
2024.01.25	01:00:06.155	0.93927	0.93927			6
2024.01.25	01:00:06.186	0.93926	0.93926			6
2024.01.25	01:00:06.396	0.93920	0.93920			6
2024.01.25	01:00:06.486	0.93918	0.93918			6
2024.01.25	01:00:06.818	0.93910	0.93910			6
2024.01.25	01:00:06.938	0.93909	0.93909			6
2024.01.25	01:00:07.300	0.93911	0.93911			6
2024.01.25	01:00:10.076	0.93913	0.93913			6
2024.01.25	01:00:10.166	0.93912	0.93912			6
2024.01.25	01:00:10.227	0.93911	0.93911			6
2024.01.25	01:00:10.497	0.93912	0.93912			6
2024.01.25	01:00:10.676	0.93907	0.93907			6
2024.01.25	01:00:11.006	0.93911	0.93911			6
2024.01.25	01:00:11.835	0.93913	0.93913			6
2024.01.25	01:00:12.226	0.93915	0.93915			6
2024.01.25	01:00:14.425	0.93916	0.93916			6
2024.01.25	01:00:14.546	0.93915	0.93915			6
2024.01.25	01:00:14.695	0.93914	0.93914			6
2024.01.25	01:00:16.659	0.93917	0.93917			6
2024.01.25	01:00:16.718	0.93918	0.93918			6
2024.01.25	01:00:16.808	0.93919	0.93919			6
2024.01.25	01:00:17.651	0.93921	0.93921			6
2024.01.25	01:00:17.681	0.93918	0.93918			6
2024.01.25	01:00:17.710	0.93919	0.93919			6
2024.01.25	01:00:17.838	0.93920	0.93920			6
2024.01.25	01:00:18.953	0.93917	0.93917			6
2024.01.25	01:00:18.983	0.93919	0.93919			6
2024.01.25	01:00:19.074	0.93918	0.93918			6
2024.01.25	01:00:19.404	0.93917	0.93917			6
2024.01.25	01:00:21.241	0.93914	0.93914			6
2024.01.25	01:00:22.731	0.93912	0.93912			6
2024.01.25	01:00:22.761	0.93913	0.93913			6
2024.01.25	01:00:22.853	0.93910	0.93910			6
2024.01.25	01:00:23.704	0.93907	0.93907			6
2024.01.25	01:00:23.764	0.93910	0.93910			6
2024.01.25	01:00:23.795	0.93908	0.93908			6
2024.01.25	01:00:24.005	0.93906	0.93906			6
2024.01.25	01:00:24.065	0.93907	0.93907			6
2024.01.25	01:00:24.125	0.93904	0.93904			6
2024.01.25	01:00:24.456	0.93907	0.93907			6
2024.01.25	01:00:24.516	0.93910	0.93910			6
2024.01.25	01:00:24.605	0.93911	0.93911			6
2024.01.25	01:00:24.636	0.93910	0.93910			6
2024.01.25	01:00:24.696	0.93908	0.93908			6
2024.01.25	01:00:26.401	0.93910	0.93910			6
2024.01.25	01:00:26.460	0.93911	0.93911			6
2024.01.25	01:00:27.502	0.93910	0.93910			6
2024.01.25	01:00:27.743	0.93909	0.93909			6
2024.01.25	01:00:28.496	0.93911	0.93911			6
2024.01.25	01:00:30.817	0.93908	0.93908			6
2024.01.25	01:00:30.847	0.93907	0.93907			6
2024.01.25	01:00:30.877	0.93908	0.93908			6
2024.01.25	01:00:30.936	0.93909	0.93909			6
2024.01.25	01:00:32.166	0.93908	0.93908			6
2024.01.25	01:00:33.357	0.93909	0.93909			6
2024.01.25	01:00:33.447	0.93910	0.93910			6
2024.01.25	01:00:35.426	0.93911	0.93911			6
2024.01.25	01:00:36.887	0.93910	0.93910			6
2024.01.25	01:00:42.072	0.93909	0.93909			6
2024.01.25	01:00:42.563	0.93910	0.93910			6
2024.01.25	01:01:00.155	0.93910				2
2024.01.25	01:01:00.216	0.93911	0.93911			6
2024.01.25	01:01:00.245	0.93912	0.93912			6
2024.01.25	01:01:00.274	0.93913	0.93913			6
2024.01.25	01:01:00.666	0.93912	0.93912			6
2024.01.25	01:01:01.147	0.93911	0.93911			6
2024.01.25	01:01:01.238	0.93909	0.93909			6
2024.01.25	01:01:01.942	0.93910	0.93910			6
2024.01.25	01:01:03.352	0.93911	0.93911			6
2024.01.25	01:01:03.412	0.93910	0.93910			6
2024.01.25	01:01:05.255	0.93911	0.93911			6
2024.01.25	01:01:06.617	0.93910	0.93910			6
2024.01.25	01:01:06.707	0.93911	0.93911			6
2024.01.25	01:01:07.780	0.93910	0.93910			6
2024.01.25	01:01:19.019	0.93909	0.93909			6
2024.01.25	01:01:19.590	0.93908	0.93908			6
2024.01.25	01:01:20.632	0.93909	0.93909			6
2024.01.25	01:01:20.663	0.93910	0.93910			6
2024.01.25	01:01:20.724	0.93911	0.93911			6
2024.01.25	01:01:21.018	0.93910	0.93910			6
2024.01.25	01:01:22.294	0.93911	0.93911			6
2024.01.25	01:01:22.323	0.93910	0.93910			6
2024.01.25	01:01:25.293	0.93911	0.93911			6
2024.01.25	01:01:25.684	0.93910	0.93910			6
2024.01.25	01:01:30.807	0.93911	0.93911			6
2024.01.25	01:01:31.270	0.93910	0.93910			6
2024.01.25	01:01:34.622	0.93911	0.93911			6
2024.01.25	01:01:35.422	0.93912	0.93912			6
2024.01.25	01:01:37.073	0.93909	0.93909			6
2024.01.25	01:01:37.164	0.93910	0.93910			6
2024.01.25	01:01:37.433	0.93909	0.93909			6
2024.01.25	01:01:38.485	0.93908	0.93908			6
2024.01.25	01:01:40.384	0.93907	0.93907			6
2024.01.25	01:01:40.413	0.93908	0.93908			6
2024.01.25	01:01:53.794	0.93910	0.93910			6
2024.01.25	01:01:58.960	0.93909	0.93909			6
2024.01.25	01:02:00.446	0.93909				2
2024.01.25	01:02:02.603	0.93910	0.93910			6
2024.01.25	01:02:07.269	0.93909	0.93909			6
2024.01.25	01:02:08.713	0.93910	0.93910			6
2024.01.25	01:02:09.346	0.93906	0.93906			6
2024.01.25	01:02:09.563	0.93908	0.93908			6
2024.01.25	01:02:10.970	0.93907	0.93907			6
2024.01.25	01:02:15.067	0.93908	0.93908			6
2024.01.25	01:02:15.188	0.93909	0.93909			6
2024.01.25	01:02:15.308	0.93910	0.93910			6
2024.01.25	01:02:17.824	0.93909	0.93909			6
2024.01.25	01:02:18.289	0.93910	0.93910			6
2024.01.25	01:02:18.318	0.93909	0.93909			6
2024.01.25	01:02:18.468	0.93907	0.93907			6
2024.01.25	01:02:18.588	0.93908	0.93908			6
2024.01.25	01:02:18.743	0.93909	0.93909			6
2024.01.25	01:02:22.973	0.93910	0.93910			6
2024.01.25	01:02:25.315	0.93911	0.93911			6
2024.01.25	01:02:29.176	0.93910	0.93910			6
2024.01.25	01:02:32.525	0.93911	0.93911			6
2024.01.25	01:02:33.163	0.93910	0.93910			6
2024.01.25	01:02:37.864	0.93912	0.93912			6
2024.01.25	01:02:37.893	0.93913	0.93913			6
2024.01.25	01:02:40.373	0.93911	0.93911			6
2024.01.25	01:02:40.404	0.93910	0.93910			6
2024.01.25	01:02:41.354	0.93909	0.93909			6
2024.01.25	01:02:41.602	0.93911	0.93911			6
2024.01.25	01:03:05.264	0.93912	0.93912			6
2024.01.25	01:03:07.299	0.93911	0.93911			6
2024.01.25	01:03:07.358	0.93910	0.93910			6
2024.01.25	01:03:07.479	0.93909	0.93909			6
2024.01.25	01:03:23.533	0.93908	0.93908			6
2024.01.25	01:03:23.562	0.93909	0.93909			6
2024.01.25	01:03:28.033	0.93910	0.93910			6
2024.01.25	01:03:28.062	0.93909	0.93909			6
2024.01.25	01:03:33.024	0.93908	0.93908			6
2024.01.25	01:03:38.777	0.93909	0.93909			6
2024.01.25	01:03:44.641	0.93908	0.93908			6
2024.01.25	01:03:50.316	0.93909	0.93909			6
2024.01.25	01:04:05.333	0.93908	0.93908			6
2024.01.25	01:04:12.597	0.93909	0.93909			6
2024.01.25	01:04:14.143	0.93908	0.93908			6
2024.01.25	01:04:14.863	0.93909	0.93909			6
2024.01.25	01:04:18.043	0.93908	0.93908			6
2024.01.25	01:04:20.370	0.93909	0.93909			6
2024.01.25	01:04:20.430	0.93908	0.93908			6
2024.01.25	01:04:21.123	0.93909	0.93909			6
2024.01.25	01:04:28.487	0.93908	0.93908			6
2024.01.25	01:04:31.101	0.93909	0.93909			6
2024.01.25	01:04:31.913	0.93908	0.93908			6
2024.01.25	01:04:33.170	0.93909	0.93909			6
2024.01.25	01:04:33.199	0.93908	0.93908			6
2024.01.25	01:04:58.413	0.93909	0.93909			6
2024.01.25	01:05:05.608	0.93909				2
2024.01.25	01:05:06.973	0.93910	0.93910			6
2024.01.25	01:05:07.033	0.93909	0.93909			6
2024.01.25	01:05:07.063	0.93910	0.93910			6
2024.01.25	01:05:07.152	0.93909	0.93909			6
2024.01.25	01:05:15.365	0.93910	0.93910			6
2024.01.25	01:05:15.394	0.93909	0.93909			6
2024.01.25	01:05:15.425	0.93915	0.93915			6
2024.01.25	01:05:15.455	0.93919	0.93919			6
2024.01.25	01:05:15.544	0.93920	0.93920			6
2024.01.25	01:05:15.574	0.93919	0.93919			6
2024.01.25	01:05:16.481	0.93920	0.93920			6
2024.01.25	01:05:18.497	0.93919	0.93919			6
2024.01.25	01:05:21.329	0.93918	0.93918			6
2024.01.25	01:05:26.100	0.93917	0.93917			6
2024.01.25	01:05:35.593	0.93918	0.93918			6
2024.01.25	01:05:36.764	0.93917	0.93917			6
2024.01.25	01:05:37.065	0.93918	0.93918			6
2024.01.25	01:05:39.437	0.93917	0.93917			6
2024.01.25	01:05:40.145	0.93916	0.93916			6
2024.01.25	01:05:43.241	0.93915	0.93915			6
2024.01.25	01:05:43.272	0.93916	0.93916			6
2024.01.25	01:05:45.586	0.93915	0.93915			6
2024.01.25	01:05:45.617	0.93916	0.93916			6
2024.01.25	01:05:48.307	0.93917	0.93917			6
2024.01.25	01:05:49.452	0.93916	0.93916			6
2024.01.25	01:05:50.323	0.93917	0.93917			6
2024.01.25	01:05:52.179	0.93915	0.93915			6
2024.01.25	01:05:55.089	0.93916	0.93916			6
2024.01.25	01:06:00.075	0.93916				2
2024.01.25	01:06:00.347	0.93918	0.93918			6
2024.01.25	01:06:02.854	0.93917	0.93917			6
2024.01.25	01:06:05.304	0.93915	0.93915			6
2024.01.25	01:06:05.393	0.93914	0.93914			6
2024.01.25	01:06:06.583	0.93916	0.93916			6
2024.01.25	01:06:08.322	0.93917	0.93917			6
2024.01.25	01:06:08.642	0.93916	0.93916			6
2024.01.25	01:06:08.702	0.93917	0.93917			6
2024.01.25	01:06:09.602	0.93918	0.93918			6
2024.01.25	01:06:11.283	0.93919	0.93919			6
2024.01.25	01:06:11.311	0.93920	0.93920			6
2024.01.25	01:06:11.401	0.93921	0.93921			6
2024.01.25	01:06:20.084	0.93920	0.93920			6
2024.01.25	01:06:20.592	0.93921	0.93921			6
2024.01.25	01:06:39.243	0.93923	0.93923			6
2024.01.25	01:06:39.272	0.93924	0.93924			6
2024.01.25	01:06:47.814	0.93925	0.93925			6
2024.01.25	01:06:48.175	0.93924	0.93924			6
2024.01.25	01:06:48.206	0.93925	0.93925			6
2024.01.25	01:06:48.685	0.93924	0.93924			6
2024.01.25	01:06:54.018	0.93922	0.93922			6
2024.01.25	01:06:54.078	0.93923	0.93923			6
2024.01.25	01:06:57.664	0.93922	0.93922			6
2024.01.25	01:07:00.283	0.93922				2
2024.01.25	01:07:04.911	0.93921	0.93921			6
2024.01.25	01:07:05.060	0.93920	0.93920			6
2024.01.25	01:07:30.259	0.93918	0.93918			6
2024.01.25	01:07:30.648	0.93919	0.93919			6
2024.01.25	01:07:30.768	0.93918	0.93918			6
2024.01.25	01:07:33.246	0.93917	0.93917			6
2024.01.25	01:07:39.672	0.93916	0.93916			6
2024.01.25	01:08:00.929	0.93916				2
2024.01.25	01:08:05.289	0.93917	0.93917			6
2024.01.25	01:08:10.374	0.93916	0.93916			6
2024.01.25	01:08:10.404	0.93917	0.93917			6
2024.01.25	01:08:17.011	0.93916	0.93916			6
2024.01.25	01:08:35.323	0.93917	0.93917			6
2024.01.25	01:08:52.045	0.93918	0.93918			6
2024.01.25	01:08:56.534	0.93917	0.93917			6
2024.01.25	01:09:08.103	0.93916	0.93916			6
2024.01.25	01:09:23.601	0.93915	0.93915			6
2024.01.25	01:09:34.687	0.93916	0.93916			6
2024.01.25	01:10:13.341	0.93918	0.93918			6
2024.01.25	01:10:13.371	0.93922	0.93922			6
2024.01.25	01:10:13.401	0.93921	0.93921			6
2024.01.25	01:10:13.461	0.93922	0.93922			6
2024.01.25	01:10:13.701	0.93921	0.93921			6
2024.01.25	01:10:13.731	0.93920	0.93920			6
2024.01.25	01:10:16.640	0.93921	0.93921			6
2024.01.25	01:10:16.761	0.93920	0.93920			6
2024.01.25	01:10:16.791	0.93921	0.93921			6
2024.01.25	01:10:16.881	0.93920	0.93920			6
2024.01.25	01:10:17.186	0.93918	0.93918			6
2024.01.25	01:10:17.794	0.93919	0.93919			6
2024.01.25	01:10:17.914	0.93921	0.93921			6
2024.01.25	01:10:19.340	0.93922	0.93922			6
2024.01.25	01:10:19.371	0.93921	0.93921			6
2024.01.25	01:10:19.461	0.93922	0.93922			6
2024.01.25	01:10:28.414	0.93921	0.93921			6
2024.01.25	01:10:30.105	0.93923	0.93923			6
2024.01.25	01:10:30.164	0.93922	0.93922			6
2024.01.25	01:10:30.254	0.93921	0.93921			6
2024.01.25	01:10:33.152	0.93920	0.93920			6
2024.01.25	01:10:35.388	0.93921	0.93921			6
2024.01.25	01:10:40.063	0.93920	0.93920			6
2024.01.25	01:10:40.182	0.93921	0.93921			6
2024.01.25	01:10:41.342	0.93920	0.93920			6
2024.01.25	01:10:48.873	0.93919	0.93919			6
2024.01.25	01:10:53.223	0.93920	0.93920			6
2024.01.25	01:11:00.515	0.93919	0.93919			6
2024.01.25	01:11:00.545	0.93916	0.93916			6
2024.01.25	01:11:00.605	0.93915	0.93915			6
2024.01.25	01:11:00.965	0.93914	0.93914			6
2024.01.25	01:11:00.996	0.93911	0.93911			6
2024.01.25	01:11:01.055	0.93910	0.93910			6
2024.01.25	01:11:01.085	0.93912	0.93912			6
2024.01.25	01:11:01.116	0.93911	0.93911			6
2024.01.25	01:11:01.175	0.93910	0.93910			6
2024.01.25	01:11:02.023	0.93913	0.93913			6
2024.01.25	01:11:06.786	0.93914	0.93914			6
2024.01.25	01:11:10.021	0.93913	0.93913			6
2024.01.25	01:11:10.051	0.93911	0.93911			6
2024.01.25	01:11:10.446	0.93912	0.93912			6
2024.01.25	01:11:10.607	0.93913	0.93913			6
2024.01.25	01:11:16.671	0.93912	0.93912			6
2024.01.25	01:11:16.923	0.93911	0.93911			6
2024.01.25	01:11:16.952	0.93913	0.93913			6
2024.01.25	01:11:23.821	0.93912	0.93912			6
2024.01.25	01:11:27.901	0.93913	0.93913			6
2024.01.25	01:11:28.628	0.93912	0.93912			6
2024.01.25	01:11:28.658	0.93913	0.93913			6
2024.01.25	01:11:37.183	0.93912	0.93912			6
2024.01.25	01:11:39.738	0.93911	0.93911			6
2024.01.25	01:11:40.037	0.93912	0.93912			6
2024.01.25	01:11:42.500	0.93913	0.93913			6
2024.01.25	01:11:42.649	0.93912	0.93912			6
2024.01.25	01:11:42.680	0.93913	0.93913			6
2024.01.25	01:11:44.287	0.93912	0.93912			6
2024.01.25	01:11:44.506	0.93913	0.93913			6
2024.01.25	01:11:44.909	0.93912	0.93912			6
2024.01.25	01:11:44.969	0.93913	0.93913			6
2024.01.25	01:11:49.185	0.93912	0.93912			6
2024.01.25	01:11:49.246	0.93913	0.93913			6
2024.01.25	01:11:54.802	0.93914	0.93914			6
2024.01.25	01:11:54.895	0.93915	0.93915			6
2024.01.25	01:11:55.171	0.93914	0.93914			6
2024.01.25	01:11:55.443	0.93913	0.93913			6
2024.01.25	01:11:55.473	0.93914	0.93914			6
2024.01.25	01:11:55.942	0.93913	0.93913			6
2024.01.25	01:11:56.092	0.93914	0.93914			6
2024.01.25	01:11:56.392	0.93913	0.93913			6
2024.01.25	01:11:59.012	0.93912	0.93912			6
2024.01.25	01:12:03.908	0.93911	0.93911			6
2024.01.25	01:12:07.682	0.93912	0.93912			6
2024.01.25	01:12:12.138	0.93911	0.93911			6
2024.01.25	01:12:16.042	0.93912	0.93912			6
2024.01.25	01:12:16.073	0.93911	0.93911			6
2024.01.25	01:12:16.317	0.93912	0.93912			6
2024.01.25	01:12:16.343	0.93914	0.93914			6
2024.01.25	01:12:16.402	0.93913	0.93913			6
2024.01.25	01:12:16.432	0.93915	0.93915			6
2024.01.25	01:12:16.611	0.93916	0.93916			6
2024.01.25	01:12:27.132	0.93914	0.93914			6
2024.01.25	01:12:27.162	0.93915	0.93915			6
2024.01.25	01:12:27.253	0.93914	0.93914			6
2024.01.25	01:12:31.121	0.93912	0.93912			6
2024.01.25	01:12:31.753	0.93913	0.93913			6
2024.01.25	01:12:36.653	0.93914	0.93914			6
2024.01.25	01:12:37.603	0.93915	0.93915			6
2024.01.25	01:12:37.722	0.93914	0.93914			6
2024.01.25	01:12:44.923	0.93915	0.93915			6
2024.01.25	01:12:51.118	0.93916	0.93916			6
2024.01.25	01:12:51.148	0.93915	0.93915			6
2024.01.25	01:12:53.184	0.93914	0.93914			6
2024.01.25	01:12:53.843	0.93915	0.93915			6
2024.01.25	01:12:57.655	0.93914	0.93914			6
2024.01.25	01:12:58.690	0.93915	0.93915			6
2024.01.25	01:12:59.245	0.93914	0.93914			6
2024.01.25	01:13:01.252	0.93915	0.93915			6
2024.01.25	01:13:02.513	0.93914	0.93914			6
2024.01.25	01:13:27.262	0.93913	0.93913			6
2024.01.25	01:13:30.014	0.93914	0.93914			6
2024.01.25	01:13:31.934	0.93913	0.93913			6
2024.01.25	01:13:53.852	0.93914	0.93914			6
2024.01.25	01:14:04.516	0.93913	0.93913			6
2024.01.25	01:14:04.545	0.93914	0.93914			6
2024.01.25	01:14:24.000	0.93912	0.93912			6
2024.01.25	01:14:34.232	0.93914	0.93914			6
2024.01.25	01:14:49.853	0.93912	0.93912			6
2024.01.25	01:14:49.943	0.93913	0.93913			6
2024.01.25	01:14:50.441	0.93914	0.93914			6
2024.01.25	01:14:55.306	0.93913	0.93913			6
2024.01.25	01:14:56.271	0.93914	0.93914			6
2024.01.25	01:14:56.543	0.93913	0.93913			6
2024.01.25	01:14:57.028	0.93914	0.93914			6
2024.01.25	01:14:59.764	0.93913	0.93913			6
2024.01.25	01:15:00.012	0.93913				2
2024.01.25	01:15:00.132	0.93912	0.93912			6
2024.01.25	01:15:00.223	0.93913	0.93913			6
2024.01.25	01:15:01.632	0.93912	0.93912			6
2024.01.25	01:15:03.243	0.93913	0.93913			6
2024.01.25	01:15:03.345	0.93912	0.93912			6
2024.01.25	01:15:03.464	0.93911	0.93911			6
2024.01.25	01:15:03.525	0.93910	0.93910			6
2024.01.25	01:15:03.676	0.93909	0.93909			6
2024.01.25	01:15:05.292	0.93910	0.93910			6
2024.01.25	01:15:06.463	0.93909	0.93909			6
2024.01.25	01:15:10.102	0.93908	0.93908			6
2024.01.25	01:15:11.941	0.93909	0.93909			6
2024.01.25	01:15:12.091	0.93908	0.93908			6
2024.01.25	01:15:12.452	0.93909	0.93909			6
2024.01.25	01:15:14.869	0.93910	0.93910			6
2024.01.25	01:15:14.959	0.93911	0.93911			6
2024.01.25	01:15:15.019	0.93912	0.93912			6
2024.01.25	01:15:15.109	0.93913	0.93913			6
2024.01.25	01:15:16.774	0.93912	0.93912			6
2024.01.25	01:15:22.501	0.93913	0.93913			6
2024.01.25	01:15:27.163	0.93912	0.93912			6
2024.01.25	01:15:27.737	0.93913	0.93913			6
2024.01.25	01:15:30.173	0.93912	0.93912			6
2024.01.25	01:15:32.694	0.93911	0.93911			6
2024.01.25	01:15:33.884	0.93912	0.93912			6
2024.01.25	01:15:40.301	0.93911	0.93911			6
2024.01.25	01:15:55.760	0.93910	0.93910			6
2024.01.25	01:15:57.075	0.93911	0.93911			6
2024.01.25	01:16:00.337	0.93911				2
2024.01.25	01:16:15.241	0.93910	0.93910			6
2024.01.25	01:16:15.882	0.93909	0.93909			6
2024.01.25	01:16:20.223	0.93910	0.93910			6
2024.01.25	01:16:25.608	0.93911	0.93911			6
2024.01.25	01:16:25.763	0.93910	0.93910			6
2024.01.25	01:16:39.283	0.93911	0.93911			6
2024.01.25	01:16:39.442	0.93910	0.93910			6
2024.01.25	01:16:40.332	0.93911	0.93911			6
2024.01.25	01:16:40.448	0.93910	0.93910			6
2024.01.25	01:16:41.402	0.93911	0.93911			6
2024.01.25	01:16:41.477	0.93910	0.93910			6
2024.01.25	01:16:43.219	0.93911	0.93911			6
2024.01.25	01:16:44.113	0.93912	0.93912			6
2024.01.25	01:16:46.543	0.93911	0.93911			6
2024.01.25	01:16:50.091	0.93912	0.93912			6
2024.01.25	01:17:12.352	0.93912				2
2024.01.25	01:17:15.484	0.93911	0.93911			6
2024.01.25	01:17:15.543	0.93910	0.93910			6
2024.01.25	01:17:15.575	0.93909	0.93909			6
2024.01.25	01:17:15.604	0.93910	0.93910			6
2024.01.25	01:17:15.633	0.93909	0.93909			6
2024.01.25	01:17:15.843	0.93908	0.93908			6
2024.01.25	01:17:15.983	0.93909	0.93909			6
2024.01.25	01:17:21.050	0.93908	0.93908			6
2024.01.25	01:17:25.240	0.93909	0.93909			6
2024.01.25	01:17:25.323	0.93907	0.93907			6
2024.01.25	01:17:25.414	0.93908	0.93908			6
2024.01.25	01:17:25.683	0.93909	0.93909			6
2024.01.25	01:17:32.855	0.93910	0.93910			6
2024.01.25	01:17:32.944	0.93909	0.93909			6
2024.01.25	01:17:46.343	0.93908	0.93908			6
2024.01.25	01:17:47.097	0.93909	0.93909			6
2024.01.25	01:17:57.968	0.93910	0.93910			6
2024.01.25	01:17:58.241	0.93909	0.93909			6
2024.01.25	01:17:58.518	0.93910	0.93910			6
2024.01.25	01:17:59.577	0.93909	0.93909			6
2024.01.25	01:18:16.751	0.93909				2
2024.01.25	01:18:22.232	0.93910	0.93910			6
2024.01.25	01:18:22.352	0.93911	0.93911			6
2024.01.25	01:18:24.198	0.93912	0.93912			6
2024.01.25	01:18:48.350	0.93911	0.93911			6
2024.01.25	01:18:48.381	0.93910	0.93910			6
2024.01.25	01:18:48.532	0.93909	0.93909			6
2024.01.25	01:19:01.461	0.93907	0.93907			6
2024.01.25	01:19:13.395	0.93908	0.93908			6
2024.01.25	01:19:14.146	0.93907	0.93907			6
2024.01.25	01:19:14.602	0.93908	0.93908			6
2024.01.25	01:19:16.265	0.93907	0.93907			6
2024.01.25	01:19:17.081	0.93908	0.93908			6
2024.01.25	01:19:17.640	0.93907	0.93907			6
2024.01.25	01:19:17.727	0.93908	0.93908			6
2024.01.25	01:19:19.498	0.93907	0.93907			6
2024.01.25	01:19:19.618	0.93906	0.93906			6
2024.01.25	01:19:24.269	0.93907	0.93907			6
2024.01.25	01:19:24.300	0.93908	0.93908			6
2024.01.25	01:19:24.451	0.93907	0.93907			6
2024.01.25	01:19:24.481	0.93906	0.93906			6
2024.01.25	01:19:25.222	0.93905	0.93905			6
2024.01.25	01:19:25.682	0.93906	0.93906			6
2024.01.25	01:19:25.787	0.93905	0.93905			6
2024.01.25	01:19:26.602	0.93906	0.93906			6
2024.01.25	01:19:26.697	0.93905	0.93905			6
2024.01.25	01:19:28.237	0.93906	0.93906			6
2024.01.25	01:19:28.327	0.93907	0.93907			6
2024.01.25	01:19:28.507	0.93908	0.93908			6
2024.01.25	01:19:32.729	0.93907	0.93907			6
2024.01.25	01:19:33.414	0.93908	0.93908			6
2024.01.25	01:19:41.568	0.93909	0.93909			6
2024.01.25	01:20:04.562	0.93909				2
2024.01.25	01:20:07.782	0.93910	0.93910			6
2024.01.25	01:20:07.872	0.93909	0.93909			6
2024.01.25	01:20:07.902	0.93907	0.93907			6
2024.01.25	01:20:08.143	0.93908	0.93908			6
2024.01.25	01:20:09.150	0.93906	0.93906			6
2024.01.25	01:20:09.180	0.93907	0.93907			6
2024.01.25	01:20:09.520	0.93908	0.93908			6
2024.01.25	01:20:10.200	0.93909	0.93909			6
2024.01.25	01:20:10.470	0.93908	0.93908			6
2024.01.25	01:20:12.682	0.93909	0.93909			6
2024.01.25	01:20:21.051	0.93908	0.93908			6
2024.01.25	01:20:21.543	0.93909	0.93909			6
2024.01.25	01:20:31.262	0.93908	0.93908			6
2024.01.25	01:20:31.291	0.93909	0.93909			6
2024.01.25	01:20:37.857	0.93908	0.93908			6
2024.01.25	01:20:39.101	0.93907	0.93907			6
2024.01.25	01:20:55.062	0.93908	0.93908			6
2024.01.25	01:21:00.123	0.93908				2
2024.01.25	01:21:06.359	0.93909	0.93909			6
2024.01.25	01:21:06.419	0.93910	0.93910			6
2024.01.25	01:21:06.761	0.93909	0.93909			6
2024.01.25	01:21:09.472	0.93908	0.93908			6
2024.01.25	01:21:11.603	0.93909	0.93909			6
2024.01.25	01:21:11.663	0.93908	0.93908			6
2024.01.25	01:21:31.471	0.93910	0.93910			6
2024.01.25	01:21:31.609	0.93908	0.93908			6
2024.01.25	01:21:32.269	0.93910	0.93910			6
2024.01.25	01:21:32.420	0.93909	0.93909			6
2024.01.25	01:21:32.449	0.93908	0.93908			6
2024.01.25	01:21:33.280	0.93909	0.93909			6
2024.01.25	01:21:33.981	0.93908	0.93908			6
2024.01.25	01:21:34.011	0.93909	0.93909			6
2024.01.25	01:21:34.132	0.93908	0.93908			6
2024.01.25	01:21:35.259	0.93909	0.93909			6
2024.01.25	01:21:35.583	0.93908	0.93908			6
2024.01.25	01:21:35.810	0.93909	0.93909			6
2024.01.25	01:21:35.870	0.93908	0.93908			6
2024.01.25	01:21:36.782	0.93909	0.93909			6
2024.01.25	01:21:37.612	0.93908	0.93908			6
2024.01.25	01:21:37.781	0.93909	0.93909			6
2024.01.25	01:21:37.902	0.93908	0.93908			6
2024.01.25	01:21:39.082	0.93909	0.93909			6
2024.01.25	01:21:39.382	0.93908	0.93908			6
2024.01.25	01:21:42.088	0.93909	0.93909			6
2024.01.25	01:21:42.209	0.93908	0.93908			6
2024.01.25	01:21:44.087	0.93909	0.93909			6
2024.01.25	01:21:44.612	0.93908	0.93908			6
2024.01.25	01:21:44.642	0.93909	0.93909			6
2024.01.25	01:21:44.793	0.93908	0.93908			6
2024.01.25	01:21:45.642	0.93909	0.93909			6
2024.01.25	01:21:46.311	0.93908	0.93908			6
2024.01.25	01:21:46.681	0.93910	0.93910			6
2024.01.25	01:21:47.022	0.93909	0.93909			6
2024.01.25	01:21:47.421	0.93908	0.93908			6
2024.01.25	01:21:47.451	0.93909	0.93909			6
2024.01.25	01:21:47.601	0.93908	0.93908			6
2024.01.25	01:21:47.980	0.93909	0.93909			6
2024.01.25	01:21:49.150	0.93910	0.93910			6
2024.01.25	01:21:49.575	0.93909	0.93909			6
2024.01.25	01:21:49.816	0.93908	0.93908			6
2024.01.25	01:21:52.622	0.93909	0.93909			6
2024.01.25	01:21:52.811	0.93908	0.93908			6
2024.01.25	01:21:53.050	0.93909	0.93909			6
2024.01.25	01:21:53.081	0.93908	0.93908			6
2024.01.25	01:21:53.261	0.93909	0.93909			6
2024.01.25	01:21:55.462	0.93910	0.93910			6
2024.01.25	01:21:55.553	0.93909	0.93909			6
2024.01.25	01:21:58.781	0.93910	0.93910			6
2024.01.25	01:21:59.215	0.93912	0.93912			6
2024.01.25	01:21:59.988	0.93911	0.93911			6
2024.01.25	01:22:00.048	0.93910	0.93910			6
2024.01.25	01:22:00.292	0.93911	0.93911			6
2024.01.25	01:22:00.472	0.93910	0.93910			6
2024.01.25	01:22:01.276	0.93912	0.93912			6
2024.01.25	01:22:01.822	0.93910	0.93910			6
2024.01.25	01:22:12.076	0.93909	0.93909			6
2024.01.25	01:22:13.379	0.93908	0.93908			6
2024.01.25	01:22:15.012	0.93909	0.93909			6
2024.01.25	01:22:15.222	0.93908	0.93908			6
2024.01.25	01:22:16.772	0.93907	0.93907			6
2024.01.25	01:22:17.862	0.93908	0.93908			6
2024.01.25	01:22:25.894	0.93907	0.93907			6
2024.01.25	01:22:26.479	0.93908	0.93908			6
2024.01.25	01:22:28.662	0.93909	0.93909			6
2024.01.25	01:22:28.754	0.93908	0.93908			6
2024.01.25	01:22:29.987	0.93910	0.93910			6
2024.01.25	01:22:33.990	0.93909	0.93909			6
2024.01.25	01:22:37.917	0.93911	0.93911			6
2024.01.25	01:22:37.947	0.93912	0.93912			6
2024.01.25	01:22:38.205	0.93911	0.93911			6
2024.01.25	01:22:39.249	0.93912	0.93912			6
2024.01.25	01:22:42.799	0.93911	0.93911			6
2024.01.25	01:22:48.391	0.93910	0.93910			6
2024.01.25	01:22:48.540	0.93911	0.93911			6
2024.01.25	01:22:58.931	0.93910	0.93910			6
2024.01.25	01:22:59.051	0.93909	0.93909			6
2024.01.25	01:22:59.950	0.93910	0.93910			6
2024.01.25	01:23:00.125	0.93910				2
2024.01.25	01:23:01.465	0.93909	0.93909			6
2024.01.25	01:23:04.555	0.93908	0.93908			6
2024.01.25	01:23:13.845	0.93912	0.93912			6
2024.01.25	01:23:19.864	0.93911	0.93911			6
2024.01.25	01:23:22.102	0.93913	0.93913			6
2024.01.25	01:23:26.172	0.93914	0.93914			6
2024.01.25	01:23:26.702	0.93913	0.93913			6
2024.01.25	01:23:34.010	0.93912	0.93912			6
2024.01.25	01:23:35.114	0.93913	0.93913			6
2024.01.25	01:23:36.148	0.93912	0.93912			6
2024.01.25	01:23:36.178	0.93913	0.93913			6
2024.01.25	01:23:36.298	0.93912	0.93912			6
2024.01.25	01:23:36.419	0.93913	0.93913			6
2024.01.25	01:23:36.478	0.93912	0.93912			6
2024.01.25	01:23:36.891	0.93913	0.93913			6
2024.01.25	01:23:37.351	0.93914	0.93914			6
2024.01.25	01:23:37.825	0.93913	0.93913			6
2024.01.25	01:23:40.325	0.93914	0.93914			6
2024.01.25	01:23:40.866	0.93913	0.93913			6
2024.01.25	01:23:41.136	0.93912	0.93912			6
2024.01.25	01:23:42.512	0.93911	0.93911			6
2024.01.25	01:23:43.493	0.93912	0.93912			6
2024.01.25	01:23:43.674	0.93911	0.93911			6
2024.01.25	01:23:44.762	0.93913	0.93913			6
2024.01.25	01:23:45.651	0.93912	0.93912			6
2024.01.25	01:23:46.966	0.93913	0.93913			6
2024.01.25	01:23:51.049	0.93914	0.93914			6
2024.01.25	01:23:51.962	0.93913	0.93913			6
2024.01.25	01:23:54.546	0.93914	0.93914			6
2024.01.25	01:23:54.847	0.93913	0.93913			6
2024.01.25	01:23:54.971	0.93914	0.93914			6
2024.01.25	01:24:00.021	0.93913	0.93913			6
2024.01.25	01:24:00.291	0.93912	0.93912			6
2024.01.25	01:24:01.412	0.93913	0.93913			6
2024.01.25	01:24:05.609	0.93914	0.93914			6
2024.01.25	01:24:05.638	0.93915	0.93915			6
2024.01.25	01:24:05.700	0.93916	0.93916			6
2024.01.25	01:24:05.789	0.93915	0.93915			6
2024.01.25	01:24:06.058	0.93914	0.93914			6
2024.01.25	01:24:06.299	0.93913	0.93913			6
2024.01.25	01:24:07.236	0.93915	0.93915			6
2024.01.25	01:24:07.266	0.93913	0.93913			6
2024.01.25	01:24:07.297	0.93915	0.93915			6
2024.01.25	01:24:07.386	0.93914	0.93914			6
2024.01.25	01:24:08.335	0.93915	0.93915			6
2024.01.25	01:24:08.696	0.93914	0.93914			6
2024.01.25	01:24:12.779	0.93913	0.93913			6
2024.01.25	01:24:13.079	0.93914	0.93914			6
2024.01.25	01:24:13.971	0.93913	0.93913			6
2024.01.25	01:24:15.661	0.93914	0.93914			6
2024.01.25	01:24:15.809	0.93915	0.93915			6
2024.01.25	01:24:15.903	0.93914	0.93914			6
2024.01.25	01:24:15.932	0.93915	0.93915			6
2024.01.25	01:24:16.217	0.93914	0.93914			6
2024.01.25	01:24:17.113	0.93915	0.93915			6
2024.01.25	01:24:17.670	0.93914	0.93914			6
2024.01.25	01:24:18.924	0.93915	0.93915			6
2024.01.25	01:24:19.194	0.93916	0.93916			6
2024.01.25	01:24:19.465	0.93915	0.93915			6
2024.01.25	01:24:19.732	0.93914	0.93914			6
2024.01.25	01:24:20.285	0.93915	0.93915			6
2024.01.25	01:24:20.586	0.93914	0.93914			6
2024.01.25	01:24:21.680	0.93915	0.93915			6
2024.01.25	01:24:22.708	0.93914	0.93914			6
2024.01.25	01:24:25.804	0.93915	0.93915			6
2024.01.25	01:24:26.104	0.93916	0.93916			6
2024.01.25	01:24:26.133	0.93918	0.93918			6
2024.01.25	01:24:30.657	0.93916	0.93916			6
2024.01.25	01:24:30.745	0.93915	0.93915			6
2024.01.25	01:24:31.868	0.93914	0.93914			6
2024.01.25	01:24:31.957	0.93915	0.93915			6
2024.01.25	01:24:34.331	0.93914	0.93914			6
2024.01.25	01:24:34.883	0.93915	0.93915			6
2024.01.25	01:24:37.134	0.93914	0.93914			6
2024.01.25	01:24:39.487	0.93915	0.93915			6
2024.01.25	01:24:39.557	0.93914	0.93914			6
2024.01.25	01:24:48.204	0.93913	0.93913			6
2024.01.25	01:24:53.424	0.93914	0.93914			6
2024.01.25	01:24:53.600	0.93913	0.93913			6
2024.01.25	01:25:01.051	0.93913				2
2024.01.25	01:25:03.981	0.93912	0.93912			6
2024.01.25	01:25:04.041	0.93913	0.93913			6
2024.01.25	01:25:04.072	0.93912	0.93912			6
2024.01.25	01:25:04.251	0.93911	0.93911			6
2024.01.25	01:25:04.403	0.93910	0.93910			6
2024.01.25	01:25:04.722	0.93911	0.93911			6
2024.01.25	01:25:04.782	0.93910	0.93910			6
2024.01.25	01:25:07.681	0.93911	0.93911			6
2024.01.25	01:25:10.120	0.93912	0.93912			6
2024.01.25	01:25:10.390	0.93913	0.93913			6
2024.01.25	01:25:14.780	0.93912	0.93912			6
2024.01.25	01:25:15.491	0.93913	0.93913			6
2024.01.25	01:25:15.823	0.93912	0.93912			6
2024.01.25	01:25:16.173	0.93913	0.93913			6
2024.01.25	01:25:20.182	0.93912	0.93912			6
2024.01.25	01:25:27.301	0.93913	0.93913			6
2024.01.25	01:25:32.593	0.93912	0.93912			6
2024.01.25	01:25:35.573	0.93911	0.93911			6
2024.01.25	01:25:36.691	0.93912	0.93912			6
2024.01.25	01:25:41.088	0.93913	0.93913			6
2024.01.25	01:25:41.178	0.93912	0.93912			6
2024.01.25	01:25:44.962	0.93913	0.93913			6
2024.01.25	01:25:48.582	0.93912	0.93912			6
2024.01.25	01:25:50.323	0.93913	0.93913			6
2024.01.25	01:25:53.141	0.93914	0.93914			6
2024.01.25	01:25:56.295	0.93913	0.93913			6
2024.01.25	01:26:02.933	0.93913				2
2024.01.25	01:26:31.888	0.93912	0.93912			6
2024.01.25	01:26:38.669	0.93913	0.93913			6
2024.01.25	01:26:56.329	0.93914	0.93914			6
2024.01.25	01:27:02.848	0.93913	0.93913			6
2024.01.25	01:27:04.827	0.93912	0.93912			6
2024.01.25	01:27:05.277	0.93913	0.93913			6
2024.01.25	01:27:05.307	0.93914	0.93914			6
2024.01.25	01:27:05.711	0.93913	0.93913			6
2024.01.25	01:27:05.743	0.93914	0.93914			6
2024.01.25	01:27:05.891	0.93915	0.93915			6
2024.01.25	01:27:07.304	0.93914	0.93914			6
2024.01.25	01:27:08.237	0.93915	0.93915			6
2024.01.25	01:27:11.459	0.93914	0.93914			6
2024.01.25	01:27:37.955	0.93913	0.93913			6
2024.01.25	01:27:41.351	0.93912	0.93912			6
2024.01.25	01:27:41.819	0.93913	0.93913			6
2024.01.25	01:27:42.351	0.93912	0.93912			6
2024.01.25	01:27:44.060	0.93913	0.93913			6
2024.01.25	01:27:45.259	0.93912	0.93912			6
2024.01.25	01:27:45.319	0.93911	0.93911			6
2024.01.25	01:27:45.439	0.93912	0.93912			6
2024.01.25	01:27:45.500	0.93911	0.93911			6
2024.01.25	01:27:57.620	0.93912	0.93912			6
2024.01.25	01:27:59.238	0.93914	0.93914			6
2024.01.25	01:27:59.561	0.93912	0.93912			6
2024.01.25	01:28:00.596	0.93911	0.93911			6
2024.01.25	01:28:00.785	0.93913	0.93913			6
2024.01.25	01:28:00.964	0.93914	0.93914			6
2024.01.25	01:28:01.309	0.93913	0.93913			6
2024.01.25	01:28:08.517	0.93914	0.93914			6
2024.01.25	01:28:09.350	0.93915	0.93915			6
2024.01.25	01:28:12.461	0.93914	0.93914			6
2024.01.25	01:28:13.520	0.93915	0.93915			6
2024.01.25	01:28:13.610	0.93914	0.93914			6
2024.01.25	01:28:15.130	0.93913	0.93913			6
2024.01.25	01:28:19.454	0.93914	0.93914			6
2024.01.25	01:28:48.486	0.93915	0.93915			6
2024.01.25	01:28:48.546	0.93917	0.93917			6
2024.01.25	01:28:48.578	0.93916	0.93916			6
2024.01.25	01:28:48.606	0.93914	0.93914			6
2024.01.25	01:28:55.807	0.93913	0.93913			6
2024.01.25	01:29:01.228	0.93913				2
2024.01.25	01:29:08.350	0.93914	0.93914			6
2024.01.25	01:29:08.502	0.93913	0.93913			6
2024.01.25	01:29:48.479	0.93912	0.93912			6
2024.01.25	01:30:00.149	0.93912				2
2024.01.25	01:30:15.771	0.93913	0.93913			6
2024.01.25	01:30:21.921	0.93912	0.93912			6
2024.01.25	01:30:29.202	0.93913	0.93913			6
2024.01.25	01:30:29.291	0.93910	0.93910			6
2024.01.25	01:30:29.591	0.93909	0.93909			6
2024.01.25	01:30:33.967	0.93907	0.93907			6
2024.01.25	01:30:33.997	0.93906	0.93906			6
2024.01.25	01:30:34.055	0.93907	0.93907			6
2024.01.25	01:31:00.132	0.93906	0.93906			6
2024.01.25	01:31:00.163	0.93907	0.93907			6
2024.01.25	01:31:00.252	0.93906	0.93906			6
2024.01.25	01:31:07.427	0.93907	0.93907			6
2024.01.25	01:31:07.521	0.93906	0.93906			6
2024.01.25	01:31:07.581	0.93907	0.93907			6
2024.01.25	01:31:10.271	0.93906	0.93906			6
2024.01.25	01:31:10.300	0.93907	0.93907			6
2024.01.25	01:31:12.751	0.93906	0.93906			6
2024.01.25	01:31:12.978	0.93907	0.93907			6
2024.01.25	01:31:15.338	0.93906	0.93906			6
2024.01.25	01:31:16.389	0.93907	0.93907			6
2024.01.25	01:31:38.361	0.93906	0.93906			6
2024.01.25	01:31:46.573	0.93907	0.93907			6
2024.01.25	01:31:47.971	0.93906	0.93906			6
2024.01.25	01:31:51.456	0.93907	0.93907			6
2024.01.25	01:32:03.189	0.93906	0.93906			6
2024.01.25	01:32:34.669	0.93904	0.93904			6
2024.01.25	01:32:37.001	0.93905	0.93905			6
2024.01.25	01:32:37.151	0.93904	0.93904			6
2024.01.25	01:32:40.052	0.93906	0.93906			6
2024.01.25	01:32:47.132	0.93905	0.93905			6
2024.01.25	01:32:47.250	0.93903	0.93903			6
2024.01.25	01:32:47.521	0.93904	0.93904			6
2024.01.25	01:32:47.641	0.93903	0.93903			6
2024.01.25	01:33:06.883	0.93903				2
2024.01.25	01:33:07.001	0.93902	0.93902			6
2024.01.25	01:33:10.192	0.93901	0.93901			6
2024.01.25	01:33:19.217	0.93900	0.93900			6
2024.01.25	01:33:50.349	0.93903	0.93903			6
2024.01.25	01:33:50.409	0.93917	0.93917			6
2024.01.25	01:33:50.470	0.93918	0.93918			6
2024.01.25	01:33:50.499	0.93915	0.93915			6
2024.01.25	01:33:50.560	0.93914	0.93914			6
2024.01.25	01:33:50.590	0.93913	0.93913			6
2024.01.25	01:33:50.620	0.93914	0.93914			6
2024.01.25	01:33:51.392	0.93913	0.93913			6
2024.01.25	01:33:51.632	0.93912	0.93912			6
2024.01.25	01:33:58.151	0.93911	0.93911			6
2024.01.25	01:33:59.094	0.93912	0.93912			6
2024.01.25	01:33:59.948	0.93914	0.93914			6
2024.01.25	01:33:59.978	0.93915	0.93915			6
2024.01.25	01:34:01.190	0.93913	0.93913			6
2024.01.25	01:34:03.132	0.93912	0.93912			6
2024.01.25	01:34:05.076	0.93914	0.93914			6
2024.01.25	01:34:05.479	0.93915	0.93915			6
2024.01.25	01:34:06.078	0.93914	0.93914			6
2024.01.25	01:34:06.654	0.93915	0.93915			6
2024.01.25	01:34:07.249	0.93914	0.93914			6
2024.01.25	01:34:07.399	0.93913	0.93913			6
2024.01.25	01:34:17.435	0.93912	0.93912			6
2024.01.25	01:34:18.046	0.93913	0.93913			6
2024.01.25	01:34:20.220	0.93912	0.93912			6
2024.01.25	01:34:23.016	0.93911	0.93911			6
2024.01.25	01:34:23.076	0.93912	0.93912			6
2024.01.25	01:34:27.400	0.93913	0.93913			6
2024.01.25	01:34:28.018	0.93912	0.93912			6
2024.01.25	01:34:35.667	0.93913	0.93913			6
2024.01.25	01:34:35.727	0.93912	0.93912			6
2024.01.25	01:34:42.600	0.93913	0.93913			6
2024.01.25	01:34:47.988	0.93914	0.93914			6
2024.01.25	01:34:49.771	0.93912	0.93912			6
2024.01.25	01:34:50.431	0.93913	0.93913			6
2024.01.25	01:34:50.461	0.93914	0.93914			6
2024.01.25	01:34:55.180	0.93913	0.93913			6
2024.01.25	01:34:59.570	0.93914	0.93914			6
2024.01.25	01:35:20.121	0.93913	0.93913			6
2024.01.25	01:35:31.139	0.93912	0.93912			6
2024.01.25	01:35:31.168	0.93914	0.93914			6
2024.01.25	01:35:31.258	0.93915	0.93915			6
2024.01.25	01:35:36.200	0.93914	0.93914			6
2024.01.25	01:35:49.985	0.93913	0.93913			6
2024.01.25	01:36:03.356	0.93914	0.93914			6
2024.01.25	01:36:10.038	0.93913	0.93913			6
2024.01.25	01:36:18.110	0.93914	0.93914			6
2024.01.25	01:36:20.480	0.93913	0.93913			6
2024.01.25	01:36:52.124	0.93914	0.93914			6
2024.01.25	01:36:52.394	0.93913	0.93913			6
2024.01.25	01:36:53.699	0.93914	0.93914			6
2024.01.25	01:36:54.550	0.93913	0.93913			6
2024.01.25	01:37:24.200	0.93912	0.93912			6
2024.01.25	01:37:24.291	0.93913	0.93913			6
2024.01.25	01:37:31.268	0.93914	0.93914			6
2024.01.25	01:37:31.298	0.93919	0.93919			6
2024.01.25	01:37:37.820	0.93923	0.93923			6
2024.01.25	01:37:38.160	0.93919	0.93919			6
2024.01.25	01:37:42.786	0.93918	0.93918			6
2024.01.25	01:38:00.499	0.93918				2
2024.01.25	01:38:45.170	0.93917	0.93917			6
2024.01.25	01:38:45.199	0.93914	0.93914			6
2024.01.25	01:38:45.348	0.93915	0.93915			6
2024.01.25	01:39:29.256	0.93914	0.93914			6
2024.01.25	01:39:41.199	0.93913	0.93913			6
2024.01.25	01:39:41.230	0.93914	0.93914			6
2024.01.25	01:39:41.531	0.93913	0.93913			6
2024.01.25	01:39:43.830	0.93914	0.93914			6
2024.01.25	01:39:45.529	0.93913	0.93913			6
2024.01.25	01:39:57.738	0.93914	0.93914			6
2024.01.25	01:40:04.871	0.93914				2
2024.01.25	01:40:05.561	0.93913	0.93913			6
2024.01.25	01:40:29.379	0.93914	0.93914			6
2024.01.25	01:40:31.940	0.93913	0.93913			6
2024.01.25	01:40:32.029	0.93914	0.93914			6
2024.01.25	01:40:43.544	0.93913	0.93913			6
2024.01.25	01:40:43.904	0.93914	0.93914			6
2024.01.25	01:41:43.704	0.93915	0.93915			6
2024.01.25	01:41:52.169	0.93920	0.93920			6
2024.01.25	01:41:52.198	0.93917	0.93917			6
2024.01.25	01:41:54.508	0.93922	0.93922			6
2024.01.25	01:41:54.599	0.93924	0.93924			6
2024.01.25	01:41:54.628	0.93925	0.93925			6
2024.01.25	01:41:54.819	0.93924	0.93924			6
2024.01.25	01:41:54.878	0.93919	0.93919			6
2024.01.25	01:41:57.217	0.93918	0.93918			6
2024.01.25	01:41:57.335	0.93917	0.93917			6
2024.01.25	01:41:59.594	0.93919	0.93919			6
2024.01.25	01:42:05.179	0.93918	0.93918			6
2024.01.25	01:42:05.279	0.93919	0.93919			6
2024.01.25	01:42:15.128	0.93920	0.93920			6
2024.01.25	01:42:15.158	0.93922	0.93922			6
2024.01.25	01:42:17.638	0.93921	0.93921			6
2024.01.25	01:42:17.667	0.93920	0.93920			6
2024.01.25	01:42:17.758	0.93919	0.93919			6
2024.01.25	01:42:18.898	0.93920	0.93920			6
2024.01.25	01:42:21.041	0.93922	0.93922			6
2024.01.25	01:42:26.089	0.93920	0.93920			6
2024.01.25	01:42:27.018	0.93921	0.93921			6
2024.01.25	01:42:27.203	0.93922	0.93922			6
2024.01.25	01:42:27.323	0.93921	0.93921			6
2024.01.25	01:42:32.208	0.93920	0.93920			6
2024.01.25	01:42:33.946	0.93919	0.93919			6
2024.01.25	01:42:34.488	0.93918	0.93918			6
2024.01.25	01:42:37.528	0.93919	0.93919			6
2024.01.25	01:42:38.608	0.93918	0.93918			6
2024.01.25	01:42:42.571	0.93919	0.93919			6
2024.01.25	01:42:46.289	0.93918	0.93918			6
2024.01.25	01:42:48.367	0.93917	0.93917			6
2024.01.25	01:43:03.028	0.93917				2
2024.01.25	01:43:23.254	0.93914	0.93914			6
2024.01.25	01:43:24.073	0.93913	0.93913			6
2024.01.25	01:43:34.340	0.93914	0.93914			6
2024.01.25	01:43:34.371	0.93921	0.93921			6
2024.01.25	01:43:34.401	0.93919	0.93919			6
2024.01.25	01:43:34.430	0.93917	0.93917			6
2024.01.25	01:43:34.520	0.93920	0.93920			6
2024.01.25	01:43:34.580	0.93921	0.93921			6
2024.01.25	01:43:34.611	0.93922	0.93922			6
2024.01.25	01:43:34.640	0.93920	0.93920			6
2024.01.25	01:43:34.731	0.93918	0.93918			6
2024.01.25	01:43:35.454	0.93917	0.93917			6
2024.01.25	01:43:37.299	0.93916	0.93916			6
2024.01.25	01:43:37.779	0.93917	0.93917			6
2024.01.25	01:43:37.999	0.93916	0.93916			6
2024.01.25	01:43:39.280	0.93915	0.93915			6
2024.01.25	01:43:39.378	0.93916	0.93916			6
2024.01.25	01:43:41.999	0.93915	0.93915			6
2024.01.25	01:43:49.408	0.93916	0.93916			6
2024.01.25	01:43:57.388	0.93915	0.93915			6
2024.01.25	01:44:08.840	0.93914	0.93914			6
2024.01.25	01:44:08.869	0.93913	0.93913			6
2024.01.25	01:44:09.385	0.93915	0.93915			6
2024.01.25	01:44:09.685	0.93913	0.93913			6
2024.01.25	01:44:21.592	0.93914	0.93914			6
2024.01.25	01:44:22.070	0.93913	0.93913			6
2024.01.25	01:44:23.822	0.93914	0.93914			6
2024.01.25	01:44:51.555	0.93913	0.93913			6
2024.01.25	01:44:56.597	0.93914	0.93914			6
2024.01.25	01:45:00.149	0.93913	0.93913			6
2024.01.25	01:45:03.869	0.93914	0.93914			6
2024.01.25	01:45:06.501	0.93915	0.93915			6
2024.01.25	01:45:22.724	0.93914	0.93914			6
2024.01.25	01:45:22.754	0.93913	0.93913			6
2024.01.25	01:45:27.787	0.93914	0.93914			6
2024.01.25	01:45:46.508	0.93915	0.93915			6
2024.01.25	01:45:48.087	0.93917	0.93917			6
2024.01.25	01:45:52.346	0.93915	0.93915			6
2024.01.25	01:45:56.948	0.93916	0.93916			6
2024.01.25	01:46:01.042	0.93915	0.93915			6
2024.01.25	01:46:01.072	0.93913	0.93913			6
2024.01.25	01:46:02.806	0.93914	0.93914			6
2024.01.25	01:46:02.835	0.93915	0.93915			6
2024.01.25	01:46:02.926	0.93914	0.93914			6
2024.01.25	01:46:03.046	0.93915	0.93915			6
2024.01.25	01:46:41.597	0.93916	0.93916			6
2024.01.25	01:46:43.536	0.93915	0.93915			6
2024.01.25	01:46:44.916	0.93916	0.93916			6
2024.01.25	01:47:10.273	0.93915	0.93915			6
2024.01.25	01:47:15.478	0.93917	0.93917			6
2024.01.25	01:47:58.856	0.93915	0.93915			6
2024.01.25	01:47:58.886	0.93914	0.93914			6
2024.01.25	01:47:58.947	0.93915	0.93915			6
2024.01.25	01:48:01.127	0.93913	0.93913			6
2024.01.25	01:48:01.156	0.93912	0.93912			6
2024.01.25	01:48:01.757	0.93911	0.93911			6
2024.01.25	01:48:01.787	0.93912	0.93912			6
2024.01.25	01:48:02.613	0.93911	0.93911			6
2024.01.25	01:48:09.709	0.93912	0.93912			6
2024.01.25	01:48:58.416	0.93913	0.93913			6
2024.01.25	01:49:00.423	0.93918	0.93918			6
2024.01.25	01:49:00.452	0.93919	0.93919			6
2024.01.25	01:49:00.542	0.93918	0.93918			6
2024.01.25	01:49:00.692	0.93919	0.93919			6
2024.01.25	01:49:00.813	0.93920	0.93920			6
2024.01.25	01:49:01.122	0.93921	0.93921			6
2024.01.25	01:49:05.918	0.93922	0.93922			6
2024.01.25	01:49:06.009	0.93921	0.93921			6
2024.01.25	01:49:10.961	0.93923	0.93923			6
2024.01.25	01:49:13.295	0.93921	0.93921			6
2024.01.25	01:49:15.407	0.93920	0.93920			6
2024.01.25	01:49:15.477	0.93921	0.93921			6
2024.01.25	01:49:15.678	0.93919	0.93919			6
2024.01.25	01:49:15.950	0.93920	0.93920			6
2024.01.25	01:49:15.979	0.93921	0.93921			6
2024.01.25	01:49:31.966	0.93922	0.93922			6
2024.01.25	01:49:38.549	0.93923	0.93923			6
2024.01.25	01:49:44.589	0.93922	0.93922			6
2024.01.25	01:49:53.458	0.93921	0.93921			6
2024.01.25	01:49:56.506	0.93922	0.93922			6
2024.01.25	01:50:00.072	0.93921	0.93921			6
2024.01.25	01:50:00.221	0.93920	0.93920			6
2024.01.25	01:50:48.038	0.93922	0.93922			6
2024.01.25	01:51:07.457	0.93921	0.93921			6
2024.01.25	01:51:08.008	0.93922	0.93922			6
2024.01.25	01:51:14.269	0.93921	0.93921			6
2024.01.25	01:51:14.385	0.93922	0.93922			6
2024.01.25	01:51:17.129	0.93921	0.93921			6
2024.01.25	01:51:28.405	0.93922	0.93922			6
2024.01.25	01:51:37.255	0.93921	0.93921			6
2024.01.25	01:51:42.528	0.93923	0.93923			6
2024.01.25	01:52:09.706	0.93923				2
2024.01.25	01:52:15.417	0.93922	0.93922			6
2024.01.25	01:52:15.448	0.93923	0.93923			6
2024.01.25	01:52:15.627	0.93924	0.93924			6
2024.01.25	01:52:21.095	0.93923	0.93923			6
2024.01.25	01:52:42.935	0.93924	0.93924			6
2024.01.25	01:52:42.966	0.93923	0.93923			6
2024.01.25	01:52:44.055	0.93922	0.93922			6
2024.01.25	01:52:51.165	0.93923	0.93923			6
2024.01.25	01:52:55.289	0.93922	0.93922			6
2024.01.25	01:53:15.529	0.93917	0.93917			6
2024.01.25	01:53:15.588	0.93918	0.93918			6
2024.01.25	01:53:16.196	0.93915	0.93915			6
2024.01.25	01:53:20.436	0.93916	0.93916			6
2024.01.25	01:53:21.423	0.93915	0.93915			6
2024.01.25	01:53:25.794	0.93914	0.93914			6
2024.01.25	01:53:26.283	0.93915	0.93915			6
2024.01.25	01:53:33.657	0.93917	0.93917			6
2024.01.25	01:53:39.304	0.93916	0.93916			6
2024.01.25	01:53:39.515	0.93915	0.93915			6
2024.01.25	01:53:43.826	0.93916	0.93916			6
2024.01.25	01:53:50.086	0.93915	0.93915			6
2024.01.25	01:53:54.404	0.93916	0.93916			6
2024.01.25	01:53:57.919	0.93917	0.93917			6
2024.01.25	01:54:03.795	0.93916	0.93916			6
2024.01.25	01:54:46.616	0.93917	0.93917			6
2024.01.25	01:54:50.783	0.93916	0.93916			6
2024.01.25	01:54:53.378	0.93915	0.93915			6
2024.01.25	01:55:00.656	0.93916	0.93916			6
2024.01.25	01:55:05.908	0.93915	0.93915			6
2024.01.25	01:55:10.411	0.93914	0.93914			6
2024.01.25	01:55:18.637	0.93916	0.93916			6
2024.01.25	01:55:18.758	0.93917	0.93917			6
2024.01.25	01:55:23.657	0.93916	0.93916			6
2024.01.25	01:55:23.748	0.93915	0.93915			6
2024.01.25	01:55:25.834	0.93916	0.93916			6
2024.01.25	01:55:30.066	0.93915	0.93915			6
2024.01.25	01:55:36.963	0.93917	0.93917			6
2024.01.25	01:56:00.387	0.93916	0.93916			6
2024.01.25	01:56:00.448	0.93917	0.93917			6
2024.01.25	01:56:00.881	0.93916	0.93916			6
2024.01.25	01:56:21.205	0.93918	0.93918			6
2024.01.25	01:56:24.779	0.93917	0.93917			6
2024.01.25	01:56:25.699	0.93915	0.93915			6
2024.01.25	01:56:28.438	0.93917	0.93917			6
2024.01.25	01:56:31.472	0.93916	0.93916			6
2024.01.25	01:56:53.835	0.93917	0.93917			6
2024.01.25	01:57:00.145	0.93916	0.93916			6
2024.01.25	01:57:00.955	0.93917	0.93917			6
2024.01.25	01:57:01.604	0.93918	0.93918			6
2024.01.25	01:57:06.785	0.93917	0.93917			6
2024.01.25	01:57:20.506	0.93916	0.93916			6
2024.01.25	01:57:20.536	0.93915	0.93915			6
2024.01.25	01:57:21.463	0.93916	0.93916			6
2024.01.25	01:57:22.084	0.93915	0.93915			6
2024.01.25	01:57:22.324	0.93916	0.93916			6
2024.01.25	01:57:46.465	0.93917	0.93917			6
2024.01.25	01:57:52.393	0.93916	0.93916			6
2024.01.25	01:58:00.290	0.93917	0.93917			6
2024.01.25	01:58:53.988	0.93918	0.93918			6
2024.01.25	01:58:59.055	0.93917	0.93917			6
2024.01.25	01:58:59.462	0.93919	0.93919			6
2024.01.25	01:59:04.395	0.93919				2
2024.01.25	01:59:06.464	0.93916	0.93916			6
2024.01.25	01:59:18.984	0.93917	0.93917			6
2024.01.25	01:59:22.855	0.93916	0.93916			6
2024.01.25	01:59:25.583	0.93917	0.93917			6
2024.01.25	01:59:32.400	0.93916	0.93916			6
2024.01.25	01:59:43.251	0.93917	0.93917			6
2024.01.25	01:59:43.821	0.93916	0.93916			6
2024.01.25	01:59:43.972	0.93917	0.93917			6
2024.01.25	01:59:45.170	0.93916	0.93916			6
2024.01.25	01:59:50.445	0.93917	0.93917			6
2024.01.25	01:59:50.565	0.93918	0.93918			6
2024.01.25	01:59:53.154	0.93917	0.93917			6
2024.01.25	01:59:56.872	0.93920	0.93920			6
2024.01.25	01:59:57.180	0.93917	0.93917			6
2024.01.25	01:59:58.287	0.93916	0.93916			6
2024.01.25	01:59:58.439	0.93918	0.93918			6
2024.01.25	02:00:00.249	0.93919	0.93919			6
2024.01.25	02:00:00.310	0.93920	0.93920			6
2024.01.25	02:00:00.340	0.93921	0.93921			6
2024.01.25	02:00:00.428	0.93922	0.93922			6
2024.01.25	02:00:00.759	0.93921	0.93921			6
2024.01.25	02:00:01.241	0.93922	0.93922			6
2024.01.25	02:00:01.570	0.93921	0.93921			6
2024.01.25	02:00:07.393	0.93923	0.93923			6
2024.01.25	02:00:09.020	0.93924	0.93924			6
2024.01.25	02:00:14.847	0.93923	0.93923			6
2024.01.25	02:00:17.611	0.93924	0.93924			6
2024.01.25	02:00:17.732	0.93925	0.93925			6
2024.01.25	02:00:22.138	0.93924	0.93924			6
2024.01.25	02:00:23.895	0.93925	0.93925			6
2024.01.25	02:00:27.356	0.93924	0.93924			6
2024.01.25	02:00:28.858	0.93925	0.93925			6
2024.01.25	02:00:28.918	0.93924	0.93924			6
2024.01.25	02:00:28.978	0.93925	0.93925			6
2024.01.25	02:00:30.912	0.93924	0.93924			6
2024.01.25	02:00:31.004	0.93925	0.93925			6
2024.01.25	02:00:33.668	0.93926	0.93926			6
2024.01.25	02:00:38.910	0.93925	0.93925			6
2024.01.25	02:00:40.021	0.93924	0.93924			6
2024.01.25	02:00:44.636	0.93925	0.93925			6
2024.01.25	02:00:49.178	0.93926	0.93926			6
2024.01.25	02:00:49.718	0.93925	0.93925			6
2024.01.25	02:00:49.748	0.93924	0.93924			6
2024.01.25	02:00:49.899	0.93926	0.93926			6
2024.01.25	02:00:49.930	0.93925	0.93925			6
2024.01.25	02:00:49.959	0.93926	0.93926			6
2024.01.25	02:00:50.589	0.93925	0.93925			6
2024.01.25	02:00:55.115	0.93924	0.93924			6
2024.01.25	02:00:56.443	0.93925	0.93925			6
2024.01.25	02:00:56.564	0.93924	0.93924			6
2024.01.25	02:01:00.143	0.93925	0.93925			6
2024.01.25	02:01:06.712	0.93923	0.93923			6
2024.01.25	02:01:09.416	0.93926	0.93926			6
2024.01.25	02:01:09.717	0.93923	0.93923			6
2024.01.25	02:01:10.509	0.93921	0.93921			6
2024.01.25	02:01:10.657	0.93920	0.93920			6
2024.01.25	02:01:31.969	0.93922	0.93922			6
2024.01.25	02:01:32.000	0.93923	0.93923			6
2024.01.25	02:01:32.690	0.93924	0.93924			6
2024.01.25	02:01:32.720	0.93923	0.93923			6
2024.01.25	02:01:35.226	0.93924	0.93924			6
2024.01.25	02:01:37.143	0.93925	0.93925			6
2024.01.25	02:01:37.412	0.93926	0.93926			6
2024.01.25	02:01:39.244	0.93927	0.93927			6
2024.01.25	02:01:39.394	0.93926	0.93926			6
2024.01.25	02:01:40.313	0.93927	0.93927			6
2024.01.25	02:01:41.554	0.93926	0.93926			6
2024.01.25	02:01:46.384	0.93927	0.93927			6
2024.01.25	02:01:48.342	0.93926	0.93926			6
2024.01.25	02:01:48.434	0.93927	0.93927			6
2024.01.25	02:01:48.462	0.93926	0.93926			6
2024.01.25	02:02:00.098	0.93926				2
2024.01.25	02:02:01.230	0.93925	0.93925			6
2024.01.25	02:02:02.826	0.93926	0.93926			6
2024.01.25	02:02:05.869	0.93925	0.93925			6
2024.01.25	02:02:07.956	0.93923	0.93923			6
2024.01.25	02:02:08.535	0.93925	0.93925			6
2024.01.25	02:02:12.685	0.93923	0.93923			6
2024.01.25	02:02:16.330	0.93925	0.93925			6
2024.01.25	02:02:21.345	0.93924	0.93924			6
2024.01.25	02:02:22.877	0.93925	0.93925			6
2024.01.25	02:02:23.963	0.93924	0.93924			6
2024.01.25	02:02:29.590	0.93923	0.93923			6
2024.01.25	02:02:32.976	0.93924	0.93924			6
2024.01.25	02:02:35.607	0.93922	0.93922			6
2024.01.25	02:02:40.781	0.93921	0.93921			6
2024.01.25	02:02:43.165	0.93922	0.93922			6
2024.01.25	02:02:51.225	0.93921	0.93921			6
2024.01.25	02:02:56.856	0.93922	0.93922			6
2024.01.25	02:02:56.885	0.93921	0.93921			6
2024.01.25	02:02:57.129	0.93922	0.93922			6
2024.01.25	02:03:02.682	0.93923	0.93923			6
2024.01.25	02:03:02.803	0.93922	0.93922			6
2024.01.25	02:03:05.650	0.93921	0.93921			6
2024.01.25	02:03:10.161	0.93922	0.93922			6
2024.01.25	02:03:13.664	0.93921	0.93921			6
2024.01.25	02:03:20.382	0.93922	0.93922			6
2024.01.25	02:03:27.467	0.93921	0.93921			6
2024.01.25	02:03:32.446	0.93920	0.93920			6
2024.01.25	02:03:32.504	0.93921	0.93921			6
2024.01.25	02:03:37.191	0.93920	0.93920			6
2024.01.25	02:03:38.240	0.93921	0.93921			6
2024.01.25	02:03:40.167	0.93922	0.93922			6
2024.01.25	02:03:43.375	0.93920	0.93920			6
2024.01.25	02:03:44.246	0.93921	0.93921			6
2024.01.25	02:03:44.275	0.93922	0.93922			6
2024.01.25	02:03:44.305	0.93924	0.93924			6
2024.01.25	02:03:44.335	0.93923	0.93923			6
2024.01.25	02:03:44.365	0.93922	0.93922			6
2024.01.25	02:03:48.155	0.93923	0.93923			6
2024.01.25	02:03:50.814	0.93922	0.93922			6
2024.01.25	02:03:50.903	0.93923	0.93923			6
2024.01.25	02:03:54.734	0.93922	0.93922			6
2024.01.25	02:03:56.452	0.93921	0.93921			6
2024.01.25	02:04:04.516	0.93920	0.93920			6
2024.01.25	02:04:04.547	0.93921	0.93921			6
2024.01.25	02:04:06.358	0.93923	0.93923			6
2024.01.25	02:04:06.450	0.93922	0.93922			6
2024.01.25	02:04:11.754	0.93921	0.93921			6
2024.01.25	02:04:20.394	0.93922	0.93922			6
2024.01.25	02:04:21.211	0.93923	0.93923			6
2024.01.25	02:04:23.349	0.93922	0.93922			6
2024.01.25	02:04:23.408	0.93921	0.93921			6
2024.01.25	02:04:23.470	0.93922	0.93922			6
2024.01.25	02:04:33.413	0.93924	0.93924			6
2024.01.25	02:04:33.743	0.93922	0.93922			6
2024.01.25	02:04:38.583	0.93924	0.93924			6
2024.01.25	02:04:40.524	0.93923	0.93923			6
2024.01.25	02:04:44.521	0.93924	0.93924			6
2024.01.25	02:04:44.613	0.93923	0.93923			6
2024.01.25	02:04:44.794	0.93924	0.93924			6
2024.01.25	02:04:46.455	0.93923	0.93923			6
2024.01.25	02:04:48.952	0.93921	0.93921			6
2024.01.25	02:04:48.982	0.93922	0.93922			6
2024.01.25	02:04:49.114	0.93924	0.93924			6
2024.01.25	02:04:49.895	0.93922	0.93922			6
2024.01.25	02:04:52.045	0.93923	0.93923			6
2024.01.25	02:04:52.655	0.93924	0.93924			6
2024.01.25	02:04:52.774	0.93925	0.93925			6
2024.01.25	02:04:54.989	0.93924	0.93924			6
2024.01.25	02:04:57.303	0.93923	0.93923			6
2024.01.25	02:04:59.425	0.93924	0.93924			6
2024.01.25	02:05:00.155	0.93923	0.93923			6
2024.01.25	02:05:00.877	0.93922	0.93922			6
2024.01.25	02:05:07.448	0.93921	0.93921			6
2024.01.25	02:05:08.433	0.93920	0.93920			6
2024.01.25	02:05:09.195	0.93919	0.93919			6
2024.01.25	02:05:09.256	0.93921	0.93921			6
2024.01.25	02:05:09.285	0.93923	0.93923			6
2024.01.25	02:05:09.434	0.93924	0.93924			6
2024.01.25	02:05:09.586	0.93923	0.93923			6
2024.01.25	02:05:09.645	0.93925	0.93925			6
2024.01.25	02:05:10.115	0.93924	0.93924			6
2024.01.25	02:05:10.145	0.93923	0.93923			6
2024.01.25	02:05:10.268	0.93926	0.93926			6
2024.01.25	02:05:10.297	0.93927	0.93927			6
2024.01.25	02:05:11.376	0.93928	0.93928			6
2024.01.25	02:05:11.763	0.93929	0.93929			6
2024.01.25	02:05:16.232	0.93928	0.93928			6
2024.01.25	02:05:20.183	0.93929	0.93929			6
2024.01.25	02:05:20.273	0.93930	0.93930			6
2024.01.25	02:05:20.746	0.93929	0.93929			6
2024.01.25	02:05:20.874	0.93930	0.93930			6
2024.01.25	02:05:24.176	0.93929	0.93929			6
2024.01.25	02:05:24.855	0.93930	0.93930			6
2024.01.25	02:05:25.443	0.93928	0.93928			6
2024.01.25	02:05:26.746	0.93929	0.93929			6
2024.01.25	02:05:26.776	0.93931	0.93931			6
2024.01.25	02:05:26.837	0.93930	0.93930			6
2024.01.25	02:05:26.957	0.93929	0.93929			6
2024.01.25	02:05:26.987	0.93930	0.93930			6
2024.01.25	02:05:27.107	0.93931	0.93931			6
2024.01.25	02:05:27.659	0.93932	0.93932			6
2024.01.25	02:05:32.768	0.93931	0.93931			6
2024.01.25	02:05:32.827	0.93932	0.93932			6
2024.01.25	02:05:33.036	0.93933	0.93933			6
2024.01.25	02:05:33.806	0.93932	0.93932			6
2024.01.25	02:05:34.141	0.93933	0.93933			6
2024.01.25	02:05:34.202	0.93934	0.93934			6
2024.01.25	02:05:34.262	0.93935	0.93935			6
2024.01.25	02:05:36.621	0.93936	0.93936			6
2024.01.25	02:05:37.746	0.93938	0.93938			6
2024.01.25	02:05:37.836	0.93937	0.93937			6
2024.01.25	02:05:40.812	0.93935	0.93935			6
2024.01.25	02:05:40.841	0.93932	0.93932			6
2024.01.25	02:05:40.901	0.93933	0.93933			6
2024.01.25	02:05:40.933	0.93935	0.93935			6
2024.01.25	02:05:41.173	0.93936	0.93936			6
2024.01.25	02:05:41.292	0.93935	0.93935			6
2024.01.25	02:05:41.974	0.93934	0.93934			6
2024.01.25	02:05:49.274	0.93935	0.93935			6
2024.01.25	02:05:50.735	0.93934	0.93934			6
2024.01.25	02:05:51.861	0.93935	0.93935			6
2024.01.25	02:05:52.372	0.93936	0.93936			6
2024.01.25	02:05:52.431	0.93937	0.93937			6
2024.01.25	02:05:52.521	0.93936	0.93936			6
2024.01.25	02:05:58.658	0.93935	0.93935			6
2024.01.25	02:05:58.869	0.93936	0.93936			6
2024.01.25	02:05:58.898	0.93937	0.93937			6
2024.01.25	02:05:59.080	0.93936	0.93936			6
2024.01.25	02:05:59.138	0.93935	0.93935			6
2024.01.25	02:06:00.624	0.93934	0.93934			6
2024.01.25	02:06:01.384	0.93933	0.93933			6
2024.01.25	02:06:04.944	0.93932	0.93932			6
2024.01.25	02:06:06.813	0.93933	0.93933			6
2024.01.25	02:06:06.843	0.93932	0.93932			6
2024.01.25	02:06:08.478	0.93933	0.93933			6
2024.01.25	02:06:08.810	0.93932	0.93932			6
2024.01.25	02:06:08.869	0.93933	0.93933			6
2024.01.25	02:06:09.080	0.93932	0.93932			6
2024.01.25	02:06:10.424	0.93931	0.93931			6
2024.01.25	02:06:10.544	0.93932	0.93932			6
2024.01.25	02:06:11.117	0.93933	0.93933			6
2024.01.25	02:06:11.146	0.93934	0.93934			6
2024.01.25	02:06:11.176	0.93938	0.93938			6
2024.01.25	02:06:11.206	0.93939	0.93939			6
2024.01.25	02:06:11.235	0.93940	0.93940			6
2024.01.25	02:06:11.475	0.93939	0.93939			6
2024.01.25	02:06:15.842	0.93938	0.93938			6
2024.01.25	02:06:16.470	0.93939	0.93939			6
2024.01.25	02:06:16.559	0.93938	0.93938			6
2024.01.25	02:06:17.741	0.93939	0.93939			6
2024.01.25	02:06:17.921	0.93940	0.93940			6
2024.01.25	02:06:17.951	0.93939	0.93939			6
2024.01.25	02:06:18.012	0.93938	0.93938			6
2024.01.25	02:06:21.070	0.93937	0.93937			6
2024.01.25	02:06:21.191	0.93938	0.93938			6
2024.01.25	02:06:21.430	0.93937	0.93937			6
2024.01.25	02:06:27.249	0.93938	0.93938			6
2024.01.25	02:06:36.242	0.93939	0.93939			6
2024.01.25	02:06:36.433	0.93938	0.93938			6
2024.01.25	02:06:36.524	0.93939	0.93939			6
2024.01.25	02:06:38.103	0.93940	0.93940			6
2024.01.25	02:06:38.653	0.93941	0.93941			6
2024.01.25	02:06:38.681	0.93942	0.93942			6
2024.01.25	02:06:38.742	0.93941	0.93941			6
2024.01.25	02:06:39.478	0.93943	0.93943			6
2024.01.25	02:06:39.658	0.93942	0.93942			6
2024.01.25	02:06:42.608	0.93943	0.93943			6
2024.01.25	02:06:43.673	0.93942	0.93942			6
2024.01.25	02:06:45.079	0.93943	0.93943			6
2024.01.25	02:06:45.108	0.93941	0.93941			6
2024.01.25	02:06:53.945	0.93942	0.93942			6
2024.01.25	02:06:55.079	0.93941	0.93941			6
