<DATE>	<TIME>	<BID>	<ASK>	<LAST>	<VOLUME>	<FLAGS>
2024.12.30	00:00:05.256	0.93953	0.93953			6
2024.12.30	00:00:06.431	0.93955	0.93955			6
2024.12.30	00:02:17.339	0.94023	0.94023			6
2024.12.30	00:02:34.823	0.94029	0.94029			6
2024.12.30	00:02:40.480	0.94033	0.94033			6
2024.12.30	00:02:47.245	0.94036	0.94036			6
2024.12.30	00:03:10.709	0.94040	0.94040			6
2024.12.30	00:04:00.596	0.94040				2
2024.12.30	00:05:01.107	0.94029	0.94029			6
2024.12.30	00:05:01.477	0.94031	0.94031			6
2024.12.30	00:05:01.534	0.94040	0.94040			6
2024.12.30	00:05:01.932	0.94032	0.94032			6
2024.12.30	00:05:10.350	0.94022	0.94022			6
2024.12.30	00:05:15.585	0.94029	0.94029			6
2024.12.30	00:05:16.585	0.94021	0.94021			6
2024.12.30	00:05:16.674	0.94010	0.94010			6
2024.12.30	00:05:20.378	0.94016	0.94016			6
2024.12.30	00:05:22.328	0.94026	0.94026			6
2024.12.30	00:05:25.370	0.94016	0.94016			6
2024.12.30	00:05:29.850	0.94027	0.94027			6
2024.12.30	00:05:30.999	0.94016	0.94016			6
2024.12.30	00:05:31.229	0.94028	0.94028			6
2024.12.30	00:05:36.696	0.94036	0.94036			6
2024.12.30	00:05:40.377	0.94035	0.94035			6
2024.12.30	00:05:41.177	0.94046	0.94046			6
2024.12.30	00:05:41.731	0.94035	0.94035			6
2024.12.30	00:05:42.221	0.94046	0.94046			6
2024.12.30	00:05:43.206	0.94035	0.94035			6
2024.12.30	00:05:48.186	0.94036	0.94036			6
2024.12.30	00:06:26.215	0.94030	0.94030			6
2024.12.30	00:06:26.245	0.94036	0.94036			6
2024.12.30	00:06:26.705	0.94039	0.94039			6
2024.12.30	00:06:28.714	0.94040	0.94040			6
2024.12.30	00:06:30.908	0.94041	0.94041			6
2024.12.30	00:06:34.263	0.94044	0.94044			6
2024.12.30	00:07:17.534	0.94054	0.94054			6
2024.12.30	00:07:21.265	0.94055	0.94055			6
2024.12.30	00:07:30.019	0.94054	0.94054			6
2024.12.30	00:07:32.385	0.94055	0.94055			6
2024.12.30	00:07:33.744	0.94051	0.94051			6
2024.12.30	00:07:47.234	0.94055	0.94055			6
2024.12.30	00:07:48.142	0.94045	0.94045			6
2024.12.30	00:08:00.960	0.94046	0.94046			6
2024.12.30	00:08:25.911	0.94054	0.94054			6
2024.12.30	00:08:31.852	0.94053	0.94053			6
2024.12.30	00:08:31.881	0.94054	0.94054			6
2024.12.30	00:08:32.115	0.94049	0.94049			6
2024.12.30	00:08:33.738	0.94051	0.94051			6
2024.12.30	00:08:34.449	0.94049	0.94049			6
2024.12.30	00:08:35.163	0.94050	0.94050			6
2024.12.30	00:08:38.088	0.94048	0.94048			6
2024.12.30	00:08:40.544	0.94047	0.94047			6
2024.12.30	00:08:44.312	0.94048	0.94048			6
2024.12.30	00:08:48.710	0.94047	0.94047			6
2024.12.30	00:08:55.479	0.94048	0.94048			6
2024.12.30	00:09:00.693	0.94050	0.94050			6
2024.12.30	00:09:06.760	0.94051	0.94051			6
2024.12.30	00:09:06.826	0.94049	0.94049			6
2024.12.30	00:09:11.339	0.94047	0.94047			6
2024.12.30	00:09:33.765	0.94048	0.94048			6
2024.12.30	00:09:52.689	0.94050	0.94050			6
2024.12.30	00:09:53.351	0.94048	0.94048			6
2024.12.30	00:10:00.149	0.94055	0.94055			6
2024.12.30	00:10:01.810	0.94054	0.94054			6
2024.12.30	00:10:01.930	0.94048	0.94048			6
2024.12.30	00:10:06.082	0.94044	0.94044			6
2024.12.30	00:10:07.832	0.94048	0.94048			6
2024.12.30	00:10:11.402	0.94047	0.94047			6
2024.12.30	00:10:13.730	0.94048	0.94048			6
2024.12.30	00:10:18.391	0.94045	0.94045			6
2024.12.30	00:10:27.931	0.94050	0.94050			6
2024.12.30	00:10:30.897	0.94045	0.94045			6
2024.12.30	00:10:31.200	0.94044	0.94044			6
2024.12.30	00:10:32.843	0.94045	0.94045			6
2024.12.30	00:10:56.801	0.94038	0.94038			6
2024.12.30	00:11:01.244	0.94048	0.94048			6
2024.12.30	00:11:03.179	0.94038	0.94038			6
2024.12.30	00:12:30.738	0.94068	0.94068			6
2024.12.30	00:12:31.600	0.94069	0.94069			6
2024.12.30	00:12:35.591	0.94068	0.94068			6
2024.12.30	00:12:35.868	0.94069	0.94069			6
2024.12.30	00:12:46.802	0.94070	0.94070			6
2024.12.30	00:12:48.190	0.94068	0.94068			6
2024.12.30	00:13:12.661	0.94069	0.94069			6
2024.12.30	00:13:31.593	0.94068	0.94068			6
2024.12.30	00:13:41.817	0.94067	0.94067			6
2024.12.30	00:14:32.775	0.94068	0.94068			6
2024.12.30	00:14:35.600	0.94067	0.94067			6
2024.12.30	00:14:59.332	0.94065	0.94065			6
2024.12.30	00:15:00.744	0.94063	0.94063			6
2024.12.30	00:15:10.073	0.94068	0.94068			6
2024.12.30	00:15:21.839	0.94065	0.94065			6
2024.12.30	00:15:22.348	0.94068	0.94068			6
2024.12.30	00:15:22.852	0.94067	0.94067			6
2024.12.30	00:15:23.280	0.94066	0.94066			6
2024.12.30	00:15:31.046	0.94067	0.94067			6
2024.12.30	00:15:31.602	0.94065	0.94065			6
2024.12.30	00:15:45.356	0.94072	0.94072			6
2024.12.30	00:15:48.235	0.94040	0.94040			6
2024.12.30	00:15:49.247	0.94041	0.94041			6
2024.12.30	00:15:50.278	0.94040	0.94040			6
2024.12.30	00:15:50.730	0.94041	0.94041			6
2024.12.30	00:15:52.342	0.94043	0.94043			6
2024.12.30	00:15:54.087	0.94047	0.94047			6
2024.12.30	00:15:55.608	0.94043	0.94043			6
2024.12.30	00:15:56.167	0.94044	0.94044			6
2024.12.30	00:15:58.501	0.94045	0.94045			6
2024.12.30	00:16:04.200	0.94046	0.94046			6
2024.12.30	00:16:09.031	0.94045	0.94045			6
2024.12.30	00:16:09.061	0.94046	0.94046			6
2024.12.30	00:16:09.316	0.94048	0.94048			6
2024.12.30	00:16:09.687	0.94047	0.94047			6
2024.12.30	00:16:11.597	0.94048	0.94048			6
2024.12.30	00:16:13.083	0.94047	0.94047			6
2024.12.30	00:16:13.301	0.94048	0.94048			6
2024.12.30	00:16:13.331	0.94054	0.94054			6
2024.12.30	00:16:13.590	0.94055	0.94055			6
2024.12.30	00:16:14.325	0.94056	0.94056			6
2024.12.30	00:16:14.564	0.94054	0.94054			6
2024.12.30	00:16:19.361	0.94053	0.94053			6
2024.12.30	00:16:19.391	0.94050	0.94050			6
2024.12.30	00:16:20.731	0.94051	0.94051			6
2024.12.30	00:16:22.487	0.94050	0.94050			6
2024.12.30	00:16:24.130	0.94051	0.94051			6
2024.12.30	00:16:28.999	0.94052	0.94052			6
2024.12.30	00:16:31.760	0.94053	0.94053			6
2024.12.30	00:16:32.484	0.94051	0.94051			6
2024.12.30	00:16:33.686	0.94052	0.94052			6
2024.12.30	00:16:38.116	0.94053	0.94053			6
2024.12.30	00:16:39.442	0.94054	0.94054			6
2024.12.30	00:16:41.466	0.94056	0.94056			6
2024.12.30	00:16:42.407	0.94055	0.94055			6
2024.12.30	00:16:42.468	0.94054	0.94054			6
2024.12.30	00:16:46.798	0.94055	0.94055			6
2024.12.30	00:16:46.828	0.94057	0.94057			6
2024.12.30	00:16:47.258	0.94056	0.94056			6
2024.12.30	00:16:49.517	0.94055	0.94055			6
2024.12.30	00:16:54.379	0.94054	0.94054			6
2024.12.30	00:17:03.556	0.94053	0.94053			6
2024.12.30	00:17:04.769	0.94054	0.94054			6
2024.12.30	00:17:19.631	0.94055	0.94055			6
2024.12.30	00:17:29.660	0.94054	0.94054			6
2024.12.30	00:17:30.058	0.94055	0.94055			6
2024.12.30	00:17:31.278	0.94054	0.94054			6
2024.12.30	00:17:46.712	0.94055	0.94055			6
2024.12.30	00:17:47.277	0.94054	0.94054			6
2024.12.30	00:18:44.408	0.94055	0.94055			6
2024.12.30	00:18:44.758	0.94056	0.94056			6
2024.12.30	00:18:47.608	0.94055	0.94055			6
2024.12.30	00:18:48.777	0.94056	0.94056			6
2024.12.30	00:18:50.936	0.94055	0.94055			6
2024.12.30	00:19:31.173	0.94056	0.94056			6
2024.12.30	00:20:12.100	0.94057	0.94057			6
2024.12.30	00:20:20.178	0.94058	0.94058			6
2024.12.30	00:20:20.498	0.94057	0.94057			6
2024.12.30	00:20:34.372	0.94055	0.94055			6
2024.12.30	00:20:42.069	0.94054	0.94054			6
2024.12.30	00:20:53.184	0.94055	0.94055			6
2024.12.30	00:20:54.475	0.94054	0.94054			6
2024.12.30	00:20:54.693	0.94055	0.94055			6
2024.12.30	00:20:54.753	0.94058	0.94058			6
2024.12.30	00:20:54.999	0.94056	0.94056			6
2024.12.30	00:21:00.339	0.94053	0.94053			6
2024.12.30	00:21:01.803	0.94054	0.94054			6
2024.12.30	00:21:13.759	0.94052	0.94052			6
2024.12.30	00:21:15.081	0.94054	0.94054			6
2024.12.30	00:21:20.389	0.94055	0.94055			6
2024.12.30	00:21:25.299	0.94054	0.94054			6
2024.12.30	00:21:30.443	0.94047	0.94047			6
2024.12.30	00:21:30.699	0.94046	0.94046			6
2024.12.30	00:21:33.541	0.94044	0.94044			6
2024.12.30	00:21:34.600	0.94043	0.94043			6
2024.12.30	00:21:41.615	0.94045	0.94045			6
2024.12.30	00:21:42.771	0.94044	0.94044			6
2024.12.30	00:21:51.080	0.94046	0.94046			6
2024.12.30	00:21:56.740	0.94044	0.94044			6
2024.12.30	00:21:56.770	0.94049	0.94049			6
2024.12.30	00:22:00.565	0.94050	0.94050			6
2024.12.30	00:22:01.002	0.94049	0.94049			6
2024.12.30	00:22:07.364	0.94050	0.94050			6
2024.12.30	00:22:08.282	0.94049	0.94049			6
2024.12.30	00:23:00.039	0.94049				2
2024.12.30	00:23:45.006	0.94050	0.94050			6
2024.12.30	00:23:45.681	0.94049	0.94049			6
2024.12.30	00:23:54.686	0.94050	0.94050			6
2024.12.30	00:24:41.780	0.94049	0.94049			6
2024.12.30	00:25:10.528	0.94049				2
2024.12.30	00:25:36.683	0.94063	0.94063			6
2024.12.30	00:26:16.885	0.94064	0.94064			6
2024.12.30	00:26:22.998	0.94063	0.94063			6
2024.12.30	00:26:38.279	0.94064	0.94064			6
2024.12.30	00:26:38.765	0.94061	0.94061			6
2024.12.30	00:26:44.518	0.94062	0.94062			6
2024.12.30	00:26:49.057	0.94063	0.94063			6
2024.12.30	00:27:11.560	0.94062	0.94062			6
2024.12.30	00:27:35.994	0.94075	0.94075			6
2024.12.30	00:27:37.598	0.94074	0.94074			6
2024.12.30	00:27:53.211	0.94052	0.94052			6
2024.12.30	00:27:53.315	0.94051	0.94051			6
2024.12.30	00:27:53.579	0.94050	0.94050			6
2024.12.30	00:28:20.745	0.94082	0.94082			6
2024.12.30	00:28:24.268	0.94075	0.94075			6
2024.12.30	00:28:25.286	0.94076	0.94076			6
2024.12.30	00:28:30.084	0.94075	0.94075			6
2024.12.30	00:28:47.229	0.94074	0.94074			6
2024.12.30	00:29:20.292	0.94040	0.94040			6
2024.12.30	00:29:20.567	0.94041	0.94041			6
2024.12.30	00:29:23.823	0.94043	0.94043			6
2024.12.30	00:29:25.325	0.94044	0.94044			6
2024.12.30	00:30:00.078	0.94048	0.94048			6
2024.12.30	00:30:00.137	0.94050	0.94050			6
2024.12.30	00:30:01.395	0.94049	0.94049			6
2024.12.30	00:30:03.087	0.94050	0.94050			6
2024.12.30	00:30:34.892	0.94053	0.94053			6
2024.12.30	00:30:34.921	0.94052	0.94052			6
2024.12.30	00:30:36.763	0.94051	0.94051			6
2024.12.30	00:30:48.006	0.94055	0.94055			6
2024.12.30	00:30:50.617	0.94066	0.94066			6
2024.12.30	00:30:52.299	0.94072	0.94072			6
2024.12.30	00:30:55.742	0.94056	0.94056			6
2024.12.30	00:30:55.942	0.94059	0.94059			6
2024.12.30	00:30:56.092	0.94066	0.94066			6
2024.12.30	00:30:56.154	0.94060	0.94060			6
2024.12.30	00:31:02.318	0.94063	0.94063			6
2024.12.30	00:31:04.086	0.94057	0.94057			6
2024.12.30	00:31:08.539	0.94058	0.94058			6
2024.12.30	00:31:21.147	0.94054	0.94054			6
2024.12.30	00:31:21.207	0.94052	0.94052			6
2024.12.30	00:31:21.358	0.94051	0.94051			6
2024.12.30	00:31:22.620	0.94050	0.94050			6
2024.12.30	00:31:32.619	0.94062	0.94062			6
2024.12.30	00:31:42.849	0.94063	0.94063			6
2024.12.30	00:31:43.338	0.94056	0.94056			6
2024.12.30	00:31:43.397	0.94055	0.94055			6
2024.12.30	00:31:43.457	0.94054	0.94054			6
2024.12.30	00:31:43.487	0.94052	0.94052			6
2024.12.30	00:31:43.522	0.94051	0.94051			6
2024.12.30	00:31:43.891	0.94050	0.94050			6
2024.12.30	00:31:43.983	0.94051	0.94051			6
2024.12.30	00:31:45.371	0.94050	0.94050			6
2024.12.30	00:31:57.749	0.94051	0.94051			6
2024.12.30	00:31:57.810	0.94061	0.94061			6
2024.12.30	00:31:58.763	0.94062	0.94062			6
2024.12.30	00:31:58.823	0.94057	0.94057			6
2024.12.30	00:32:00.411	0.94051	0.94051			6
2024.12.30	00:32:11.851	0.94052	0.94052			6
2024.12.30	00:32:13.344	0.94051	0.94051			6
2024.12.30	00:32:56.900	0.94050	0.94050			6
2024.12.30	00:32:57.127	0.94051	0.94051			6
2024.12.30	00:32:57.457	0.94050	0.94050			6
2024.12.30	00:32:58.066	0.94052	0.94052			6
2024.12.30	00:33:01.288	0.94053	0.94053			6
2024.12.30	00:33:02.262	0.94050	0.94050			6
2024.12.30	00:33:02.923	0.94055	0.94055			6
2024.12.30	00:33:04.740	0.94056	0.94056			6
2024.12.30	00:33:05.482	0.94055	0.94055			6
2024.12.30	00:33:06.013	0.94056	0.94056			6
2024.12.30	00:33:08.841	0.94055	0.94055			6
2024.12.30	00:33:09.701	0.94054	0.94054			6
2024.12.30	00:33:27.618	0.94053	0.94053			6
2024.12.30	00:33:38.089	0.94054	0.94054			6
2024.12.30	00:33:58.884	0.94055	0.94055			6
2024.12.30	00:34:04.703	0.94054	0.94054			6
2024.12.30	00:34:11.234	0.94053	0.94053			6
2024.12.30	00:34:11.383	0.94055	0.94055			6
2024.12.30	00:34:11.489	0.94061	0.94061			6
2024.12.30	00:34:11.520	0.94049	0.94049			6
2024.12.30	00:34:11.580	0.94046	0.94046			6
2024.12.30	00:34:12.476	0.94052	0.94052			6
2024.12.30	00:34:12.536	0.94060	0.94060			6
2024.12.30	00:34:14.213	0.94061	0.94061			6
2024.12.30	00:34:16.059	0.94054	0.94054			6
2024.12.30	00:34:17.601	0.94055	0.94055			6
2024.12.30	00:34:28.382	0.94061	0.94061			6
2024.12.30	00:34:28.506	0.94062	0.94062			6
2024.12.30	00:34:29.355	0.94063	0.94063			6
2024.12.30	00:34:29.474	0.94064	0.94064			6
2024.12.30	00:34:31.011	0.94065	0.94065			6
2024.12.30	00:34:59.480	0.94063	0.94063			6
2024.12.30	00:35:11.029	0.94065	0.94065			6
2024.12.30	00:35:31.927	0.94066	0.94066			6
2024.12.30	00:35:38.895	0.94072	0.94072			6
2024.12.30	00:35:38.988	0.94068	0.94068			6
2024.12.30	00:35:39.045	0.94071	0.94071			6
2024.12.30	00:35:39.135	0.94070	0.94070			6
2024.12.30	00:35:41.669	0.94072	0.94072			6
2024.12.30	00:35:41.835	0.94073	0.94073			6
2024.12.30	00:35:41.924	0.94072	0.94072			6
2024.12.30	00:35:42.667	0.94071	0.94071			6
2024.12.30	00:35:42.727	0.94073	0.94073			6
2024.12.30	00:35:43.955	0.94072	0.94072			6
2024.12.30	00:35:47.133	0.94074	0.94074			6
2024.12.30	00:35:47.727	0.94069	0.94069			6
2024.12.30	00:35:49.614	0.94068	0.94068			6
2024.12.30	00:35:52.998	0.94069	0.94069			6
2024.12.30	00:35:54.969	0.94070	0.94070			6
2024.12.30	00:35:55.044	0.94071	0.94071			6
2024.12.30	00:36:01.317	0.94072	0.94072			6
2024.12.30	00:36:01.363	0.94071	0.94071			6
2024.12.30	00:36:03.855	0.94073	0.94073			6
2024.12.30	00:36:03.914	0.94072	0.94072			6
2024.12.30	00:36:03.944	0.94071	0.94071			6
2024.12.30	00:36:05.133	0.94072	0.94072			6
2024.12.30	00:36:14.973	0.94073	0.94073			6
2024.12.30	00:36:15.005	0.94072	0.94072			6
2024.12.30	00:36:17.230	0.94073	0.94073			6
2024.12.30	00:36:17.290	0.94072	0.94072			6
2024.12.30	00:36:17.457	0.94073	0.94073			6
2024.12.30	00:36:18.497	0.94075	0.94075			6
2024.12.30	00:36:18.556	0.94073	0.94073			6
2024.12.30	00:36:19.305	0.94074	0.94074			6
2024.12.30	00:36:19.426	0.94073	0.94073			6
2024.12.30	00:36:19.502	0.94074	0.94074			6
2024.12.30	00:36:19.629	0.94075	0.94075			6
2024.12.30	00:36:20.868	0.94076	0.94076			6
2024.12.30	00:36:21.691	0.94077	0.94077			6
2024.12.30	00:36:21.797	0.94076	0.94076			6
2024.12.30	00:36:23.958	0.94075	0.94075			6
2024.12.30	00:36:24.001	0.94074	0.94074			6
2024.12.30	00:36:25.728	0.94073	0.94073			6
2024.12.30	00:36:25.789	0.94072	0.94072			6
2024.12.30	00:36:25.904	0.94073	0.94073			6
2024.12.30	00:36:27.843	0.94071	0.94071			6
2024.12.30	00:36:29.010	0.94072	0.94072			6
2024.12.30	00:36:33.982	0.94074	0.94074			6
2024.12.30	00:36:34.074	0.94073	0.94073			6
2024.12.30	00:36:34.598	0.94072	0.94072			6
2024.12.30	00:36:35.043	0.94073	0.94073			6
2024.12.30	00:36:35.074	0.94072	0.94072			6
2024.12.30	00:36:36.311	0.94073	0.94073			6
2024.12.30	00:36:36.856	0.94072	0.94072			6
2024.12.30	00:36:36.889	0.94073	0.94073			6
2024.12.30	00:36:37.305	0.94072	0.94072			6
2024.12.30	00:36:38.075	0.94071	0.94071			6
2024.12.30	00:36:38.225	0.94070	0.94070			6
2024.12.30	00:36:38.320	0.94071	0.94071			6
2024.12.30	00:36:38.355	0.94070	0.94070			6
2024.12.30	00:36:38.507	0.94071	0.94071			6
2024.12.30	00:36:38.567	0.94070	0.94070			6
2024.12.30	00:36:45.196	0.94071	0.94071			6
2024.12.30	00:36:47.933	0.94072	0.94072			6
2024.12.30	00:36:48.325	0.94073	0.94073			6
2024.12.30	00:36:51.826	0.94074	0.94074			6
2024.12.30	00:36:54.551	0.94073	0.94073			6
2024.12.30	00:36:54.752	0.94074	0.94074			6
2024.12.30	00:36:54.813	0.94073	0.94073			6
2024.12.30	00:36:55.226	0.94074	0.94074			6
2024.12.30	00:37:14.216	0.94073	0.94073			6
2024.12.30	00:37:14.616	0.94074	0.94074			6
2024.12.30	00:37:14.697	0.94073	0.94073			6
2024.12.30	00:37:15.265	0.94074	0.94074			6
2024.12.30	00:37:17.780	0.94075	0.94075			6
2024.12.30	00:37:24.457	0.94076	0.94076			6
2024.12.30	00:37:24.517	0.94075	0.94075			6
2024.12.30	00:37:37.396	0.94074	0.94074			6
2024.12.30	00:37:37.429	0.94075	0.94075			6
2024.12.30	00:37:39.105	0.94076	0.94076			6
2024.12.30	00:37:44.606	0.94075	0.94075			6
2024.12.30	00:37:44.666	0.94076	0.94076			6
2024.12.30	00:37:44.757	0.94075	0.94075			6
2024.12.30	00:37:44.817	0.94076	0.94076			6
2024.12.30	00:37:47.051	0.94077	0.94077			6
2024.12.30	00:37:48.872	0.94076	0.94076			6
2024.12.30	00:37:48.904	0.94075	0.94075			6
2024.12.30	00:38:04.359	0.94074	0.94074			6
2024.12.30	00:38:04.460	0.94073	0.94073			6
2024.12.30	00:38:25.332	0.94074	0.94074			6
2024.12.30	00:38:25.856	0.94073	0.94073			6
2024.12.30	00:38:27.399	0.94074	0.94074			6
2024.12.30	00:38:34.783	0.94073	0.94073			6
2024.12.30	00:38:34.875	0.94074	0.94074			6
2024.12.30	00:38:35.432	0.94073	0.94073			6
2024.12.30	00:38:35.684	0.94074	0.94074			6
2024.12.30	00:38:38.421	0.94075	0.94075			6
2024.12.30	00:38:39.373	0.94076	0.94076			6
2024.12.30	00:38:44.650	0.94075	0.94075			6
2024.12.30	00:38:45.402	0.94076	0.94076			6
2024.12.30	00:38:49.985	0.94075	0.94075			6
2024.12.30	00:38:50.250	0.94076	0.94076			6
2024.12.30	00:38:54.926	0.94075	0.94075			6
2024.12.30	00:38:55.482	0.94076	0.94076			6
2024.12.30	00:39:07.869	0.94067	0.94067			6
2024.12.30	00:39:10.808	0.94065	0.94065			6
2024.12.30	00:39:12.878	0.94064	0.94064			6
2024.12.30	00:39:20.304	0.94065	0.94065			6
2024.12.30	00:39:20.698	0.94064	0.94064			6
2024.12.30	00:39:24.567	0.94065	0.94065			6
2024.12.30	00:39:25.156	0.94066	0.94066			6
2024.12.30	00:39:25.650	0.94067	0.94067			6
2024.12.30	00:39:34.564	0.94068	0.94068			6
2024.12.30	00:39:36.134	0.94067	0.94067			6
2024.12.30	00:39:38.055	0.94066	0.94066			6
2024.12.30	00:39:40.980	0.94065	0.94065			6
2024.12.30	00:39:41.417	0.94066	0.94066			6
2024.12.30	00:39:45.117	0.94065	0.94065			6
2024.12.30	00:39:45.626	0.94066	0.94066			6
2024.12.30	00:39:55.926	0.94065	0.94065			6
2024.12.30	00:39:57.079	0.94066	0.94066			6
2024.12.30	00:39:58.931	0.94065	0.94065			6
2024.12.30	00:40:05.076	0.94066	0.94066			6
2024.12.30	00:40:10.389	0.94064	0.94064			6
2024.12.30	00:40:11.450	0.94065	0.94065			6
2024.12.30	00:40:12.456	0.94074	0.94074			6
2024.12.30	00:40:12.821	0.94065	0.94065			6
2024.12.30	00:40:14.814	0.94064	0.94064			6
2024.12.30	00:40:14.935	0.94065	0.94065			6
2024.12.30	00:40:21.456	0.94066	0.94066			6
2024.12.30	00:40:21.992	0.94075	0.94075			6
2024.12.30	00:40:26.787	0.94076	0.94076			6
2024.12.30	00:40:30.732	0.94075	0.94075			6
2024.12.30	00:40:30.792	0.94074	0.94074			6
2024.12.30	00:40:36.290	0.94075	0.94075			6
2024.12.30	00:40:38.086	0.94076	0.94076			6
2024.12.30	00:40:38.146	0.94077	0.94077			6
2024.12.30	00:40:38.533	0.94078	0.94078			6
2024.12.30	00:40:42.011	0.94077	0.94077			6
2024.12.30	00:40:42.098	0.94078	0.94078			6
2024.12.30	00:40:42.199	0.94077	0.94077			6
2024.12.30	00:40:42.463	0.94078	0.94078			6
2024.12.30	00:40:42.558	0.94077	0.94077			6
2024.12.30	00:40:42.653	0.94078	0.94078			6
2024.12.30	00:40:43.025	0.94079	0.94079			6
2024.12.30	00:40:43.086	0.94078	0.94078			6
2024.12.30	00:40:54.097	0.94077	0.94077			6
2024.12.30	00:40:55.615	0.94078	0.94078			6
2024.12.30	00:40:55.903	0.94075	0.94075			6
2024.12.30	00:40:56.023	0.94074	0.94074			6
2024.12.30	00:41:08.379	0.94075	0.94075			6
2024.12.30	00:41:08.679	0.94077	0.94077			6
2024.12.30	00:41:09.280	0.94078	0.94078			6
2024.12.30	00:41:11.202	0.94077	0.94077			6
2024.12.30	00:41:26.441	0.94078	0.94078			6
2024.12.30	00:41:27.673	0.94079	0.94079			6
2024.12.30	00:41:36.440	0.94080	0.94080			6
2024.12.30	00:41:38.058	0.94076	0.94076			6
2024.12.30	00:41:38.210	0.94075	0.94075			6
2024.12.30	00:41:49.296	0.94074	0.94074			6
2024.12.30	00:41:55.941	0.94075	0.94075			6
2024.12.30	00:41:56.373	0.94074	0.94074			6
2024.12.30	00:41:57.073	0.94073	0.94073			6
2024.12.30	00:41:59.193	0.94074	0.94074			6
2024.12.30	00:42:02.205	0.94073	0.94073			6
2024.12.30	00:42:06.527	0.94072	0.94072			6
2024.12.30	00:42:07.635	0.94074	0.94074			6
2024.12.30	00:42:12.466	0.94072	0.94072			6
2024.12.30	00:42:17.843	0.94074	0.94074			6
2024.12.30	00:42:37.671	0.94075	0.94075			6
2024.12.30	00:42:45.301	0.94076	0.94076			6
2024.12.30	00:42:45.391	0.94077	0.94077			6
2024.12.30	00:42:45.481	0.94078	0.94078			6
2024.12.30	00:42:50.696	0.94079	0.94079			6
2024.12.30	00:42:51.404	0.94080	0.94080			6
2024.12.30	00:42:56.859	0.94079	0.94079			6
2024.12.30	00:43:00.948	0.94080	0.94080			6
2024.12.30	00:43:02.513	0.94079	0.94079			6
2024.12.30	00:43:03.414	0.94080	0.94080			6
2024.12.30	00:43:33.070	0.94072	0.94072			6
2024.12.30	00:43:33.132	0.94071	0.94071			6
2024.12.30	00:43:33.190	0.94060	0.94060			6
2024.12.30	00:43:33.220	0.94058	0.94058			6
2024.12.30	00:43:34.087	0.94059	0.94059			6
2024.12.30	00:43:34.147	0.94058	0.94058			6
2024.12.30	00:43:41.308	0.94059	0.94059			6
2024.12.30	00:43:49.180	0.94058	0.94058			6
2024.12.30	00:43:49.283	0.94057	0.94057			6
2024.12.30	00:43:53.531	0.94055	0.94055			6
2024.12.30	00:43:55.261	0.94056	0.94056			6
2024.12.30	00:43:55.291	0.94063	0.94063			6
2024.12.30	00:43:55.351	0.94059	0.94059			6
2024.12.30	00:43:55.920	0.94060	0.94060			6
2024.12.30	00:43:56.250	0.94059	0.94059			6
2024.12.30	00:43:57.032	0.94068	0.94068			6
2024.12.30	00:44:03.292	0.94073	0.94073			6
2024.12.30	00:44:03.889	0.94074	0.94074			6
2024.12.30	00:44:04.010	0.94071	0.94071			6
2024.12.30	00:44:04.101	0.94072	0.94072			6
2024.12.30	00:44:19.091	0.94073	0.94073			6
2024.12.30	00:44:34.106	0.94072	0.94072			6
2024.12.30	00:44:50.042	0.94074	0.94074			6
2024.12.30	00:45:16.022	0.94073	0.94073			6
2024.12.30	00:45:56.320	0.94074	0.94074			6
2024.12.30	00:45:57.294	0.94073	0.94073			6
2024.12.30	00:46:19.183	0.94072	0.94072			6
2024.12.30	00:46:24.121	0.94073	0.94073			6
2024.12.30	00:46:29.590	0.94072	0.94072			6
2024.12.30	00:46:30.643	0.94073	0.94073			6
2024.12.30	00:46:31.969	0.94072	0.94072			6
2024.12.30	00:46:32.149	0.94073	0.94073			6
2024.12.30	00:46:43.591	0.94072	0.94072			6
2024.12.30	00:46:43.621	0.94073	0.94073			6
2024.12.30	00:47:20.251	0.94066	0.94066			6
2024.12.30	00:47:31.813	0.94067	0.94067			6
2024.12.30	00:47:34.857	0.94066	0.94066			6
2024.12.30	00:47:38.690	0.94067	0.94067			6
2024.12.30	00:47:38.748	0.94068	0.94068			6
2024.12.30	00:48:01.529	0.94067	0.94067			6
2024.12.30	00:48:02.087	0.94066	0.94066			6
2024.12.30	00:48:03.512	0.94067	0.94067			6
2024.12.30	00:48:03.543	0.94068	0.94068			6
2024.12.30	00:48:50.529	0.94069	0.94069			6
2024.12.30	00:48:51.690	0.94068	0.94068			6
2024.12.30	00:49:16.892	0.94069	0.94069			6
2024.12.30	00:49:28.794	0.94070	0.94070			6
2024.12.30	00:49:30.404	0.94069	0.94069			6
2024.12.30	00:49:36.813	0.94068	0.94068			6
2024.12.30	00:49:39.755	0.94069	0.94069			6
2024.12.30	00:49:40.866	0.94070	0.94070			6
2024.12.30	00:50:45.844	0.94071	0.94071			6
2024.12.30	00:50:45.875	0.94070	0.94070			6
2024.12.30	00:50:50.928	0.94071	0.94071			6
2024.12.30	00:50:52.153	0.94070	0.94070			6
2024.12.30	00:50:53.615	0.94071	0.94071			6
2024.12.30	00:50:53.918	0.94070	0.94070			6
2024.12.30	00:50:55.633	0.94072	0.94072			6
2024.12.30	00:50:55.692	0.94071	0.94071			6
2024.12.30	00:50:55.905	0.94070	0.94070			6
2024.12.30	00:50:56.968	0.94071	0.94071			6
2024.12.30	00:50:56.998	0.94074	0.94074			6
2024.12.30	00:50:57.058	0.94071	0.94071			6
2024.12.30	00:50:58.225	0.94073	0.94073			6
2024.12.30	00:50:58.331	0.94072	0.94072			6
2024.12.30	00:50:58.361	0.94070	0.94070			6
2024.12.30	00:50:58.510	0.94071	0.94071			6
2024.12.30	00:50:59.777	0.94070	0.94070			6
2024.12.30	00:50:59.872	0.94071	0.94071			6
2024.12.30	00:51:01.113	0.94073	0.94073			6
2024.12.30	00:51:01.203	0.94071	0.94071			6
2024.12.30	00:51:01.710	0.94075	0.94075			6
2024.12.30	00:51:01.771	0.94072	0.94072			6
2024.12.30	00:51:01.801	0.94071	0.94071			6
2024.12.30	00:51:02.467	0.94076	0.94076			6
2024.12.30	00:51:02.498	0.94075	0.94075			6
2024.12.30	00:51:02.558	0.94071	0.94071			6
2024.12.30	00:51:20.057	0.94070	0.94070			6
2024.12.30	00:51:20.646	0.94071	0.94071			6
2024.12.30	00:51:39.095	0.94070	0.94070			6
2024.12.30	00:51:40.919	0.94071	0.94071			6
2024.12.30	00:51:55.303	0.94072	0.94072			6
2024.12.30	00:51:56.274	0.94071	0.94071			6
2024.12.30	00:51:56.304	0.94072	0.94072			6
2024.12.30	00:51:56.776	0.94079	0.94079			6
2024.12.30	00:51:58.143	0.94080	0.94080			6
2024.12.30	00:52:01.664	0.94079	0.94079			6
2024.12.30	00:52:05.066	0.94080	0.94080			6
2024.12.30	00:52:30.332	0.94079	0.94079			6
2024.12.30	00:53:03.109	0.94078	0.94078			6
2024.12.30	00:53:33.103	0.94077	0.94077			6
2024.12.30	00:53:34.242	0.94078	0.94078			6
2024.12.30	00:53:40.943	0.94079	0.94079			6
2024.12.30	00:53:41.003	0.94068	0.94068			6
2024.12.30	00:53:46.863	0.94079	0.94079			6
2024.12.30	00:53:46.925	0.94078	0.94078			6
2024.12.30	00:53:46.954	0.94079	0.94079			6
2024.12.30	00:53:50.355	0.94080	0.94080			6
2024.12.30	00:53:54.388	0.94079	0.94079			6
2024.12.30	00:53:55.571	0.94077	0.94077			6
2024.12.30	00:53:55.666	0.94075	0.94075			6
2024.12.30	00:53:55.923	0.94076	0.94076			6
2024.12.30	00:53:55.999	0.94080	0.94080			6
2024.12.30	00:53:56.555	0.94079	0.94079			6
2024.12.30	00:54:04.914	0.94078	0.94078			6
2024.12.30	00:54:07.669	0.94077	0.94077			6
2024.12.30	00:54:08.079	0.94079	0.94079			6
2024.12.30	00:54:09.184	0.94078	0.94078			6
2024.12.30	00:54:12.774	0.94072	0.94072			6
2024.12.30	00:54:13.405	0.94060	0.94060			6
2024.12.30	00:54:14.337	0.94068	0.94068			6
2024.12.30	00:54:14.592	0.94073	0.94073			6
2024.12.30	00:54:15.676	0.94068	0.94068			6
2024.12.30	00:54:15.833	0.94071	0.94071			6
2024.12.30	00:54:17.320	0.94072	0.94072			6
2024.12.30	00:54:17.877	0.94073	0.94073			6
2024.12.30	00:54:18.955	0.94074	0.94074			6
2024.12.30	00:54:19.047	0.94071	0.94071			6
2024.12.30	00:54:19.106	0.94070	0.94070			6
2024.12.30	00:54:20.154	0.94071	0.94071			6
2024.12.30	00:54:20.184	0.94070	0.94070			6
2024.12.30	00:54:20.248	0.94059	0.94059			6
2024.12.30	00:54:21.385	0.94058	0.94058			6
2024.12.30	00:54:21.413	0.94059	0.94059			6
2024.12.30	00:54:21.474	0.94065	0.94065			6
2024.12.30	00:54:22.274	0.94064	0.94064			6
2024.12.30	00:54:22.335	0.94065	0.94065			6
2024.12.30	00:54:22.988	0.94068	0.94068			6
2024.12.30	00:54:24.350	0.94069	0.94069			6
2024.12.30	00:54:27.488	0.94068	0.94068			6
2024.12.30	00:54:32.888	0.94067	0.94067			6
2024.12.30	00:54:33.846	0.94066	0.94066			6
2024.12.30	00:54:37.385	0.94067	0.94067			6
2024.12.30	00:54:40.257	0.94065	0.94065			6
2024.12.30	00:54:55.871	0.94066	0.94066			6
2024.12.30	00:55:02.306	0.94062	0.94062			6
2024.12.30	00:55:02.366	0.94053	0.94053			6
2024.12.30	00:55:02.456	0.94062	0.94062			6
2024.12.30	00:55:03.029	0.94066	0.94066			6
2024.12.30	00:55:03.059	0.94063	0.94063			6
2024.12.30	00:55:03.119	0.94065	0.94065			6
2024.12.30	00:55:06.444	0.94066	0.94066			6
2024.12.30	00:55:07.304	0.94065	0.94065			6
2024.12.30	00:55:09.369	0.94066	0.94066			6
2024.12.30	00:55:13.567	0.94065	0.94065			6
2024.12.30	00:55:17.212	0.94066	0.94066			6
2024.12.30	00:55:25.199	0.94063	0.94063			6
2024.12.30	00:55:25.306	0.94054	0.94054			6
2024.12.30	00:55:25.396	0.94064	0.94064			6
2024.12.30	00:55:25.937	0.94066	0.94066			6
2024.12.30	00:55:25.996	0.94054	0.94054			6
2024.12.30	00:55:27.755	0.94059	0.94059			6
2024.12.30	00:55:28.061	0.94060	0.94060			6
2024.12.30	00:55:28.137	0.94062	0.94062			6
2024.12.30	00:55:29.572	0.94063	0.94063			6
2024.12.30	00:55:30.202	0.94064	0.94064			6
2024.12.30	00:55:30.567	0.94065	0.94065			6
2024.12.30	00:55:30.658	0.94064	0.94064			6
2024.12.30	00:55:32.006	0.94065	0.94065			6
2024.12.30	00:55:33.166	0.94064	0.94064			6
2024.12.30	00:55:33.355	0.94060	0.94060			6
2024.12.30	00:55:33.419	0.94052	0.94052			6
2024.12.30	00:55:33.479	0.94059	0.94059			6
2024.12.30	00:55:35.254	0.94063	0.94063			6
2024.12.30	00:55:37.937	0.94064	0.94064			6
2024.12.30	00:55:41.382	0.94065	0.94065			6
2024.12.30	00:55:53.386	0.94062	0.94062			6
2024.12.30	00:55:53.432	0.94060	0.94060			6
2024.12.30	00:55:53.493	0.94052	0.94052			6
2024.12.30	00:55:54.951	0.94057	0.94057			6
2024.12.30	00:55:55.071	0.94060	0.94060			6
2024.12.30	00:55:56.113	0.94063	0.94063			6
2024.12.30	00:55:56.354	0.94061	0.94061			6
2024.12.30	00:55:56.420	0.94054	0.94054			6
2024.12.30	00:55:56.541	0.94061	0.94061			6
2024.12.30	00:55:56.945	0.94059	0.94059			6
2024.12.30	00:55:57.035	0.94051	0.94051			6
2024.12.30	00:55:57.146	0.94059	0.94059			6
2024.12.30	00:55:59.786	0.94055	0.94055			6
2024.12.30	00:55:59.878	0.94050	0.94050			6
2024.12.30	00:55:59.969	0.94057	0.94057			6
2024.12.30	00:56:00.029	0.94058	0.94058			6
2024.12.30	00:56:00.139	0.94063	0.94063			6
2024.12.30	00:56:00.228	0.94053	0.94053			6
2024.12.30	00:56:03.657	0.94057	0.94057			6
2024.12.30	00:56:04.305	0.94059	0.94059			6
2024.12.30	00:56:06.373	0.94060	0.94060			6
2024.12.30	00:56:06.693	0.94061	0.94061			6
2024.12.30	00:56:09.737	0.94060	0.94060			6
2024.12.30	00:56:10.370	0.94062	0.94062			6
2024.12.30	00:56:11.541	0.94061	0.94061			6
2024.12.30	00:56:16.189	0.94064	0.94064			6
2024.12.30	00:56:17.495	0.94063	0.94063			6
2024.12.30	00:56:28.587	0.94053	0.94053			6
2024.12.30	00:56:28.707	0.94062	0.94062			6
2024.12.30	00:56:35.548	0.94061	0.94061			6
2024.12.30	00:56:35.608	0.94051	0.94051			6
2024.12.30	00:56:36.616	0.94057	0.94057			6
2024.12.30	00:56:37.346	0.94056	0.94056			6
2024.12.30	00:56:38.082	0.94059	0.94059			6
2024.12.30	00:56:38.408	0.94060	0.94060			6
2024.12.30	00:56:40.410	0.94061	0.94061			6
2024.12.30	00:56:40.576	0.94057	0.94057			6
2024.12.30	00:56:40.670	0.94050	0.94050			6
2024.12.30	00:56:41.221	0.94055	0.94055			6
2024.12.30	00:56:43.952	0.94058	0.94058			6
2024.12.30	00:56:45.474	0.94059	0.94059			6
2024.12.30	00:56:46.158	0.94060	0.94060			6
2024.12.30	00:56:46.393	0.94059	0.94059			6
2024.12.30	00:56:46.461	0.94050	0.94050			6
2024.12.30	00:56:46.633	0.94051	0.94051			6
2024.12.30	00:56:48.102	0.94050	0.94050			6
2024.12.30	00:56:48.245	0.94055	0.94055			6
2024.12.30	00:56:48.454	0.94049	0.94049			6
2024.12.30	00:56:49.985	0.94055	0.94055			6
2024.12.30	00:56:51.365	0.94054	0.94054			6
2024.12.30	00:56:52.702	0.94057	0.94057			6
2024.12.30	00:56:53.750	0.94058	0.94058			6
2024.12.30	00:56:56.326	0.94059	0.94059			6
2024.12.30	00:57:09.044	0.94050	0.94050			6
2024.12.30	00:57:09.104	0.94057	0.94057			6
2024.12.30	00:57:09.448	0.94058	0.94058			6
2024.12.30	00:57:11.781	0.94059	0.94059			6
2024.12.30	00:57:19.397	0.94058	0.94058			6
2024.12.30	00:57:19.457	0.94057	0.94057			6
2024.12.30	00:57:19.517	0.94058	0.94058			6
2024.12.30	00:57:19.963	0.94059	0.94059			6
2024.12.30	00:57:29.190	0.94060	0.94060			6
2024.12.30	00:57:29.758	0.94052	0.94052			6
2024.12.30	00:57:31.383	0.94055	0.94055			6
2024.12.30	00:57:32.603	0.94057	0.94057			6
2024.12.30	00:57:33.129	0.94058	0.94058			6
2024.12.30	00:57:34.966	0.94059	0.94059			6
2024.12.30	00:57:36.387	0.94061	0.94061			6
2024.12.30	00:57:36.446	0.94062	0.94062			6
2024.12.30	00:57:37.272	0.94063	0.94063			6
2024.12.30	00:57:37.903	0.94060	0.94060			6
2024.12.30	00:57:42.583	0.94059	0.94059			6
2024.12.30	00:57:42.643	0.94055	0.94055			6
2024.12.30	00:57:43.051	0.94054	0.94054			6
2024.12.30	00:57:43.632	0.94053	0.94053			6
2024.12.30	00:57:45.428	0.94054	0.94054			6
2024.12.30	00:57:51.132	0.94055	0.94055			6
2024.12.30	00:57:52.286	0.94054	0.94054			6
2024.12.30	00:57:55.915	0.94053	0.94053			6
2024.12.30	00:57:58.841	0.94054	0.94054			6
2024.12.30	00:58:15.121	0.94053	0.94053			6
2024.12.30	00:58:17.798	0.94067	0.94067			6
2024.12.30	00:58:18.787	0.94059	0.94059			6
2024.12.30	00:58:19.219	0.94063	0.94063			6
2024.12.30	00:58:20.564	0.94065	0.94065			6
2024.12.30	00:58:22.591	0.94066	0.94066			6
2024.12.30	00:58:22.998	0.94070	0.94070			6
2024.12.30	00:58:25.331	0.94071	0.94071			6
2024.12.30	00:58:28.899	0.94064	0.94064			6
2024.12.30	00:58:29.080	0.94016	0.94016			6
2024.12.30	00:58:29.470	0.94039	0.94039			6
2024.12.30	00:58:29.927	0.94040	0.94040			6
2024.12.30	00:58:32.816	0.94041	0.94041			6
2024.12.30	00:58:36.096	0.94042	0.94042			6
2024.12.30	00:58:36.173	0.94043	0.94043			6
2024.12.30	00:58:37.653	0.94044	0.94044			6
2024.12.30	00:58:38.196	0.94045	0.94045			6
2024.12.30	00:58:40.344	0.94046	0.94046			6
2024.12.30	00:58:42.998	0.94047	0.94047			6
2024.12.30	00:58:47.507	0.94048	0.94048			6
2024.12.30	00:58:47.868	0.94047	0.94047			6
2024.12.30	00:58:48.171	0.94048	0.94048			6
2024.12.30	00:58:49.289	0.94045	0.94045			6
2024.12.30	00:58:51.109	0.94046	0.94046			6
2024.12.30	00:58:51.699	0.94045	0.94045			6
2024.12.30	00:58:55.024	0.94044	0.94044			6
2024.12.30	00:58:55.085	0.94045	0.94045			6
2024.12.30	00:58:59.234	0.94044	0.94044			6
2024.12.30	00:59:02.061	0.94046	0.94046			6
2024.12.30	00:59:08.845	0.94045	0.94045			6
2024.12.30	00:59:09.882	0.94046	0.94046			6
2024.12.30	00:59:16.728	0.94054	0.94054			6
2024.12.30	00:59:17.209	0.94055	0.94055			6
2024.12.30	00:59:18.437	0.94056	0.94056			6
2024.12.30	00:59:19.037	0.94057	0.94057			6
2024.12.30	00:59:19.283	0.94063	0.94063			6
2024.12.30	00:59:20.317	0.94060	0.94060			6
2024.12.30	00:59:22.622	0.94059	0.94059			6
2024.12.30	00:59:22.918	0.94058	0.94058			6
2024.12.30	00:59:23.070	0.94051	0.94051			6
2024.12.30	00:59:28.357	0.94053	0.94053			6
2024.12.30	00:59:28.418	0.94050	0.94050			6
2024.12.30	00:59:30.897	0.94049	0.94049			6
2024.12.30	00:59:37.399	0.94046	0.94046			6
2024.12.30	00:59:41.006	0.94040	0.94040			6
2024.12.30	00:59:41.096	0.94037	0.94037			6
2024.12.30	00:59:41.515	0.94036	0.94036			6
2024.12.30	00:59:43.561	0.94037	0.94037			6
2024.12.30	00:59:44.145	0.94038	0.94038			6
2024.12.30	00:59:44.237	0.94045	0.94045			6
2024.12.30	00:59:45.336	0.94046	0.94046			6
2024.12.30	00:59:45.398	0.94043	0.94043			6
2024.12.30	00:59:47.034	0.94042	0.94042			6
2024.12.30	00:59:48.374	0.94043	0.94043			6
2024.12.30	00:59:50.640	0.94042	0.94042			6
2024.12.30	00:59:53.698	0.94043	0.94043			6
2024.12.30	00:59:55.606	0.94044	0.94044			6
2024.12.30	00:59:56.722	0.94043	0.94043			6
2024.12.30	00:59:59.402	0.94045	0.94045			6
2024.12.30	01:00:00.049	0.94044	0.94044			6
2024.12.30	01:00:00.189	0.94057	0.94057			6
2024.12.30	01:00:00.248	0.94052	0.94052			6
2024.12.30	01:00:00.307	0.94053	0.94053			6
2024.12.30	01:00:00.337	0.94050	0.94050			6
2024.12.30	01:00:00.667	0.94048	0.94048			6
2024.12.30	01:00:00.697	0.94053	0.94053			6
2024.12.30	01:00:00.909	0.94054	0.94054			6
2024.12.30	01:00:00.999	0.94053	0.94053			6
2024.12.30	01:00:01.122	0.94051	0.94051			6
2024.12.30	01:00:01.152	0.94044	0.94044			6
2024.12.30	01:00:01.214	0.94043	0.94043			6
2024.12.30	01:00:01.301	0.94041	0.94041			6
2024.12.30	01:00:01.360	0.94039	0.94039			6
2024.12.30	01:00:01.390	0.94042	0.94042			6
2024.12.30	01:00:01.510	0.94046	0.94046			6
2024.12.30	01:00:01.540	0.94047	0.94047			6
2024.12.30	01:00:01.661	0.94046	0.94046			6
2024.12.30	01:00:01.810	0.94043	0.94043			6
2024.12.30	01:00:01.903	0.94044	0.94044			6
2024.12.30	01:00:02.113	0.94043	0.94043			6
2024.12.30	01:00:02.203	0.94041	0.94041			6
2024.12.30	01:00:03.278	0.94042	0.94042			6
2024.12.30	01:00:03.337	0.94041	0.94041			6
2024.12.30	01:00:03.368	0.94040	0.94040			6
2024.12.30	01:00:05.358	0.94034	0.94034			6
2024.12.30	01:00:05.447	0.94033	0.94033			6
2024.12.30	01:00:05.808	0.94034	0.94034			6
2024.12.30	01:00:05.868	0.94035	0.94035			6
2024.12.30	01:00:05.897	0.94038	0.94038			6
2024.12.30	01:00:05.958	0.94039	0.94039			6
2024.12.30	01:00:06.632	0.94041	0.94041			6
2024.12.30	01:00:06.663	0.94040	0.94040			6
2024.12.30	01:00:07.696	0.94041	0.94041			6
2024.12.30	01:00:09.078	0.94040	0.94040			6
2024.12.30	01:00:10.078	0.94041	0.94041			6
2024.12.30	01:00:10.140	0.94042	0.94042			6
2024.12.30	01:00:10.438	0.94048	0.94048			6
2024.12.30	01:00:10.538	0.94047	0.94047			6
2024.12.30	01:00:11.356	0.94048	0.94048			6
2024.12.30	01:00:13.204	0.94047	0.94047			6
2024.12.30	01:00:13.469	0.94046	0.94046			6
2024.12.30	01:00:13.710	0.94048	0.94048			6
2024.12.30	01:00:13.859	0.94047	0.94047			6
2024.12.30	01:00:13.919	0.94044	0.94044			6
2024.12.30	01:00:13.981	0.94042	0.94042			6
2024.12.30	01:00:14.787	0.94044	0.94044			6
2024.12.30	01:00:15.058	0.94043	0.94043			6
2024.12.30	01:00:15.897	0.94041	0.94041			6
2024.12.30	01:00:17.805	0.94046	0.94046			6
2024.12.30	01:00:17.926	0.94042	0.94042			6
2024.12.30	01:00:18.287	0.94011	0.94011			6
2024.12.30	01:00:18.346	0.94007	0.94007			6
2024.12.30	01:00:18.497	0.94006	0.94006			6
2024.12.30	01:00:18.527	0.94007	0.94007			6
2024.12.30	01:00:19.128	0.94009	0.94009			6
2024.12.30	01:00:19.491	0.94007	0.94007			6
2024.12.30	01:00:20.009	0.94006	0.94006			6
2024.12.30	01:00:20.710	0.94008	0.94008			6
2024.12.30	01:00:20.860	0.94009	0.94009			6
2024.12.30	01:00:20.921	0.94011	0.94011			6
2024.12.30	01:00:20.950	0.94013	0.94013			6
2024.12.30	01:00:21.371	0.94012	0.94012			6
2024.12.30	01:00:21.734	0.94011	0.94011			6
2024.12.30	01:00:23.223	0.94010	0.94010			6
2024.12.30	01:00:25.314	0.94011	0.94011			6
2024.12.30	01:00:26.624	0.94012	0.94012			6
2024.12.30	01:00:26.864	0.94013	0.94013			6
2024.12.30	01:00:27.765	0.94014	0.94014			6
2024.12.30	01:00:28.036	0.94013	0.94013			6
2024.12.30	01:00:30.109	0.94011	0.94011			6
2024.12.30	01:00:30.258	0.94010	0.94010			6
2024.12.30	01:00:31.213	0.94011	0.94011			6
2024.12.30	01:00:31.303	0.94012	0.94012			6
2024.12.30	01:00:32.317	0.94014	0.94014			6
2024.12.30	01:00:32.775	0.94013	0.94013			6
2024.12.30	01:00:33.466	0.94014	0.94014			6
2024.12.30	01:00:34.847	0.94013	0.94013			6
2024.12.30	01:00:36.162	0.94014	0.94014			6
2024.12.30	01:00:36.310	0.94015	0.94015			6
2024.12.30	01:00:36.400	0.94013	0.94013			6
2024.12.30	01:00:37.823	0.94014	0.94014			6
2024.12.30	01:00:37.884	0.94015	0.94015			6
2024.12.30	01:00:38.374	0.94016	0.94016			6
2024.12.30	01:00:38.434	0.94017	0.94017			6
2024.12.30	01:00:41.361	0.94018	0.94018			6
2024.12.30	01:00:42.007	0.94016	0.94016			6
2024.12.30	01:00:42.129	0.94015	0.94015			6
2024.12.30	01:00:42.219	0.94014	0.94014			6
2024.12.30	01:00:42.307	0.94012	0.94012			6
2024.12.30	01:00:42.639	0.94011	0.94011			6
2024.12.30	01:00:43.149	0.94079	0.94079			6
2024.12.30	01:00:43.299	0.94078	0.94078			6
2024.12.30	01:00:43.329	0.94074	0.94074			6
2024.12.30	01:00:43.604	0.94065	0.94065			6
2024.12.30	01:00:48.546	0.94070	0.94070			6
2024.12.30	01:00:48.635	0.94065	0.94065			6
2024.12.30	01:00:50.375	0.94079	0.94079			6
2024.12.30	01:00:50.405	0.94076	0.94076			6
2024.12.30	01:00:50.464	0.94072	0.94072			6
2024.12.30	01:00:50.555	0.94070	0.94070			6
2024.12.30	01:00:50.976	0.94065	0.94065			6
2024.12.30	01:00:52.974	0.94062	0.94062			6
2024.12.30	01:00:53.035	0.94058	0.94058			6
2024.12.30	01:00:53.125	0.94062	0.94062			6
2024.12.30	01:00:53.185	0.94063	0.94063			6
2024.12.30	01:00:53.606	0.94062	0.94062			6
2024.12.30	01:00:57.089	0.94063	0.94063			6
2024.12.30	01:00:57.119	0.94064	0.94064			6
2024.12.30	01:00:57.318	0.94065	0.94065			6
2024.12.30	01:00:57.377	0.94064	0.94064			6
2024.12.30	01:00:58.422	0.94060	0.94060			6
2024.12.30	01:00:58.579	0.94064	0.94064			6
2024.12.30	01:01:00.250	0.94058	0.94058			6
2024.12.30	01:01:01.371	0.94051	0.94051			6
2024.12.30	01:01:01.490	0.94050	0.94050			6
2024.12.30	01:01:01.550	0.94054	0.94054			6
2024.12.30	01:01:01.792	0.94050	0.94050			6
2024.12.30	01:01:03.238	0.94052	0.94052			6
2024.12.30	01:01:03.391	0.94049	0.94049			6
2024.12.30	01:01:03.601	0.94048	0.94048			6
2024.12.30	01:01:03.762	0.94049	0.94049			6
2024.12.30	01:01:04.094	0.94048	0.94048			6
2024.12.30	01:01:08.221	0.94054	0.94054			6
2024.12.30	01:01:08.252	0.94049	0.94049			6
2024.12.30	01:01:08.314	0.94048	0.94048			6
2024.12.30	01:01:08.341	0.94054	0.94054			6
2024.12.30	01:01:10.058	0.94050	0.94050			6
2024.12.30	01:01:10.120	0.94049	0.94049			6
2024.12.30	01:01:10.367	0.94050	0.94050			6
2024.12.30	01:01:10.577	0.94049	0.94049			6
2024.12.30	01:01:11.609	0.94050	0.94050			6
2024.12.30	01:01:13.325	0.94049	0.94049			6
2024.12.30	01:01:14.991	0.94050	0.94050			6
2024.12.30	01:01:15.231	0.94049	0.94049			6
2024.12.30	01:01:15.322	0.94053	0.94053			6
2024.12.30	01:01:15.381	0.94049	0.94049			6
2024.12.30	01:01:18.306	0.94048	0.94048			6
2024.12.30	01:01:18.546	0.94051	0.94051			6
2024.12.30	01:01:18.667	0.94052	0.94052			6
2024.12.30	01:01:19.742	0.94049	0.94049			6
2024.12.30	01:01:20.411	0.94051	0.94051			6
2024.12.30	01:01:20.502	0.94049	0.94049			6
2024.12.30	01:01:23.335	0.94059	0.94059			6
2024.12.30	01:01:23.487	0.94060	0.94060			6
2024.12.30	01:01:23.907	0.94059	0.94059			6
2024.12.30	01:01:30.208	0.94060	0.94060			6
2024.12.30	01:01:31.997	0.94059	0.94059			6
2024.12.30	01:01:33.205	0.94060	0.94060			6
2024.12.30	01:01:34.700	0.94064	0.94064			6
2024.12.30	01:01:34.854	0.94065	0.94065			6
2024.12.30	01:01:37.039	0.94064	0.94064			6
2024.12.30	01:01:40.084	0.94065	0.94065			6
2024.12.30	01:01:43.050	0.94064	0.94064			6
2024.12.30	01:01:53.928	0.94069	0.94069			6
2024.12.30	01:01:57.049	0.94072	0.94072			6
2024.12.30	01:01:57.109	0.94079	0.94079			6
2024.12.30	01:01:57.537	0.94075	0.94075			6
2024.12.30	01:01:59.080	0.94070	0.94070			6
2024.12.30	01:01:59.260	0.94069	0.94069			6
2024.12.30	01:01:59.878	0.94070	0.94070			6
2024.12.30	01:02:00.524	0.94072	0.94072			6
2024.12.30	01:02:04.125	0.94069	0.94069			6
2024.12.30	01:02:06.491	0.94072	0.94072			6
2024.12.30	01:02:06.550	0.94073	0.94073			6
2024.12.30	01:02:12.300	0.94072	0.94072			6
2024.12.30	01:02:12.332	0.94081	0.94081			6
2024.12.30	01:02:12.422	0.94079	0.94079			6
2024.12.30	01:02:12.453	0.94074	0.94074			6
2024.12.30	01:02:12.513	0.94073	0.94073			6
2024.12.30	01:02:12.663	0.94076	0.94076			6
2024.12.30	01:02:12.692	0.94075	0.94075			6
2024.12.30	01:02:16.249	0.94074	0.94074			6
2024.12.30	01:02:16.309	0.94072	0.94072			6
2024.12.30	01:02:20.437	0.94073	0.94073			6
2024.12.30	01:02:20.469	0.94072	0.94072			6
2024.12.30	01:02:21.216	0.94071	0.94071			6
2024.12.30	01:02:22.660	0.94073	0.94073			6
2024.12.30	01:02:23.354	0.94071	0.94071			6
2024.12.30	01:02:24.301	0.94070	0.94070			6
2024.12.30	01:02:25.443	0.94069	0.94069			6
2024.12.30	01:02:26.786	0.94071	0.94071			6
2024.12.30	01:02:26.847	0.94070	0.94070			6
2024.12.30	01:02:27.494	0.94069	0.94069			6
2024.12.30	01:02:29.624	0.94070	0.94070			6
2024.12.30	01:02:32.373	0.94069	0.94069			6
2024.12.30	01:02:32.403	0.94070	0.94070			6
2024.12.30	01:02:32.618	0.94071	0.94071			6
2024.12.30	01:02:34.781	0.94068	0.94068			6
2024.12.30	01:02:34.901	0.94071	0.94071			6
2024.12.30	01:02:39.683	0.94070	0.94070			6
2024.12.30	01:02:42.398	0.94071	0.94071			6
2024.12.30	01:02:42.765	0.94070	0.94070			6
2024.12.30	01:02:43.108	0.94071	0.94071			6
2024.12.30	01:02:44.274	0.94070	0.94070			6
2024.12.30	01:02:52.936	0.94071	0.94071			6
2024.12.30	01:02:54.185	0.94072	0.94072			6
2024.12.30	01:02:54.856	0.94071	0.94071			6
2024.12.30	01:02:55.319	0.94070	0.94070			6
2024.12.30	01:02:56.832	0.94071	0.94071			6
2024.12.30	01:02:56.952	0.94067	0.94067			6
2024.12.30	01:02:58.013	0.94068	0.94068			6
2024.12.30	01:02:58.914	0.94069	0.94069			6
2024.12.30	01:03:00.189	0.94068	0.94068			6
2024.12.30	01:03:00.429	0.94070	0.94070			6
2024.12.30	01:03:00.489	0.94069	0.94069			6
2024.12.30	01:03:00.639	0.94070	0.94070			6
2024.12.30	01:03:04.222	0.94071	0.94071			6
2024.12.30	01:03:04.483	0.94070	0.94070			6
2024.12.30	01:03:04.513	0.94069	0.94069			6
2024.12.30	01:03:05.118	0.94068	0.94068			6
2024.12.30	01:03:06.026	0.94067	0.94067			6
2024.12.30	01:03:08.497	0.94064	0.94064			6
2024.12.30	01:03:15.943	0.94062	0.94062			6
2024.12.30	01:03:16.229	0.94063	0.94063			6
2024.12.30	01:03:27.025	0.94062	0.94062			6
2024.12.30	01:03:31.372	0.94063	0.94063			6
2024.12.30	01:03:32.904	0.94062	0.94062			6
2024.12.30	01:03:34.731	0.94063	0.94063			6
2024.12.30	01:03:35.078	0.94065	0.94065			6
2024.12.30	01:03:35.169	0.94063	0.94063			6
2024.12.30	01:03:36.584	0.94062	0.94062			6
2024.12.30	01:03:37.039	0.94061	0.94061			6
2024.12.30	01:03:39.517	0.94059	0.94059			6
2024.12.30	01:03:39.577	0.94051	0.94051			6
2024.12.30	01:03:39.638	0.94048	0.94048			6
2024.12.30	01:03:39.668	0.94049	0.94049			6
2024.12.30	01:03:39.848	0.94050	0.94050			6
2024.12.30	01:03:44.945	0.94049	0.94049			6
2024.12.30	01:03:45.034	0.94050	0.94050			6
2024.12.30	01:03:49.631	0.94049	0.94049			6
2024.12.30	01:03:49.661	0.94050	0.94050			6
2024.12.30	01:04:05.313	0.94051	0.94051			6
2024.12.30	01:04:05.372	0.94050	0.94050			6
2024.12.30	01:04:07.035	0.94051	0.94051			6
2024.12.30	01:04:13.029	0.94050	0.94050			6
2024.12.30	01:04:15.682	0.94049	0.94049			6
2024.12.30	01:04:15.712	0.94050	0.94050			6
2024.12.30	01:04:15.802	0.94049	0.94049			6
2024.12.30	01:04:17.794	0.94050	0.94050			6
2024.12.30	01:04:19.050	0.94051	0.94051			6
2024.12.30	01:04:20.019	0.94050	0.94050			6
2024.12.30	01:04:50.206	0.94051	0.94051			6
2024.12.30	01:04:53.065	0.94052	0.94052			6
2024.12.30	01:04:57.207	0.94050	0.94050			6
2024.12.30	01:04:57.266	0.94049	0.94049			6
2024.12.30	01:04:57.573	0.94050	0.94050			6
2024.12.30	01:05:00.139	0.94051	0.94051			6
2024.12.30	01:05:00.201	0.94052	0.94052			6
2024.12.30	01:05:04.838	0.94051	0.94051			6
2024.12.30	01:05:04.898	0.94052	0.94052			6
2024.12.30	01:05:04.928	0.94051	0.94051			6
2024.12.30	01:05:05.019	0.94049	0.94049			6
2024.12.30	01:05:05.332	0.94050	0.94050			6
2024.12.30	01:05:05.452	0.94053	0.94053			6
2024.12.30	01:05:10.053	0.94051	0.94051			6
2024.12.30	01:05:10.084	0.94057	0.94057			6
2024.12.30	01:05:10.404	0.94058	0.94058			6
2024.12.30	01:05:11.817	0.94057	0.94057			6
2024.12.30	01:05:14.235	0.94056	0.94056			6
2024.12.30	01:05:14.537	0.94057	0.94057			6
2024.12.30	01:05:14.882	0.94058	0.94058			6
2024.12.30	01:05:15.152	0.94057	0.94057			6
2024.12.30	01:05:15.183	0.94056	0.94056			6
2024.12.30	01:05:20.233	0.94057	0.94057			6
2024.12.30	01:05:21.767	0.94056	0.94056			6
2024.12.30	01:05:22.009	0.94057	0.94057			6
2024.12.30	01:05:23.788	0.94056	0.94056			6
2024.12.30	01:05:24.802	0.94057	0.94057			6
2024.12.30	01:05:27.774	0.94058	0.94058			6
2024.12.30	01:05:28.572	0.94057	0.94057			6
2024.12.30	01:05:30.083	0.94058	0.94058			6
2024.12.30	01:05:33.535	0.94059	0.94059			6
2024.12.30	01:05:33.626	0.94058	0.94058			6
2024.12.30	01:05:34.741	0.94059	0.94059			6
2024.12.30	01:05:36.511	0.94058	0.94058			6
2024.12.30	01:05:36.963	0.94059	0.94059			6
2024.12.30	01:05:37.024	0.94058	0.94058			6
2024.12.30	01:05:37.723	0.94057	0.94057			6
2024.12.30	01:05:37.820	0.94054	0.94054			6
2024.12.30	01:05:48.185	0.94053	0.94053			6
2024.12.30	01:05:48.245	0.94052	0.94052			6
2024.12.30	01:05:49.487	0.94051	0.94051			6
2024.12.30	01:06:03.633	0.94052	0.94052			6
2024.12.30	01:06:04.895	0.94048	0.94048			6
2024.12.30	01:06:05.014	0.94049	0.94049			6
2024.12.30	01:06:16.618	0.94051	0.94051			6
2024.12.30	01:06:31.661	0.94050	0.94050			6
2024.12.30	01:06:31.691	0.94043	0.94043			6
2024.12.30	01:06:31.722	0.94041	0.94041			6
2024.12.30	01:06:31.781	0.94042	0.94042			6
2024.12.30	01:06:32.042	0.94043	0.94043			6
2024.12.30	01:06:33.087	0.94042	0.94042			6
2024.12.30	01:06:46.769	0.94043	0.94043			6
2024.12.30	01:06:47.204	0.94044	0.94044			6
2024.12.30	01:07:05.793	0.94045	0.94045			6
2024.12.30	01:07:22.528	0.94050	0.94050			6
2024.12.30	01:07:22.587	0.94049	0.94049			6
2024.12.30	01:07:37.110	0.94050	0.94050			6
2024.12.30	01:07:51.065	0.94049	0.94049			6
2024.12.30	01:08:03.890	0.94050	0.94050			6
2024.12.30	01:08:08.365	0.94053	0.94053			6
2024.12.30	01:08:08.424	0.94051	0.94051			6
2024.12.30	01:08:08.457	0.94055	0.94055			6
2024.12.30	01:08:09.058	0.94054	0.94054			6
2024.12.30	01:08:16.413	0.94056	0.94056			6
2024.12.30	01:08:16.463	0.94057	0.94057			6
2024.12.30	01:08:16.503	0.94055	0.94055			6
2024.12.30	01:08:16.899	0.94057	0.94057			6
2024.12.30	01:08:21.165	0.94058	0.94058			6
2024.12.30	01:08:22.504	0.94059	0.94059			6
2024.12.30	01:08:22.809	0.94058	0.94058			6
2024.12.30	01:08:23.154	0.94059	0.94059			6
2024.12.30	01:08:23.517	0.94058	0.94058			6
2024.12.30	01:08:25.417	0.94057	0.94057			6
2024.12.30	01:08:29.900	0.94058	0.94058			6
2024.12.30	01:08:30.021	0.94059	0.94059			6
2024.12.30	01:08:31.022	0.94060	0.94060			6
2024.12.30	01:08:31.051	0.94061	0.94061			6
2024.12.30	01:08:31.110	0.94060	0.94060			6
2024.12.30	01:08:31.260	0.94061	0.94061			6
2024.12.30	01:08:31.321	0.94063	0.94063			6
2024.12.30	01:08:31.384	0.94062	0.94062			6
2024.12.30	01:08:31.410	0.94061	0.94061			6
2024.12.30	01:08:31.836	0.94060	0.94060			6
2024.12.30	01:08:31.897	0.94061	0.94061			6
2024.12.30	01:08:31.987	0.94063	0.94063			6
2024.12.30	01:08:32.076	0.94064	0.94064			6
2024.12.30	01:08:32.136	0.94063	0.94063			6
2024.12.30	01:08:32.527	0.94064	0.94064			6
2024.12.30	01:08:32.945	0.94066	0.94066			6
2024.12.30	01:08:33.871	0.94065	0.94065			6
2024.12.30	01:08:38.130	0.94067	0.94067			6
2024.12.30	01:08:38.190	0.94069	0.94069			6
2024.12.30	01:08:38.251	0.94068	0.94068			6
2024.12.30	01:08:38.372	0.94070	0.94070			6
2024.12.30	01:08:39.024	0.94069	0.94069			6
2024.12.30	01:08:39.372	0.94068	0.94068			6
2024.12.30	01:08:39.437	0.94069	0.94069			6
2024.12.30	01:08:40.772	0.94068	0.94068			6
2024.12.30	01:08:40.802	0.94070	0.94070			6
2024.12.30	01:08:40.862	0.94067	0.94067			6
2024.12.30	01:08:40.952	0.94068	0.94068			6
2024.12.30	01:08:51.056	0.94069	0.94069			6
2024.12.30	01:08:51.464	0.94068	0.94068			6
2024.12.30	01:08:52.260	0.94069	0.94069			6
2024.12.30	01:08:52.440	0.94068	0.94068			6
2024.12.30	01:08:52.470	0.94069	0.94069			6
2024.12.30	01:08:55.070	0.94068	0.94068			6
2024.12.30	01:08:56.806	0.94067	0.94067			6
2024.12.30	01:08:57.265	0.94068	0.94068			6
2024.12.30	01:09:00.347	0.94067	0.94067			6
2024.12.30	01:09:00.557	0.94068	0.94068			6
2024.12.30	01:09:00.587	0.94070	0.94070			6
2024.12.30	01:09:00.707	0.94071	0.94071			6
2024.12.30	01:09:01.084	0.94070	0.94070			6
2024.12.30	01:09:02.100	0.94072	0.94072			6
2024.12.30	01:09:02.128	0.94070	0.94070			6
2024.12.30	01:09:02.219	0.94071	0.94071			6
2024.12.30	01:09:02.702	0.94069	0.94069			6
2024.12.30	01:09:06.158	0.94068	0.94068			6
2024.12.30	01:09:06.218	0.94070	0.94070			6
2024.12.30	01:09:06.279	0.94071	0.94071			6
2024.12.30	01:09:10.839	0.94070	0.94070			6
2024.12.30	01:09:10.992	0.94072	0.94072			6
2024.12.30	01:09:11.081	0.94071	0.94071			6
2024.12.30	01:09:11.110	0.94070	0.94070			6
2024.12.30	01:09:11.276	0.94071	0.94071			6
2024.12.30	01:09:13.209	0.94070	0.94070			6
2024.12.30	01:09:15.046	0.94071	0.94071			6
2024.12.30	01:09:18.453	0.94072	0.94072			6
2024.12.30	01:09:18.573	0.94071	0.94071			6
2024.12.30	01:09:18.792	0.94070	0.94070			6
2024.12.30	01:09:21.026	0.94071	0.94071			6
2024.12.30	01:09:25.361	0.94070	0.94070			6
2024.12.30	01:09:25.391	0.94068	0.94068			6
2024.12.30	01:09:25.421	0.94066	0.94066			6
2024.12.30	01:09:25.480	0.94065	0.94065			6
2024.12.30	01:09:25.675	0.94069	0.94069			6
2024.12.30	01:09:28.289	0.94070	0.94070			6
2024.12.30	01:09:36.079	0.94071	0.94071			6
2024.12.30	01:09:37.043	0.94070	0.94070			6
2024.12.30	01:09:45.023	0.94071	0.94071			6
2024.12.30	01:09:50.948	0.94070	0.94070			6
2024.12.30	01:09:51.079	0.94068	0.94068			6
2024.12.30	01:09:55.076	0.94069	0.94069			6
2024.12.30	01:09:55.175	0.94068	0.94068			6
2024.12.30	01:09:55.293	0.94070	0.94070			6
2024.12.30	01:10:00.135	0.94069	0.94069			6
2024.12.30	01:10:00.194	0.94070	0.94070			6
2024.12.30	01:10:00.959	0.94069	0.94069			6
2024.12.30	01:10:01.260	0.94070	0.94070			6
2024.12.30	01:10:01.350	0.94071	0.94071			6
2024.12.30	01:10:01.502	0.94069	0.94069			6
2024.12.30	01:10:01.749	0.94068	0.94068			6
2024.12.30	01:10:04.503	0.94069	0.94069			6
2024.12.30	01:10:04.562	0.94068	0.94068			6
2024.12.30	01:10:05.751	0.94069	0.94069			6
2024.12.30	01:10:07.885	0.94067	0.94067			6
2024.12.30	01:10:07.916	0.94066	0.94066			6
2024.12.30	01:10:07.953	0.94063	0.94063			6
2024.12.30	01:10:09.477	0.94064	0.94064			6
2024.12.30	01:10:19.265	0.94065	0.94065			6
2024.12.30	01:10:20.092	0.94067	0.94067			6
2024.12.30	01:10:20.152	0.94065	0.94065			6
2024.12.30	01:10:23.025	0.94066	0.94066			6
2024.12.30	01:10:26.014	0.94065	0.94065			6
2024.12.30	01:10:30.039	0.94066	0.94066			6
2024.12.30	01:10:30.160	0.94065	0.94065			6
2024.12.30	01:10:30.249	0.94066	0.94066			6
2024.12.30	01:10:30.666	0.94067	0.94067			6
2024.12.30	01:10:30.987	0.94066	0.94066			6
2024.12.30	01:10:32.015	0.94067	0.94067			6
2024.12.30	01:10:32.529	0.94068	0.94068			6
2024.12.30	01:10:33.520	0.94067	0.94067			6
2024.12.30	01:10:38.013	0.94065	0.94065			6
2024.12.30	01:10:38.103	0.94064	0.94064			6
2024.12.30	01:10:38.439	0.94063	0.94063			6
2024.12.30	01:10:39.466	0.94062	0.94062			6
2024.12.30	01:10:39.728	0.94063	0.94063			6
2024.12.30	01:10:40.636	0.94062	0.94062			6
2024.12.30	01:10:40.668	0.94061	0.94061			6
2024.12.30	01:10:40.727	0.94062	0.94062			6
2024.12.30	01:10:40.756	0.94063	0.94063			6
2024.12.30	01:10:41.086	0.94061	0.94061			6
2024.12.30	01:10:41.180	0.94063	0.94063			6
2024.12.30	01:10:48.032	0.94064	0.94064			6
2024.12.30	01:10:49.588	0.94063	0.94063			6
2024.12.30	01:10:49.619	0.94064	0.94064			6
2024.12.30	01:10:49.650	0.94063	0.94063			6
2024.12.30	01:10:49.769	0.94064	0.94064			6
2024.12.30	01:10:50.928	0.94063	0.94063			6
2024.12.30	01:10:51.737	0.94061	0.94061			6
2024.12.30	01:10:54.140	0.94062	0.94062			6
2024.12.30	01:10:54.200	0.94061	0.94061			6
2024.12.30	01:11:00.022	0.94062	0.94062			6
2024.12.30	01:11:00.682	0.94063	0.94063			6
2024.12.30	01:11:00.834	0.94062	0.94062			6
2024.12.30	01:11:15.426	0.94063	0.94063			6
2024.12.30	01:11:22.990	0.94064	0.94064			6
2024.12.30	01:11:27.428	0.94063	0.94063			6
2024.12.30	01:11:28.940	0.94064	0.94064			6
2024.12.30	01:11:30.038	0.94063	0.94063			6
2024.12.30	01:11:31.869	0.94064	0.94064			6
2024.12.30	01:11:38.929	0.94063	0.94063			6
2024.12.30	01:11:41.463	0.94064	0.94064			6
2024.12.30	01:11:41.493	0.94065	0.94065			6
2024.12.30	01:11:42.110	0.94064	0.94064			6
2024.12.30	01:11:47.758	0.94063	0.94063			6
2024.12.30	01:11:48.765	0.94064	0.94064			6
2024.12.30	01:11:51.990	0.94063	0.94063			6
2024.12.30	01:11:52.019	0.94064	0.94064			6
2024.12.30	01:11:52.078	0.94063	0.94063			6
2024.12.30	01:11:52.138	0.94062	0.94062			6
2024.12.30	01:11:59.488	0.94061	0.94061			6
2024.12.30	01:12:03.625	0.94062	0.94062			6
2024.12.30	01:12:04.055	0.94060	0.94060			6
2024.12.30	01:12:04.085	0.94057	0.94057			6
2024.12.30	01:12:04.145	0.94056	0.94056			6
2024.12.30	01:12:04.236	0.94055	0.94055			6
2024.12.30	01:12:05.263	0.94054	0.94054			6
2024.12.30	01:12:06.554	0.94053	0.94053			6
2024.12.30	01:12:07.429	0.94054	0.94054			6
2024.12.30	01:12:07.489	0.94053	0.94053			6
2024.12.30	01:12:07.984	0.94054	0.94054			6
2024.12.30	01:12:14.234	0.94055	0.94055			6
2024.12.30	01:12:14.493	0.94056	0.94056			6
2024.12.30	01:12:16.269	0.94057	0.94057			6
2024.12.30	01:12:16.328	0.94058	0.94058			6
2024.12.30	01:12:16.387	0.94061	0.94061			6
2024.12.30	01:12:16.481	0.94062	0.94062			6
2024.12.30	01:12:16.749	0.94061	0.94061			6
2024.12.30	01:12:19.561	0.94062	0.94062			6
2024.12.30	01:12:20.455	0.94063	0.94063			6
2024.12.30	01:12:20.514	0.94062	0.94062			6
2024.12.30	01:12:21.309	0.94061	0.94061			6
2024.12.30	01:12:21.648	0.94062	0.94062			6
2024.12.30	01:12:37.008	0.94063	0.94063			6
2024.12.30	01:12:38.854	0.94062	0.94062			6
2024.12.30	01:12:40.755	0.94063	0.94063			6
2024.12.30	01:12:40.846	0.94061	0.94061			6
2024.12.30	01:12:47.009	0.94062	0.94062			6
2024.12.30	01:12:48.032	0.94061	0.94061			6
2024.12.30	01:12:49.028	0.94060	0.94060			6
2024.12.30	01:12:53.034	0.94061	0.94061			6
2024.12.30	01:12:53.764	0.94060	0.94060			6
2024.12.30	01:12:55.034	0.94059	0.94059			6
2024.12.30	01:13:00.053	0.94060	0.94060			6
2024.12.30	01:13:00.598	0.94061	0.94061			6
2024.12.30	01:13:00.658	0.94062	0.94062			6
2024.12.30	01:13:00.839	0.94059	0.94059			6
2024.12.30	01:13:00.960	0.94062	0.94062			6
2024.12.30	01:13:00.989	0.94061	0.94061			6
2024.12.30	01:13:03.065	0.94060	0.94060			6
2024.12.30	01:13:03.415	0.94058	0.94058			6
2024.12.30	01:13:03.534	0.94057	0.94057			6
2024.12.30	01:13:12.042	0.94056	0.94056			6
2024.12.30	01:13:14.344	0.94055	0.94055			6
2024.12.30	01:13:20.042	0.94056	0.94056			6
2024.12.30	01:13:24.719	0.94057	0.94057			6
2024.12.30	01:13:26.068	0.94056	0.94056			6
2024.12.30	01:13:29.053	0.94057	0.94057			6
2024.12.30	01:13:31.093	0.94059	0.94059			6
2024.12.30	01:13:31.180	0.94060	0.94060			6
2024.12.30	01:13:32.084	0.94059	0.94059			6
2024.12.30	01:13:32.529	0.94060	0.94060			6
2024.12.30	01:13:49.098	0.94059	0.94059			6
2024.12.30	01:13:49.283	0.94058	0.94058			6
2024.12.30	01:13:49.641	0.94059	0.94059			6
2024.12.30	01:13:50.061	0.94060	0.94060			6
2024.12.30	01:13:50.839	0.94059	0.94059			6
2024.12.30	01:13:58.057	0.94060	0.94060			6
2024.12.30	01:14:01.985	0.94059	0.94059			6
2024.12.30	01:14:02.045	0.94058	0.94058			6
2024.12.30	01:14:02.135	0.94055	0.94055			6
2024.12.30	01:14:03.453	0.94054	0.94054			6
2024.12.30	01:14:03.914	0.94055	0.94055			6
2024.12.30	01:14:04.831	0.94056	0.94056			6
2024.12.30	01:14:04.860	0.94058	0.94058			6
2024.12.30	01:14:04.950	0.94057	0.94057			6
2024.12.30	01:14:05.775	0.94056	0.94056			6
2024.12.30	01:14:06.942	0.94057	0.94057			6
2024.12.30	01:14:08.571	0.94058	0.94058			6
2024.12.30	01:14:09.937	0.94057	0.94057			6
2024.12.30	01:14:13.903	0.94058	0.94058			6
2024.12.30	01:14:14.830	0.94059	0.94059			6
2024.12.30	01:14:16.174	0.94056	0.94056			6
2024.12.30	01:14:16.233	0.94057	0.94057			6
2024.12.30	01:14:16.384	0.94058	0.94058			6
2024.12.30	01:14:16.600	0.94057	0.94057			6
2024.12.30	01:14:16.912	0.94058	0.94058			6
2024.12.30	01:14:17.187	0.94057	0.94057			6
2024.12.30	01:14:22.038	0.94056	0.94056			6
2024.12.30	01:14:24.048	0.94057	0.94057			6
2024.12.30	01:14:27.074	0.94056	0.94056			6
2024.12.30	01:14:29.023	0.94057	0.94057			6
2024.12.30	01:14:31.041	0.94056	0.94056			6
2024.12.30	01:14:33.023	0.94057	0.94057			6
2024.12.30	01:14:38.949	0.94059	0.94059			6
2024.12.30	01:14:39.442	0.94060	0.94060			6
2024.12.30	01:14:39.472	0.94059	0.94059			6
2024.12.30	01:14:40.088	0.94058	0.94058			6
2024.12.30	01:14:40.596	0.94059	0.94059			6
2024.12.30	01:14:42.988	0.94058	0.94058			6
2024.12.30	01:14:44.019	0.94059	0.94059			6
2024.12.30	01:14:48.059	0.94058	0.94058			6
2024.12.30	01:14:50.021	0.94059	0.94059			6
2024.12.30	01:14:56.859	0.94057	0.94057			6
2024.12.30	01:15:00.069	0.94058	0.94058			6
2024.12.30	01:15:00.129	0.94059	0.94059			6
2024.12.30	01:15:02.308	0.94060	0.94060			6
2024.12.30	01:15:02.488	0.94059	0.94059			6
2024.12.30	01:15:02.548	0.94060	0.94060			6
2024.12.30	01:15:04.219	0.94059	0.94059			6
2024.12.30	01:15:05.207	0.94060	0.94060			6
2024.12.30	01:15:05.479	0.94059	0.94059			6
2024.12.30	01:15:05.669	0.94060	0.94060			6
2024.12.30	01:15:05.820	0.94059	0.94059			6
2024.12.30	01:15:06.726	0.94060	0.94060			6
2024.12.30	01:15:06.819	0.94059	0.94059			6
2024.12.30	01:15:07.727	0.94060	0.94060			6
2024.12.30	01:15:07.878	0.94059	0.94059			6
2024.12.30	01:15:08.181	0.94061	0.94061			6
2024.12.30	01:15:08.334	0.94060	0.94060			6
2024.12.30	01:15:08.395	0.94059	0.94059			6
2024.12.30	01:15:08.575	0.94060	0.94060			6
2024.12.30	01:15:08.634	0.94061	0.94061			6
2024.12.30	01:15:08.697	0.94059	0.94059			6
2024.12.30	01:15:09.243	0.94060	0.94060			6
2024.12.30	01:15:09.333	0.94059	0.94059			6
2024.12.30	01:15:10.349	0.94060	0.94060			6
2024.12.30	01:15:10.486	0.94059	0.94059			6
2024.12.30	01:15:11.262	0.94060	0.94060			6
2024.12.30	01:15:11.538	0.94059	0.94059			6
2024.12.30	01:15:12.375	0.94060	0.94060			6
2024.12.30	01:15:12.525	0.94059	0.94059			6
2024.12.30	01:15:13.298	0.94060	0.94060			6
2024.12.30	01:15:14.045	0.94059	0.94059			6
2024.12.30	01:15:14.839	0.94060	0.94060			6
2024.12.30	01:15:18.069	0.94059	0.94059			6
2024.12.30	01:15:18.608	0.94060	0.94060			6
2024.12.30	01:15:19.353	0.94061	0.94061			6
2024.12.30	01:15:20.069	0.94060	0.94060			6
2024.12.30	01:15:20.368	0.94061	0.94061			6
2024.12.30	01:15:20.518	0.94060	0.94060			6
2024.12.30	01:15:21.416	0.94061	0.94061			6
2024.12.30	01:15:21.530	0.94060	0.94060			6
2024.12.30	01:15:22.008	0.94061	0.94061			6
2024.12.30	01:15:23.560	0.94060	0.94060			6
2024.12.30	01:15:24.037	0.94061	0.94061			6
2024.12.30	01:15:24.519	0.94060	0.94060			6
2024.12.30	01:15:26.595	0.94059	0.94059			6
2024.12.30	01:15:28.486	0.94060	0.94060			6
2024.12.30	01:15:28.643	0.94059	0.94059			6
2024.12.30	01:15:29.528	0.94060	0.94060			6
2024.12.30	01:15:31.773	0.94059	0.94059			6
2024.12.30	01:15:35.593	0.94060	0.94060			6
2024.12.30	01:15:35.986	0.94061	0.94061			6
2024.12.30	01:15:36.076	0.94060	0.94060			6
2024.12.30	01:15:36.439	0.94059	0.94059			6
2024.12.30	01:15:37.343	0.94060	0.94060			6
2024.12.30	01:15:37.494	0.94059	0.94059			6
2024.12.30	01:15:38.425	0.94060	0.94060			6
2024.12.30	01:15:38.852	0.94059	0.94059			6
2024.12.30	01:15:40.424	0.94060	0.94060			6
2024.12.30	01:15:40.649	0.94059	0.94059			6
2024.12.30	01:15:41.995	0.94058	0.94058			6
2024.12.30	01:15:42.025	0.94059	0.94059			6
2024.12.30	01:15:42.084	0.94058	0.94058			6
2024.12.30	01:15:42.748	0.94057	0.94057			6
2024.12.30	01:15:45.037	0.94056	0.94056			6
2024.12.30	01:15:45.127	0.94057	0.94057			6
2024.12.30	01:15:45.739	0.94056	0.94056			6
2024.12.30	01:15:46.038	0.94057	0.94057			6
2024.12.30	01:15:47.407	0.94056	0.94056			6
2024.12.30	01:15:48.037	0.94057	0.94057			6
2024.12.30	01:15:48.327	0.94058	0.94058			6
2024.12.30	01:15:48.417	0.94057	0.94057			6
2024.12.30	01:15:50.314	0.94058	0.94058			6
2024.12.30	01:15:50.435	0.94057	0.94057			6
2024.12.30	01:15:51.308	0.94058	0.94058			6
2024.12.30	01:15:51.485	0.94057	0.94057			6
2024.12.30	01:15:52.087	0.94056	0.94056			6
2024.12.30	01:15:52.315	0.94057	0.94057			6
2024.12.30	01:15:53.341	0.94056	0.94056			6
2024.12.30	01:15:53.374	0.94057	0.94057			6
2024.12.30	01:15:53.434	0.94058	0.94058			6
2024.12.30	01:15:53.585	0.94057	0.94057			6
2024.12.30	01:15:54.446	0.94058	0.94058			6
2024.12.30	01:15:54.609	0.94057	0.94057			6
2024.12.30	01:15:55.367	0.94056	0.94056			6
2024.12.30	01:15:55.444	0.94057	0.94057			6
2024.12.30	01:15:55.505	0.94058	0.94058			6
2024.12.30	01:15:55.625	0.94057	0.94057			6
2024.12.30	01:15:56.517	0.94058	0.94058			6
2024.12.30	01:15:56.625	0.94057	0.94057			6
2024.12.30	01:15:57.436	0.94056	0.94056			6
2024.12.30	01:15:57.525	0.94057	0.94057			6
2024.12.30	01:15:57.586	0.94058	0.94058			6
2024.12.30	01:15:57.668	0.94057	0.94057			6
2024.12.30	01:15:58.598	0.94058	0.94058			6
2024.12.30	01:15:58.688	0.94057	0.94057			6
2024.12.30	01:15:59.037	0.94056	0.94056			6
2024.12.30	01:15:59.339	0.94057	0.94057			6
2024.12.30	01:15:59.488	0.94056	0.94056			6
2024.12.30	01:15:59.594	0.94057	0.94057			6
2024.12.30	01:16:00.022	0.94057				2
2024.12.30	01:16:00.181	0.94056	0.94056			6
2024.12.30	01:16:00.242	0.94055	0.94055			6
2024.12.30	01:16:00.331	0.94054	0.94054			6
2024.12.30	01:16:01.303	0.94055	0.94055			6
2024.12.30	01:16:01.435	0.94054	0.94054			6
2024.12.30	01:16:02.270	0.94055	0.94055			6
2024.12.30	01:16:02.462	0.94054	0.94054			6
2024.12.30	01:16:03.256	0.94055	0.94055			6
2024.12.30	01:16:04.524	0.94054	0.94054			6
2024.12.30	01:16:04.786	0.94055	0.94055			6
2024.12.30	01:16:04.938	0.94054	0.94054			6
2024.12.30	01:16:05.850	0.94055	0.94055			6
2024.12.30	01:16:05.985	0.94054	0.94054			6
2024.12.30	01:16:08.915	0.94055	0.94055			6
2024.12.30	01:16:09.066	0.94054	0.94054			6
2024.12.30	01:16:09.929	0.94055	0.94055			6
2024.12.30	01:16:10.109	0.94054	0.94054			6
2024.12.30	01:16:11.961	0.94055	0.94055			6
2024.12.30	01:16:12.142	0.94054	0.94054			6
2024.12.30	01:16:13.079	0.94055	0.94055			6
2024.12.30	01:16:13.268	0.94054	0.94054			6
2024.12.30	01:16:13.908	0.94055	0.94055			6
2024.12.30	01:16:14.216	0.94054	0.94054			6
2024.12.30	01:16:14.897	0.94055	0.94055			6
2024.12.30	01:16:15.799	0.94056	0.94056			6
2024.12.30	01:16:17.005	0.94055	0.94055			6
2024.12.30	01:16:23.869	0.94053	0.94053			6
2024.12.30	01:16:24.171	0.94052	0.94052			6
2024.12.30	01:16:25.270	0.94053	0.94053			6
2024.12.30	01:16:29.584	0.94052	0.94052			6
2024.12.30	01:16:30.464	0.94053	0.94053			6
2024.12.30	01:16:30.605	0.94052	0.94052			6
2024.12.30	01:16:31.435	0.94053	0.94053			6
2024.12.30	01:16:31.663	0.94052	0.94052			6
2024.12.30	01:16:34.027	0.94053	0.94053			6
2024.12.30	01:16:37.593	0.94052	0.94052			6
2024.12.30	01:16:37.625	0.94053	0.94053			6
2024.12.30	01:16:37.681	0.94052	0.94052			6
2024.12.30	01:16:37.741	0.94051	0.94051			6
2024.12.30	01:16:38.728	0.94050	0.94050			6
2024.12.30	01:16:39.624	0.94051	0.94051			6
2024.12.30	01:16:40.598	0.94050	0.94050			6
2024.12.30	01:16:42.015	0.94051	0.94051			6
2024.12.30	01:16:45.001	0.94050	0.94050			6
2024.12.30	01:16:45.031	0.94051	0.94051			6
2024.12.30	01:16:52.014	0.94052	0.94052			6
2024.12.30	01:16:54.337	0.94051	0.94051			6
2024.12.30	01:16:55.221	0.94052	0.94052			6
2024.12.30	01:16:56.426	0.94051	0.94051			6
2024.12.30	01:16:57.282	0.94052	0.94052			6
2024.12.30	01:16:59.515	0.94051	0.94051			6
2024.12.30	01:17:00.309	0.94051				2
2024.12.30	01:17:00.414	0.94052	0.94052			6
2024.12.30	01:17:01.774	0.94053	0.94053			6
2024.12.30	01:17:02.076	0.94051	0.94051			6
2024.12.30	01:17:04.123	0.94049	0.94049			6
2024.12.30	01:17:04.151	0.94048	0.94048			6
2024.12.30	01:17:04.212	0.94047	0.94047			6
2024.12.30	01:17:04.603	0.94046	0.94046			6
2024.12.30	01:17:05.277	0.94047	0.94047			6
2024.12.30	01:17:06.197	0.94046	0.94046			6
2024.12.30	01:17:07.066	0.94045	0.94045			6
2024.12.30	01:17:07.158	0.94046	0.94046			6
2024.12.30	01:17:07.379	0.94045	0.94045			6
2024.12.30	01:17:07.734	0.94046	0.94046			6
2024.12.30	01:17:08.182	0.94047	0.94047			6
2024.12.30	01:17:09.219	0.94048	0.94048			6
2024.12.30	01:17:10.005	0.94054	0.94054			6
2024.12.30	01:17:10.064	0.94057	0.94057			6
2024.12.30	01:17:10.094	0.94058	0.94058			6
2024.12.30	01:17:10.184	0.94056	0.94056			6
2024.12.30	01:17:11.069	0.94057	0.94057			6
2024.12.30	01:17:11.190	0.94056	0.94056			6
2024.12.30	01:17:11.831	0.94057	0.94057			6
2024.12.30	01:17:12.239	0.94056	0.94056			6
2024.12.30	01:17:13.900	0.94057	0.94057			6
2024.12.30	01:17:14.024	0.94056	0.94056			6
2024.12.30	01:17:15.637	0.94057	0.94057			6
2024.12.30	01:17:16.298	0.94056	0.94056			6
2024.12.30	01:17:17.006	0.94057	0.94057			6
2024.12.30	01:17:17.336	0.94058	0.94058			6
2024.12.30	01:17:17.429	0.94057	0.94057			6
2024.12.30	01:17:17.594	0.94056	0.94056			6
2024.12.30	01:17:18.239	0.94057	0.94057			6
2024.12.30	01:17:18.330	0.94058	0.94058			6
2024.12.30	01:17:18.449	0.94057	0.94057			6
2024.12.30	01:17:18.686	0.94056	0.94056			6
2024.12.30	01:17:19.351	0.94057	0.94057			6
2024.12.30	01:17:19.380	0.94058	0.94058			6
2024.12.30	01:17:19.411	0.94057	0.94057			6
2024.12.30	01:17:21.218	0.94056	0.94056			6
2024.12.30	01:17:21.343	0.94057	0.94057			6
2024.12.30	01:17:22.587	0.94056	0.94056			6
2024.12.30	01:17:23.451	0.94057	0.94057			6
2024.12.30	01:17:24.209	0.94056	0.94056			6
2024.12.30	01:17:24.507	0.94057	0.94057			6
2024.12.30	01:17:24.538	0.94056	0.94056			6
2024.12.30	01:17:25.404	0.94057	0.94057			6
2024.12.30	01:17:25.614	0.94056	0.94056			6
2024.12.30	01:17:26.464	0.94057	0.94057			6
2024.12.30	01:17:26.705	0.94056	0.94056			6
2024.12.30	01:17:27.469	0.94057	0.94057			6
2024.12.30	01:17:27.684	0.94058	0.94058			6
2024.12.30	01:17:27.713	0.94057	0.94057			6
2024.12.30	01:17:28.423	0.94056	0.94056			6
2024.12.30	01:17:28.469	0.94057	0.94057			6
2024.12.30	01:17:28.677	0.94056	0.94056			6
2024.12.30	01:17:29.037	0.94057	0.94057			6
2024.12.30	01:17:29.419	0.94056	0.94056			6
2024.12.30	01:17:29.486	0.94057	0.94057			6
2024.12.30	01:17:29.695	0.94056	0.94056			6
2024.12.30	01:17:30.508	0.94057	0.94057			6
2024.12.30	01:17:30.689	0.94058	0.94058			6
2024.12.30	01:17:30.792	0.94057	0.94057			6
2024.12.30	01:17:31.515	0.94056	0.94056			6
2024.12.30	01:17:31.665	0.94057	0.94057			6
2024.12.30	01:17:31.797	0.94058	0.94058			6
2024.12.30	01:17:31.865	0.94057	0.94057			6
2024.12.30	01:17:33.379	0.94056	0.94056			6
2024.12.30	01:17:33.737	0.94057	0.94057			6
2024.12.30	01:17:33.898	0.94056	0.94056			6
2024.12.30	01:17:34.687	0.94057	0.94057			6
2024.12.30	01:17:34.747	0.94058	0.94058			6
2024.12.30	01:17:34.868	0.94057	0.94057			6
2024.12.30	01:17:35.874	0.94058	0.94058			6
2024.12.30	01:17:35.964	0.94057	0.94057			6
2024.12.30	01:17:36.714	0.94056	0.94056			6
2024.12.30	01:17:36.775	0.94057	0.94057			6
2024.12.30	01:17:38.149	0.94056	0.94056			6
2024.12.30	01:17:38.240	0.94057	0.94057			6
2024.12.30	01:17:38.853	0.94058	0.94058			6
2024.12.30	01:17:39.037	0.94057	0.94057			6
2024.12.30	01:17:39.531	0.94056	0.94056			6
2024.12.30	01:17:39.561	0.94058	0.94058			6
2024.12.30	01:17:42.016	0.94059	0.94059			6
2024.12.30	01:17:42.135	0.94058	0.94058			6
2024.12.30	01:17:43.467	0.94061	0.94061			6
2024.12.30	01:17:43.647	0.94059	0.94059			6
2024.12.30	01:17:43.745	0.94060	0.94060			6
2024.12.30	01:17:44.052	0.94059	0.94059			6
2024.12.30	01:17:44.087	0.94060	0.94060			6
2024.12.30	01:17:44.346	0.94059	0.94059			6
2024.12.30	01:17:45.022	0.94060	0.94060			6
2024.12.30	01:17:47.239	0.94059	0.94059			6
2024.12.30	01:17:48.040	0.94060	0.94060			6
2024.12.30	01:17:48.285	0.94059	0.94059			6
2024.12.30	01:17:49.051	0.94060	0.94060			6
2024.12.30	01:17:49.324	0.94059	0.94059			6
2024.12.30	01:17:50.227	0.94060	0.94060			6
2024.12.30	01:17:51.306	0.94059	0.94059			6
2024.12.30	01:17:52.415	0.94058	0.94058			6
2024.12.30	01:17:53.216	0.94059	0.94059			6
2024.12.30	01:17:53.463	0.94058	0.94058			6
2024.12.30	01:17:54.225	0.94059	0.94059			6
2024.12.30	01:17:54.496	0.94058	0.94058			6
2024.12.30	01:17:56.337	0.94059	0.94059			6
2024.12.30	01:17:56.578	0.94058	0.94058			6
2024.12.30	01:17:57.454	0.94059	0.94059			6
2024.12.30	01:17:59.584	0.94058	0.94058			6
2024.12.30	01:18:00.846	0.94059	0.94059			6
2024.12.30	01:18:00.878	0.94058	0.94058			6
2024.12.30	01:18:01.650	0.94059	0.94059			6
2024.12.30	01:18:01.679	0.94061	0.94061			6
2024.12.30	01:18:02.041	0.94060	0.94060			6
2024.12.30	01:18:02.193	0.94059	0.94059			6
2024.12.30	01:18:02.282	0.94060	0.94060			6
2024.12.30	01:18:03.381	0.94056	0.94056			6
2024.12.30	01:18:03.591	0.94055	0.94055			6
2024.12.30	01:18:03.997	0.94056	0.94056			6
2024.12.30	01:18:04.029	0.94055	0.94055			6
2024.12.30	01:18:05.003	0.94056	0.94056			6
2024.12.30	01:18:05.324	0.94055	0.94055			6
2024.12.30	01:18:06.030	0.94056	0.94056			6
2024.12.30	01:18:06.173	0.94055	0.94055			6
2024.12.30	01:18:07.061	0.94056	0.94056			6
2024.12.30	01:18:07.241	0.94055	0.94055			6
2024.12.30	01:18:08.075	0.94056	0.94056			6
2024.12.30	01:18:09.293	0.94055	0.94055			6
2024.12.30	01:18:10.035	0.94056	0.94056			6
2024.12.30	01:18:10.095	0.94057	0.94057			6
2024.12.30	01:18:10.252	0.94056	0.94056			6
2024.12.30	01:18:11.053	0.94055	0.94055			6
2024.12.30	01:18:11.113	0.94056	0.94056			6
2024.12.30	01:18:11.264	0.94055	0.94055			6
2024.12.30	01:18:11.455	0.94056	0.94056			6
2024.12.30	01:18:12.120	0.94055	0.94055			6
2024.12.30	01:18:12.181	0.94056	0.94056			6
2024.12.30	01:18:12.271	0.94055	0.94055			6
2024.12.30	01:18:12.591	0.94056	0.94056			6
2024.12.30	01:18:13.157	0.94057	0.94057			6
2024.12.30	01:18:13.337	0.94056	0.94056			6
2024.12.30	01:18:13.427	0.94055	0.94055			6
2024.12.30	01:18:14.155	0.94056	0.94056			6
2024.12.30	01:18:14.338	0.94055	0.94055			6
2024.12.30	01:18:14.399	0.94057	0.94057			6
2024.12.30	01:18:14.488	0.94056	0.94056			6
2024.12.30	01:18:14.815	0.94055	0.94055			6
2024.12.30	01:18:15.308	0.94056	0.94056			6
2024.12.30	01:18:15.507	0.94057	0.94057			6
2024.12.30	01:18:15.567	0.94056	0.94056			6
2024.12.30	01:18:16.027	0.94060	0.94060			6
2024.12.30	01:18:16.057	0.94058	0.94058			6
2024.12.30	01:18:16.118	0.94057	0.94057			6
2024.12.30	01:18:16.208	0.94056	0.94056			6
2024.12.30	01:18:16.269	0.94055	0.94055			6
2024.12.30	01:18:17.064	0.94057	0.94057			6
2024.12.30	01:18:17.245	0.94056	0.94056			6
2024.12.30	01:18:17.583	0.94055	0.94055			6
2024.12.30	01:18:18.092	0.94056	0.94056			6
2024.12.30	01:18:18.621	0.94057	0.94057			6
2024.12.30	01:18:19.151	0.94058	0.94058			6
2024.12.30	01:18:19.242	0.94057	0.94057			6
2024.12.30	01:18:20.068	0.94056	0.94056			6
2024.12.30	01:18:20.169	0.94057	0.94057			6
2024.12.30	01:18:21.321	0.94056	0.94056			6
2024.12.30	01:18:22.192	0.94057	0.94057			6
2024.12.30	01:18:24.458	0.94058	0.94058			6
2024.12.30	01:18:24.564	0.94057	0.94057			6
2024.12.30	01:18:24.719	0.94056	0.94056			6
2024.12.30	01:18:25.462	0.94057	0.94057			6
2024.12.30	01:18:25.611	0.94056	0.94056			6
2024.12.30	01:18:25.741	0.94057	0.94057			6
2024.12.30	01:18:27.437	0.94056	0.94056			6
2024.12.30	01:18:27.595	0.94057	0.94057			6
2024.12.30	01:18:27.684	0.94056	0.94056			6
2024.12.30	01:18:27.746	0.94057	0.94057			6
2024.12.30	01:18:30.616	0.94058	0.94058			6
2024.12.30	01:18:30.737	0.94059	0.94059			6
2024.12.30	01:18:30.766	0.94060	0.94060			6
2024.12.30	01:18:31.741	0.94061	0.94061			6
2024.12.30	01:18:32.087	0.94060	0.94060			6
2024.12.30	01:18:32.856	0.94061	0.94061			6
2024.12.30	01:18:33.043	0.94060	0.94060			6
2024.12.30	01:18:33.432	0.94061	0.94061			6
2024.12.30	01:18:35.025	0.94060	0.94060			6
2024.12.30	01:18:36.075	0.94061	0.94061			6
2024.12.30	01:18:36.105	0.94060	0.94060			6
2024.12.30	01:18:36.135	0.94061	0.94061			6
2024.12.30	01:18:38.174	0.94062	0.94062			6
2024.12.30	01:18:38.327	0.94061	0.94061			6
2024.12.30	01:18:39.216	0.94062	0.94062			6
2024.12.30	01:18:39.288	0.94061	0.94061			6
2024.12.30	01:18:40.209	0.94062	0.94062			6
2024.12.30	01:18:40.269	0.94061	0.94061			6
2024.12.30	01:18:42.186	0.94062	0.94062			6
2024.12.30	01:18:42.463	0.94061	0.94061			6
2024.12.30	01:18:43.216	0.94062	0.94062			6
2024.12.30	01:18:44.630	0.94061	0.94061			6
2024.12.30	01:18:45.474	0.94062	0.94062			6
2024.12.30	01:18:46.765	0.94061	0.94061			6
2024.12.30	01:18:47.556	0.94062	0.94062			6
2024.12.30	01:18:47.754	0.94061	0.94061			6
2024.12.30	01:18:48.607	0.94062	0.94062			6
2024.12.30	01:18:48.860	0.94061	0.94061			6
2024.12.30	01:18:49.693	0.94062	0.94062			6
2024.12.30	01:18:49.827	0.94061	0.94061			6
2024.12.30	01:18:50.712	0.94062	0.94062			6
2024.12.30	01:18:50.937	0.94061	0.94061			6
2024.12.30	01:18:51.752	0.94062	0.94062			6
2024.12.30	01:18:51.907	0.94061	0.94061			6
2024.12.30	01:18:52.768	0.94062	0.94062			6
2024.12.30	01:18:52.952	0.94061	0.94061			6
2024.12.30	01:18:53.784	0.94062	0.94062			6
2024.12.30	01:18:53.979	0.94061	0.94061			6
2024.12.30	01:18:54.781	0.94062	0.94062			6
2024.12.30	01:18:54.933	0.94061	0.94061			6
2024.12.30	01:18:55.689	0.94060	0.94060			6
2024.12.30	01:18:55.840	0.94061	0.94061			6
2024.12.30	01:18:56.060	0.94060	0.94060			6
2024.12.30	01:18:56.849	0.94061	0.94061			6
2024.12.30	01:18:57.230	0.94060	0.94060			6
2024.12.30	01:18:57.927	0.94061	0.94061			6
2024.12.30	01:18:59.185	0.94060	0.94060			6
2024.12.30	01:18:59.371	0.94059	0.94059			6
2024.12.30	01:19:00.406	0.94061	0.94061			6
2024.12.30	01:19:00.436	0.94062	0.94062			6
2024.12.30	01:19:00.526	0.94061	0.94061			6
2024.12.30	01:19:00.587	0.94060	0.94060			6
2024.12.30	01:19:01.099	0.94059	0.94059			6
2024.12.30	01:19:02.798	0.94057	0.94057			6
2024.12.30	01:19:03.068	0.94056	0.94056			6
2024.12.30	01:19:03.614	0.94057	0.94057			6
2024.12.30	01:19:04.038	0.94056	0.94056			6
2024.12.30	01:19:09.081	0.94057	0.94057			6
2024.12.30	01:19:09.159	0.94056	0.94056			6
2024.12.30	01:19:11.017	0.94057	0.94057			6
2024.12.30	01:19:11.981	0.94056	0.94056			6
2024.12.30	01:19:12.011	0.94057	0.94057			6
2024.12.30	01:19:15.354	0.94056	0.94056			6
2024.12.30	01:19:15.535	0.94057	0.94057			6
2024.12.30	01:19:20.432	0.94058	0.94058			6
2024.12.30	01:19:20.593	0.94057	0.94057			6
2024.12.30	01:19:21.424	0.94058	0.94058			6
2024.12.30	01:19:21.609	0.94057	0.94057			6
2024.12.30	01:19:24.483	0.94058	0.94058			6
2024.12.30	01:19:25.716	0.94057	0.94057			6
2024.12.30	01:19:28.130	0.94061	0.94061			6
2024.12.30	01:19:28.220	0.94060	0.94060			6
2024.12.30	01:19:28.279	0.94059	0.94059			6
2024.12.30	01:19:29.083	0.94058	0.94058			6
2024.12.30	01:19:29.765	0.94059	0.94059			6
2024.12.30	01:19:29.945	0.94060	0.94060			6
2024.12.30	01:19:30.593	0.94061	0.94061			6
2024.12.30	01:19:32.818	0.94060	0.94060			6
2024.12.30	01:19:35.726	0.94059	0.94059			6
2024.12.30	01:19:35.851	0.94060	0.94060			6
2024.12.30	01:19:36.575	0.94059	0.94059			6
2024.12.30	01:19:36.735	0.94060	0.94060			6
2024.12.30	01:19:37.374	0.94061	0.94061			6
2024.12.30	01:19:38.066	0.94060	0.94060			6
2024.12.30	01:19:38.668	0.94061	0.94061			6
2024.12.30	01:19:41.267	0.94060	0.94060			6
2024.12.30	01:19:41.807	0.94061	0.94061			6
2024.12.30	01:19:41.885	0.94060	0.94060			6
2024.12.30	01:19:41.987	0.94061	0.94061			6
2024.12.30	01:19:42.970	0.94060	0.94060			6
2024.12.30	01:19:43.069	0.94061	0.94061			6
2024.12.30	01:19:44.131	0.94062	0.94062			6
2024.12.30	01:19:44.222	0.94061	0.94061			6
2024.12.30	01:19:44.676	0.94060	0.94060			6
2024.12.30	01:19:46.057	0.94059	0.94059			6
2024.12.30	01:19:46.708	0.94060	0.94060			6
2024.12.30	01:19:46.919	0.94059	0.94059			6
2024.12.30	01:19:47.748	0.94060	0.94060			6
2024.12.30	01:19:48.013	0.94059	0.94059			6
2024.12.30	01:19:48.784	0.94060	0.94060			6
2024.12.30	01:19:48.844	0.94059	0.94059			6
2024.12.30	01:19:50.103	0.94060	0.94060			6
2024.12.30	01:19:50.507	0.94059	0.94059			6
2024.12.30	01:19:50.800	0.94060	0.94060			6
2024.12.30	01:19:51.920	0.94061	0.94061			6
2024.12.30	01:19:52.072	0.94060	0.94060			6
2024.12.30	01:19:52.937	0.94061	0.94061			6
2024.12.30	01:19:53.825	0.94060	0.94060			6
2024.12.30	01:19:54.006	0.94061	0.94061			6
2024.12.30	01:19:54.156	0.94060	0.94060			6
2024.12.30	01:19:54.991	0.94061	0.94061			6
2024.12.30	01:19:55.939	0.94060	0.94060			6
2024.12.30	01:19:55.989	0.94061	0.94061			6
2024.12.30	01:19:56.904	0.94060	0.94060			6
2024.12.30	01:19:57.031	0.94061	0.94061			6
2024.12.30	01:20:00.021	0.94062	0.94062			6
2024.12.30	01:20:00.080	0.94063	0.94063			6
2024.12.30	01:20:00.326	0.94062	0.94062			6
2024.12.30	01:20:00.583	0.94063	0.94063			6
2024.12.30	01:20:03.113	0.94064	0.94064			6
2024.12.30	01:20:03.262	0.94063	0.94063			6
2024.12.30	01:20:04.094	0.94062	0.94062			6
2024.12.30	01:20:04.234	0.94063	0.94063			6
2024.12.30	01:20:04.292	0.94061	0.94061			6
2024.12.30	01:20:04.503	0.94060	0.94060			6
2024.12.30	01:20:05.174	0.94061	0.94061			6
2024.12.30	01:20:05.898	0.94060	0.94060			6
2024.12.30	01:20:10.451	0.94061	0.94061			6
2024.12.30	01:20:10.641	0.94060	0.94060			6
2024.12.30	01:20:11.391	0.94061	0.94061			6
2024.12.30	01:20:11.651	0.94060	0.94060			6
2024.12.30	01:20:12.653	0.94061	0.94061			6
2024.12.30	01:20:12.979	0.94060	0.94060			6
2024.12.30	01:20:13.504	0.94061	0.94061			6
2024.12.30	01:20:13.794	0.94060	0.94060			6
2024.12.30	01:20:14.074	0.94061	0.94061			6
2024.12.30	01:20:16.629	0.94062	0.94062			6
2024.12.30	01:20:16.843	0.94061	0.94061			6
2024.12.30	01:20:24.085	0.94063	0.94063			6
2024.12.30	01:20:24.175	0.94062	0.94062			6
2024.12.30	01:20:24.264	0.94061	0.94061			6
2024.12.30	01:20:26.180	0.94062	0.94062			6
2024.12.30	01:20:26.240	0.94063	0.94063			6
2024.12.30	01:20:27.090	0.94061	0.94061			6
2024.12.30	01:20:27.150	0.94062	0.94062			6
2024.12.30	01:20:27.300	0.94061	0.94061			6
2024.12.30	01:20:27.330	0.94062	0.94062			6
2024.12.30	01:20:27.481	0.94063	0.94063			6
2024.12.30	01:20:30.184	0.94062	0.94062			6
2024.12.30	01:20:30.213	0.94063	0.94063			6
2024.12.30	01:20:31.183	0.94062	0.94062			6
2024.12.30	01:20:31.244	0.94063	0.94063			6
2024.12.30	01:20:32.124	0.94062	0.94062			6
2024.12.30	01:20:32.153	0.94061	0.94061			6
2024.12.30	01:20:33.343	0.94060	0.94060			6
2024.12.30	01:20:34.222	0.94061	0.94061			6
2024.12.30	01:20:34.569	0.94062	0.94062			6
2024.12.30	01:20:34.658	0.94061	0.94061			6
2024.12.30	01:20:35.053	0.94062	0.94062			6
2024.12.30	01:20:35.573	0.94061	0.94061			6
2024.12.30	01:20:35.693	0.94060	0.94060			6
2024.12.30	01:20:36.565	0.94059	0.94059			6
2024.12.30	01:20:37.158	0.94060	0.94060			6
2024.12.30	01:20:37.190	0.94059	0.94059			6
2024.12.30	01:20:39.111	0.94058	0.94058			6
2024.12.30	01:20:39.931	0.94059	0.94059			6
2024.12.30	01:20:40.080	0.94058	0.94058			6
2024.12.30	01:20:40.283	0.94059	0.94059			6
2024.12.30	01:20:43.009	0.94060	0.94060			6
2024.12.30	01:20:43.223	0.94059	0.94059			6
2024.12.30	01:20:44.014	0.94060	0.94060			6
2024.12.30	01:20:44.270	0.94059	0.94059			6
2024.12.30	01:20:49.101	0.94060	0.94060			6
2024.12.30	01:20:49.874	0.94059	0.94059			6
2024.12.30	01:20:50.123	0.94060	0.94060			6
2024.12.30	01:20:50.901	0.94059	0.94059			6
2024.12.30	01:20:51.142	0.94060	0.94060			6
2024.12.30	01:20:51.544	0.94059	0.94059			6
2024.12.30	01:20:53.249	0.94060	0.94060			6
2024.12.30	01:20:54.003	0.94059	0.94059			6
2024.12.30	01:20:54.064	0.94060	0.94060			6
2024.12.30	01:20:54.273	0.94059	0.94059			6
2024.12.30	01:20:58.524	0.94058	0.94058			6
2024.12.30	01:20:58.550	0.94057	0.94057			6
2024.12.30	01:20:58.608	0.94058	0.94058			6
2024.12.30	01:20:58.639	0.94059	0.94059			6
2024.12.30	01:20:58.730	0.94058	0.94058			6
2024.12.30	01:20:58.942	0.94059	0.94059			6
2024.12.30	01:21:00.064	0.94058	0.94058			6
2024.12.30	01:21:00.692	0.94059	0.94059			6
2024.12.30	01:21:00.782	0.94058	0.94058			6
2024.12.30	01:21:01.635	0.94059	0.94059			6
2024.12.30	01:21:01.695	0.94060	0.94060			6
2024.12.30	01:21:01.968	0.94059	0.94059			6
2024.12.30	01:21:02.673	0.94058	0.94058			6
2024.12.30	01:21:02.863	0.94059	0.94059			6
2024.12.30	01:21:04.280	0.94061	0.94061			6
2024.12.30	01:21:04.340	0.94060	0.94060			6
2024.12.30	01:21:04.914	0.94059	0.94059			6
2024.12.30	01:21:05.019	0.94058	0.94058			6
2024.12.30	01:21:05.139	0.94059	0.94059			6
2024.12.30	01:21:05.451	0.94060	0.94060			6
2024.12.30	01:21:05.721	0.94059	0.94059			6
2024.12.30	01:21:06.363	0.94061	0.94061			6
2024.12.30	01:21:06.452	0.94062	0.94062			6
2024.12.30	01:21:06.512	0.94061	0.94061			6
2024.12.30	01:21:06.543	0.94062	0.94062			6
2024.12.30	01:21:06.797	0.94063	0.94063			6
2024.12.30	01:21:11.205	0.94062	0.94062			6
2024.12.30	01:21:12.007	0.94063	0.94063			6
2024.12.30	01:21:12.209	0.94062	0.94062			6
2024.12.30	01:21:13.027	0.94063	0.94063			6
2024.12.30	01:21:13.220	0.94062	0.94062			6
2024.12.30	01:21:14.065	0.94063	0.94063			6
2024.12.30	01:21:14.291	0.94062	0.94062			6
2024.12.30	01:21:15.073	0.94063	0.94063			6
2024.12.30	01:21:15.283	0.94062	0.94062			6
2024.12.30	01:21:15.900	0.94060	0.94060			6
2024.12.30	01:21:15.960	0.94058	0.94058			6
2024.12.30	01:21:16.021	0.94057	0.94057			6
2024.12.30	01:21:16.050	0.94056	0.94056			6
2024.12.30	01:21:16.939	0.94057	0.94057			6
2024.12.30	01:21:17.361	0.94056	0.94056			6
2024.12.30	01:21:17.391	0.94055	0.94055			6
2024.12.30	01:21:18.208	0.94056	0.94056			6
2024.12.30	01:21:18.497	0.94055	0.94055			6
2024.12.30	01:21:18.900	0.94056	0.94056			6
2024.12.30	01:21:19.544	0.94055	0.94055			6
2024.12.30	01:21:20.464	0.94056	0.94056			6
2024.12.30	01:21:20.743	0.94055	0.94055			6
2024.12.30	01:21:23.191	0.94056	0.94056			6
2024.12.30	01:21:23.605	0.94055	0.94055			6
2024.12.30	01:21:30.822	0.94056	0.94056			6
2024.12.30	01:21:31.589	0.94057	0.94057			6
2024.12.30	01:21:32.026	0.94056	0.94056			6
2024.12.30	01:21:32.346	0.94057	0.94057			6
2024.12.30	01:21:32.526	0.94056	0.94056			6
2024.12.30	01:21:32.743	0.94055	0.94055			6
2024.12.30	01:21:33.004	0.94056	0.94056			6
2024.12.30	01:21:40.799	0.94057	0.94057			6
2024.12.30	01:21:40.832	0.94054	0.94054			6
2024.12.30	01:21:40.858	0.94053	0.94053			6
2024.12.30	01:21:40.888	0.94054	0.94054			6
2024.12.30	01:21:40.978	0.94053	0.94053			6
2024.12.30	01:21:41.934	0.94054	0.94054			6
2024.12.30	01:21:42.024	0.94055	0.94055			6
2024.12.30	01:21:42.054	0.94054	0.94054			6
2024.12.30	01:21:42.203	0.94053	0.94053			6
2024.12.30	01:21:43.270	0.94054	0.94054			6
2024.12.30	01:21:43.379	0.94053	0.94053			6
2024.12.30	01:21:44.271	0.94054	0.94054			6
2024.12.30	01:21:44.343	0.94053	0.94053			6
2024.12.30	01:21:44.374	0.94052	0.94052			6
2024.12.30	01:21:45.308	0.94053	0.94053			6
2024.12.30	01:21:45.438	0.94052	0.94052			6
2024.12.30	01:21:45.802	0.94053	0.94053			6
2024.12.30	01:21:45.832	0.94054	0.94054			6
2024.12.30	01:21:46.381	0.94055	0.94055			6
2024.12.30	01:21:46.411	0.94056	0.94056			6
2024.12.30	01:21:46.472	0.94055	0.94055			6
2024.12.30	01:21:50.399	0.94056	0.94056			6
2024.12.30	01:21:50.601	0.94055	0.94055			6
2024.12.30	01:21:51.426	0.94056	0.94056			6
2024.12.30	01:21:51.456	0.94057	0.94057			6
2024.12.30	01:21:51.517	0.94058	0.94058			6
2024.12.30	01:21:51.768	0.94057	0.94057			6
2024.12.30	01:21:52.515	0.94058	0.94058			6
2024.12.30	01:21:52.787	0.94059	0.94059			6
2024.12.30	01:21:52.969	0.94058	0.94058			6
2024.12.30	01:21:54.178	0.94059	0.94059			6
2024.12.30	01:21:54.490	0.94058	0.94058			6
2024.12.30	01:21:55.413	0.94059	0.94059			6
2024.12.30	01:21:55.600	0.94058	0.94058			6
2024.12.30	01:21:57.676	0.94057	0.94057			6
2024.12.30	01:21:58.519	0.94058	0.94058			6
2024.12.30	01:21:58.596	0.94057	0.94057			6
2024.12.30	01:21:58.626	0.94056	0.94056			6
2024.12.30	01:21:58.686	0.94054	0.94054			6
2024.12.30	01:21:58.874	0.94053	0.94053			6
2024.12.30	01:22:00.967	0.94054	0.94054			6
2024.12.30	01:22:01.703	0.94053	0.94053			6
2024.12.30	01:22:01.951	0.94054	0.94054			6
2024.12.30	01:22:02.933	0.94053	0.94053			6
2024.12.30	01:22:03.841	0.94054	0.94054			6
2024.12.30	01:22:04.040	0.94053	0.94053			6
2024.12.30	01:22:05.069	0.94054	0.94054			6
2024.12.30	01:22:08.136	0.94053	0.94053			6
2024.12.30	01:22:08.989	0.94054	0.94054			6
2024.12.30	01:22:09.199	0.94053	0.94053			6
2024.12.30	01:22:10.112	0.94054	0.94054			6
2024.12.30	01:22:10.202	0.94053	0.94053			6
2024.12.30	01:22:11.068	0.94054	0.94054			6
2024.12.30	01:22:11.278	0.94053	0.94053			6
2024.12.30	01:22:12.000	0.94054	0.94054			6
2024.12.30	01:22:12.243	0.94055	0.94055			6
2024.12.30	01:22:12.273	0.94054	0.94054			6
2024.12.30	01:22:13.153	0.94055	0.94055			6
2024.12.30	01:22:13.182	0.94054	0.94054			6
2024.12.30	01:22:15.180	0.94055	0.94055			6
2024.12.30	01:22:15.385	0.94054	0.94054			6
2024.12.30	01:22:17.208	0.94055	0.94055			6
2024.12.30	01:22:17.442	0.94054	0.94054			6
2024.12.30	01:22:19.015	0.94055	0.94055			6
2024.12.30	01:22:20.549	0.94054	0.94054			6
2024.12.30	01:22:21.408	0.94055	0.94055			6
2024.12.30	01:22:21.587	0.94054	0.94054			6
2024.12.30	01:22:22.459	0.94055	0.94055			6
2024.12.30	01:22:23.000	0.94054	0.94054			6
2024.12.30	01:22:23.528	0.94055	0.94055			6
2024.12.30	01:22:23.659	0.94054	0.94054			6
2024.12.30	01:22:25.032	0.94055	0.94055			6
2024.12.30	01:22:26.385	0.94054	0.94054			6
2024.12.30	01:22:26.943	0.94055	0.94055			6
2024.12.30	01:22:27.834	0.94054	0.94054			6
2024.12.30	01:22:28.872	0.94055	0.94055			6
2024.12.30	01:22:30.726	0.94054	0.94054			6
2024.12.30	01:22:30.799	0.94055	0.94055			6
2024.12.30	01:22:30.889	0.94054	0.94054			6
2024.12.30	01:22:31.791	0.94055	0.94055			6
2024.12.30	01:22:32.829	0.94054	0.94054			6
2024.12.30	01:22:32.859	0.94055	0.94055			6
2024.12.30	01:22:32.980	0.94054	0.94054			6
2024.12.30	01:22:33.070	0.94055	0.94055			6
2024.12.30	01:22:34.599	0.94054	0.94054			6
2024.12.30	01:22:34.878	0.94055	0.94055			6
2024.12.30	01:22:35.043	0.94054	0.94054			6
2024.12.30	01:22:35.951	0.94055	0.94055			6
2024.12.30	01:22:36.043	0.94054	0.94054			6
2024.12.30	01:22:36.997	0.94055	0.94055			6
2024.12.30	01:22:37.122	0.94054	0.94054			6
2024.12.30	01:22:37.212	0.94055	0.94055			6
2024.12.30	01:22:38.884	0.94058	0.94058			6
2024.12.30	01:22:38.944	0.94059	0.94059			6
2024.12.30	01:22:39.093	0.94058	0.94058			6
2024.12.30	01:22:40.072	0.94056	0.94056			6
2024.12.30	01:22:40.991	0.94055	0.94055			6
2024.12.30	01:22:41.171	0.94054	0.94054			6
2024.12.30	01:22:41.500	0.94055	0.94055			6
2024.12.30	01:22:41.650	0.94054	0.94054			6
2024.12.30	01:22:42.030	0.94053	0.94053			6
2024.12.30	01:22:42.091	0.94054	0.94054			6
2024.12.30	01:22:43.119	0.94055	0.94055			6
2024.12.30	01:22:43.180	0.94054	0.94054			6
2024.12.30	01:22:44.156	0.94055	0.94055			6
2024.12.30	01:22:44.252	0.94054	0.94054			6
2024.12.30	01:22:45.013	0.94053	0.94053			6
2024.12.30	01:22:45.163	0.94054	0.94054			6
2024.12.30	01:22:47.433	0.94055	0.94055			6
2024.12.30	01:22:47.552	0.94056	0.94056			6
2024.12.30	01:22:47.802	0.94055	0.94055			6
2024.12.30	01:22:48.654	0.94056	0.94056			6
2024.12.30	01:22:48.774	0.94055	0.94055			6
2024.12.30	01:22:50.705	0.94056	0.94056			6
2024.12.30	01:22:50.847	0.94055	0.94055			6
2024.12.30	01:22:51.729	0.94056	0.94056			6
2024.12.30	01:22:51.884	0.94055	0.94055			6
2024.12.30	01:22:52.773	0.94056	0.94056			6
2024.12.30	01:22:52.953	0.94055	0.94055			6
2024.12.30	01:22:53.046	0.94056	0.94056			6
2024.12.30	01:22:55.885	0.94057	0.94057			6
2024.12.30	01:22:56.005	0.94056	0.94056			6
2024.12.30	01:22:56.125	0.94057	0.94057			6
2024.12.30	01:22:56.274	0.94056	0.94056			6
2024.12.30	01:22:56.926	0.94057	0.94057			6
2024.12.30	01:22:57.536	0.94058	0.94058			6
2024.12.30	01:22:57.843	0.94056	0.94056			6
2024.12.30	01:22:57.934	0.94057	0.94057			6
2024.12.30	01:22:58.083	0.94056	0.94056			6
2024.12.30	01:22:59.049	0.94057	0.94057			6
2024.12.30	01:22:59.139	0.94056	0.94056			6
2024.12.30	01:23:00.005	0.94057	0.94057			6
2024.12.30	01:23:00.217	0.94056	0.94056			6
2024.12.30	01:23:01.025	0.94057	0.94057			6
2024.12.30	01:23:08.374	0.94058	0.94058			6
2024.12.30	01:23:09.400	0.94057	0.94057			6
2024.12.30	01:23:10.333	0.94058	0.94058			6
2024.12.30	01:23:10.408	0.94057	0.94057			6
2024.12.30	01:23:14.644	0.94058	0.94058			6
2024.12.30	01:23:15.421	0.94057	0.94057			6
2024.12.30	01:23:35.025	0.94056	0.94056			6
2024.12.30	01:23:35.878	0.94057	0.94057			6
2024.12.30	01:23:35.985	0.94056	0.94056			6
2024.12.30	01:23:37.841	0.94057	0.94057			6
2024.12.30	01:23:38.075	0.94056	0.94056			6
2024.12.30	01:23:45.434	0.94057	0.94057			6
2024.12.30	01:23:46.171	0.94058	0.94058			6
2024.12.30	01:23:47.941	0.94057	0.94057			6
2024.12.30	01:23:48.181	0.94056	0.94056			6
2024.12.30	01:23:48.257	0.94057	0.94057			6
2024.12.30	01:23:48.385	0.94056	0.94056			6
2024.12.30	01:23:48.415	0.94057	0.94057			6
2024.12.30	01:23:49.319	0.94058	0.94058			6
2024.12.30	01:23:49.410	0.94057	0.94057			6
2024.12.30	01:23:50.328	0.94058	0.94058			6
2024.12.30	01:23:50.480	0.94057	0.94057			6
2024.12.30	01:23:50.518	0.94056	0.94056			6
2024.12.30	01:23:51.317	0.94057	0.94057			6
2024.12.30	01:23:51.467	0.94056	0.94056			6
2024.12.30	01:23:52.377	0.94057	0.94057			6
2024.12.30	01:23:52.619	0.94056	0.94056			6
2024.12.30	01:23:53.553	0.94055	0.94055			6
2024.12.30	01:23:54.450	0.94056	0.94056			6
2024.12.30	01:23:54.603	0.94055	0.94055			6
2024.12.30	01:23:55.490	0.94056	0.94056			6
2024.12.30	01:23:55.640	0.94055	0.94055			6
2024.12.30	01:23:56.498	0.94056	0.94056			6
2024.12.30	01:23:56.625	0.94055	0.94055			6
2024.12.30	01:23:56.942	0.94056	0.94056			6
2024.12.30	01:23:57.551	0.94057	0.94057			6
2024.12.30	01:23:57.672	0.94056	0.94056			6
2024.12.30	01:23:58.566	0.94057	0.94057			6
2024.12.30	01:23:58.654	0.94056	0.94056			6
2024.12.30	01:23:58.714	0.94057	0.94057			6
2024.12.30	01:23:58.851	0.94056	0.94056			6
2024.12.30	01:23:59.480	0.94055	0.94055			6
2024.12.30	01:23:59.724	0.94056	0.94056			6
2024.12.30	01:23:59.884	0.94055	0.94055			6
2024.12.30	01:24:00.112	0.94055				2
2024.12.30	01:24:00.733	0.94056	0.94056			6
2024.12.30	01:24:00.943	0.94055	0.94055			6
2024.12.30	01:24:01.775	0.94056	0.94056			6
2024.12.30	01:24:01.805	0.94057	0.94057			6
2024.12.30	01:24:01.926	0.94056	0.94056			6
2024.12.30	01:24:02.081	0.94055	0.94055			6
2024.12.30	01:24:02.780	0.94056	0.94056			6
2024.12.30	01:24:03.837	0.94055	0.94055			6
2024.12.30	01:24:03.867	0.94056	0.94056			6
2024.12.30	01:24:04.017	0.94055	0.94055			6
2024.12.30	01:24:04.875	0.94056	0.94056			6
2024.12.30	01:24:05.085	0.94055	0.94055			6
2024.12.30	01:24:05.869	0.94056	0.94056			6
2024.12.30	01:24:08.201	0.94055	0.94055			6
2024.12.30	01:24:09.002	0.94056	0.94056			6
2024.12.30	01:24:09.219	0.94055	0.94055			6
2024.12.30	01:24:10.144	0.94056	0.94056			6
2024.12.30	01:24:10.209	0.94057	0.94057			6
2024.12.30	01:24:10.268	0.94056	0.94056			6
2024.12.30	01:24:10.929	0.94055	0.94055			6
2024.12.30	01:24:11.074	0.94056	0.94056			6
2024.12.30	01:24:11.172	0.94057	0.94057			6
2024.12.30	01:24:11.266	0.94056	0.94056			6
2024.12.30	01:24:11.436	0.94055	0.94055			6
2024.12.30	01:24:12.134	0.94056	0.94056			6
2024.12.30	01:24:12.224	0.94057	0.94057			6
2024.12.30	01:24:12.285	0.94056	0.94056			6
2024.12.30	01:24:12.482	0.94055	0.94055			6
2024.12.30	01:24:13.200	0.94056	0.94056			6
2024.12.30	01:24:13.360	0.94055	0.94055			6
2024.12.30	01:24:14.063	0.94056	0.94056			6
2024.12.30	01:24:17.476	0.94057	0.94057			6
2024.12.30	01:24:17.755	0.94056	0.94056			6
2024.12.30	01:24:18.269	0.94057	0.94057			6
2024.12.30	01:24:18.481	0.94056	0.94056			6
2024.12.30	01:24:22.833	0.94057	0.94057			6
2024.12.30	01:24:26.051	0.94056	0.94056			6
2024.12.30	01:24:26.587	0.94055	0.94055			6
2024.12.30	01:24:26.692	0.94056	0.94056			6
2024.12.30	01:24:26.783	0.94055	0.94055			6
2024.12.30	01:24:27.683	0.94056	0.94056			6
2024.12.30	01:24:29.084	0.94055	0.94055			6
2024.12.30	01:24:29.825	0.94056	0.94056			6
2024.12.30	01:24:29.941	0.94055	0.94055			6
2024.12.30	01:24:30.830	0.94056	0.94056			6
2024.12.30	01:24:30.983	0.94055	0.94055			6
2024.12.30	01:24:33.958	0.94056	0.94056			6
2024.12.30	01:24:34.080	0.94055	0.94055			6
2024.12.30	01:24:35.634	0.94056	0.94056			6
2024.12.30	01:24:35.694	0.94055	0.94055			6
2024.12.30	01:24:37.115	0.94056	0.94056			6
2024.12.30	01:24:37.328	0.94055	0.94055			6
2024.12.30	01:24:38.293	0.94056	0.94056			6
2024.12.30	01:24:39.123	0.94057	0.94057			6
2024.12.30	01:24:39.503	0.94056	0.94056			6
2024.12.30	01:24:39.565	0.94057	0.94057			6
2024.12.30	01:24:40.515	0.94056	0.94056			6
2024.12.30	01:24:41.345	0.94057	0.94057			6
2024.12.30	01:24:41.465	0.94056	0.94056			6
2024.12.30	01:24:42.364	0.94057	0.94057			6
2024.12.30	01:24:42.526	0.94056	0.94056			6
2024.12.30	01:24:43.378	0.94057	0.94057			6
2024.12.30	01:24:43.576	0.94056	0.94056			6
2024.12.30	01:24:44.377	0.94057	0.94057			6
2024.12.30	01:24:44.709	0.94056	0.94056			6
2024.12.30	01:24:45.601	0.94057	0.94057			6
2024.12.30	01:24:46.319	0.94056	0.94056			6
2024.12.30	01:24:46.508	0.94057	0.94057			6
2024.12.30	01:24:46.599	0.94056	0.94056			6
2024.12.30	01:24:46.852	0.94057	0.94057			6
2024.12.30	01:24:46.911	0.94058	0.94058			6
2024.12.30	01:24:47.004	0.94057	0.94057			6
2024.12.30	01:24:47.772	0.94056	0.94056			6
2024.12.30	01:24:47.862	0.94054	0.94054			6
2024.12.30	01:24:48.074	0.94053	0.94053			6
2024.12.30	01:24:48.163	0.94054	0.94054			6
2024.12.30	01:24:48.372	0.94053	0.94053			6
2024.12.30	01:24:48.821	0.94054	0.94054			6
2024.12.30	01:24:49.035	0.94053	0.94053			6
2024.12.30	01:24:50.051	0.94051	0.94051			6
2024.12.30	01:24:51.199	0.94052	0.94052			6
2024.12.30	01:24:51.259	0.94051	0.94051			6
2024.12.30	01:24:51.842	0.94052	0.94052			6
2024.12.30	01:24:51.872	0.94051	0.94051			6
2024.12.30	01:24:52.885	0.94052	0.94052			6
2024.12.30	01:24:52.977	0.94053	0.94053			6
2024.12.30	01:24:53.164	0.94052	0.94052			6
2024.12.30	01:24:53.911	0.94053	0.94053			6
2024.12.30	01:24:54.206	0.94052	0.94052			6
2024.12.30	01:24:55.988	0.94053	0.94053			6
2024.12.30	01:24:56.296	0.94052	0.94052			6
2024.12.30	01:24:57.134	0.94053	0.94053			6
2024.12.30	01:24:57.164	0.94054	0.94054			6
2024.12.30	01:24:57.254	0.94053	0.94053			6
2024.12.30	01:24:57.855	0.94052	0.94052			6
2024.12.30	01:24:57.974	0.94051	0.94051			6
2024.12.30	01:24:58.471	0.94050	0.94050			6
2024.12.30	01:25:00.144	0.94051	0.94051			6
2024.12.30	01:25:00.399	0.94050	0.94050			6
2024.12.30	01:25:01.262	0.94051	0.94051			6
2024.12.30	01:25:01.441	0.94050	0.94050			6
2024.12.30	01:25:02.173	0.94051	0.94051			6
2024.12.30	01:25:02.449	0.94050	0.94050			6
2024.12.30	01:25:03.180	0.94051	0.94051			6
2024.12.30	01:25:03.524	0.94050	0.94050			6
2024.12.30	01:25:04.242	0.94051	0.94051			6
2024.12.30	01:25:04.341	0.94050	0.94050			6
2024.12.30	01:25:04.371	0.94051	0.94051			6
2024.12.30	01:25:04.741	0.94050	0.94050			6
2024.12.30	01:25:05.330	0.94051	0.94051			6
2024.12.30	01:25:05.600	0.94050	0.94050			6
2024.12.30	01:25:06.388	0.94051	0.94051			6
2024.12.30	01:25:06.558	0.94050	0.94050			6
2024.12.30	01:25:07.450	0.94051	0.94051			6
2024.12.30	01:25:07.653	0.94050	0.94050			6
2024.12.30	01:25:08.033	0.94051	0.94051			6
2024.12.30	01:25:08.531	0.94052	0.94052			6
2024.12.30	01:25:08.685	0.94051	0.94051			6
2024.12.30	01:25:09.600	0.94052	0.94052			6
2024.12.30	01:25:09.695	0.94051	0.94051			6
2024.12.30	01:25:10.593	0.94052	0.94052			6
2024.12.30	01:25:10.745	0.94051	0.94051			6
2024.12.30	01:25:11.663	0.94052	0.94052			6
2024.12.30	01:25:11.815	0.94051	0.94051			6
2024.12.30	01:25:12.573	0.94052	0.94052			6
2024.12.30	01:25:12.835	0.94051	0.94051			6
2024.12.30	01:25:13.725	0.94052	0.94052			6
2024.12.30	01:25:13.878	0.94051	0.94051			6
2024.12.30	01:25:14.741	0.94052	0.94052			6
2024.12.30	01:25:14.892	0.94051	0.94051			6
2024.12.30	01:25:15.742	0.94052	0.94052			6
2024.12.30	01:25:15.801	0.94053	0.94053			6
2024.12.30	01:25:15.943	0.94052	0.94052			6
2024.12.30	01:25:16.002	0.94053	0.94053			6
2024.12.30	01:25:16.032	0.94052	0.94052			6
2024.12.30	01:25:16.218	0.94051	0.94051			6
2024.12.30	01:25:16.755	0.94052	0.94052			6
2024.12.30	01:25:17.012	0.94051	0.94051			6
2024.12.30	01:25:18.243	0.94052	0.94052			6
2024.12.30	01:25:18.272	0.94053	0.94053			6
2024.12.30	01:25:18.392	0.94052	0.94052			6
2024.12.30	01:25:18.773	0.94051	0.94051			6
2024.12.30	01:25:19.233	0.94052	0.94052			6
2024.12.30	01:25:20.552	0.94054	0.94054			6
2024.12.30	01:25:20.610	0.94055	0.94055			6
2024.12.30	01:25:20.700	0.94054	0.94054			6
2024.12.30	01:25:25.914	0.94053	0.94053			6
2024.12.30	01:25:26.125	0.94054	0.94054			6
2024.12.30	01:25:26.833	0.94055	0.94055			6
2024.12.30	01:25:26.923	0.94054	0.94054			6
2024.12.30	01:25:27.012	0.94053	0.94053			6
2024.12.30	01:25:27.840	0.94054	0.94054			6
2024.12.30	01:25:27.992	0.94053	0.94053			6
2024.12.30	01:25:28.872	0.94054	0.94054			6
2024.12.30	01:25:28.998	0.94053	0.94053			6
2024.12.30	01:25:29.912	0.94054	0.94054			6
2024.12.30	01:25:30.062	0.94053	0.94053			6
2024.12.30	01:25:31.172	0.94054	0.94054			6
2024.12.30	01:25:39.028	0.94055	0.94055			6
2024.12.30	01:25:45.039	0.94056	0.94056			6
2024.12.30	01:25:45.746	0.94055	0.94055			6
2024.12.30	01:25:48.369	0.94056	0.94056			6
2024.12.30	01:25:48.399	0.94055	0.94055			6
2024.12.30	01:25:48.459	0.94057	0.94057			6
2024.12.30	01:25:50.858	0.94056	0.94056			6
2024.12.30	01:25:52.311	0.94055	0.94055			6
2024.12.30	01:25:53.059	0.94054	0.94054			6
2024.12.30	01:25:55.673	0.94053	0.94053			6
2024.12.30	01:26:01.222	0.94054	0.94054			6
2024.12.30	01:26:01.402	0.94053	0.94053			6
